1746 2774
128 121 273 178 [1460]
710 122 1194 161 ΔΗΜΟΣΘΕΝΟΎΣ

293 223 422 274 ὅραμα
452 221 554 263 τοῦτ’
587 221 747 263 ἐποιεῖθ’
783 222 804 261 ὁ
828 224 948 273 δῆμος
977 222 1094 262 αὑτοῦ
1119 222 1254 268 καλόν,
1276 219 1306 261 ὦ
1337 221 1475 274 ἄνδρες
1499 221 1617 273 Ἀθη-

253 308 271 331 2
292 294 407 336 ναῖοι,
441 290 503 330 καὶ
538 291 746 331 λυσιτελὲς
781 295 828 346 τῇ
860 289 987 329 πόλει.
1059 290 1099 329 οἵ
1130 306 1172 330 τε
1211 288 1285 341 γὰρ
1321 292 1504 343 συνεχεῖς
1539 291 1619 331 οἵδε

138 365 270 421 [1461]
293 356 669 410 παραζευγνυμείων
689 357 834 409 σφίσιν
861 355 907 406 ἐξ
931 357 1095 397 ἰδιωτῶν
1120 357 1347 398 σπουδαίων
1374 357 1436 397 καὶ
1461 357 1620 397 δικαίων

293 426 456 477 ἀνδρῶν,
501 422 818 476 εὐλαβεστέρους
857 424 996 466 αὑτοὺς
1037 428 1241 476 παρεῖχον,
1293 424 1333 463 οἵ
1371 440 1414 465 τε
1449 425 1620 478 χρηστοὶ

291 493 363 543 μὲν
398 492 503 542 ὑμῶν
543 491 604 531 καὶ
641 491 796 531 δικαίως
826 486 909 543 (ἂν)
946 490 1148 545 ἄρχοντες,
1179 490 1232 542 μὴ
1268 490 1370 532 πάνυ
1406 489 1438 530 δ’
1474 492 1555 532 οἶοί
1585 491 1619 531 τ’
1644 507 1655 513 ·

293 560 476 612 ἐνοχλεῖν
511 559 573 599 καὶ
606 557 914 610 παραγγέλλειν,
951 558 1019 598 οὐκ
1054 558 1330 609 ἀπηλαύνοντο
1367 561 1445 599 τῶν
1482 562 1637 608 τιμῶν.·

291 630 359 667 νῦν
390 628 431 666 δὲ
464 623 696 666 παντάπασι
724 624 792 665 τὸν
825 624 941 665 αὐτὸν
975 625 1135 676 τρόπον,
1171 623 1200 664 ὦ
1233 624 1370 676 ἄνδρες
1403 624 1617 674 Ἀθηναῖοι,

292 694 410 744 ὅνπερ
452 692 542 734 τοὺς
585 693 712 744 ἱερεῖς,
757 693 879 734 οὕτως
923 693 1134 733 καθίστατε
1177 692 1239 732 καὶ
1279 691 1370 734 τοὺς
1410 691 1617 745 ἄρχοντας.

294 760 378 801 εἶτα
407 758 634 810 θαυμάζετε,
667 760 825 799 ἐπειδὰν
860 760 880 798 ὁ
913 758 1004 799 δεῖν’
1039 759 1233 810 εὐδαίμων
1265 759 1327 799 καὶ
1361 759 1381 798 ὁ
1405 755 1499 799 δεῖν’
1530 760 1620 810 ὑμῖν

291 826 315 884 ᾗ
341 831 519 880 συνεχῶς
550 827 684 867 πολλὰ
714 825 948 877 λαμβάνων,
977 828 1012 866 οἱ
1042 825 1073 866 δ’
1107 825 1226 867 ἄλλοι
1258 826 1430 877 περιίητε
1458 827 1506 866 τὰ
1529 825 1618 866 τού-

252 908 271 942 3
292 911 370 935 των
397 895 526 947 ἀγαθὰ
553 894 772 944 ζηλοῦντες.
847 893 1066 934 δεινότατοι
1090 893 1166 946 γάρ
1193 893 1277 934 ἐστ’
1303 892 1531 945 ἀφελέσθαι
1548 895 1621 944 μὲν

292 961 357 1002 ὅσ’
391 963 479 1012 ὑμῖν
510 960 692 1015 ὑπάρχει,
727 961 788 1001 καὶ
825 960 968 1011 νόμους
1001 960 1090 1013 περὶ
1122 961 1272 1001 τούτων
1309 963 1447 1008 θεῖναι,
1480 960 1528 1001 ἄν
1562 976 1620 1002 τις

293 1027 553 1085 ἆστυνομήσῃ
598 1030 655 1070 δὶς
696 1024 718 1078 ἢ
761 1029 808 1068 τὰ
846 1031 1018 1074 τοιαῦτα,
1063 1032 1302 1081 στρατηγεῖν
1343 1027 1376 1067 δ’
1423 1027 1483 1068 ἀεὶ
1531 1027 1621 1069 τοὺς

293 1095 430 1137 αὐτοὺς
459 1097 543 1136 ἐᾶν.
615 1096 675 1135 καὶ
701 1094 745 1135 τὸ
772 1097 845 1146 μὲν
870 1096 960 1137 τοὺς
985 1095 1050 1136 ἐπὶ
1073 1099 1151 1136 τῶν
1175 1093 1357 1148 πράξεων
1382 1096 1499 1137 ὄντας
1523 1096 1619 1136 ἴσως

294 1163 378 1216 ἔχει
414 1163 633 1215 πρόφασιν·
669 1165 713 1202 τὸ
751 1164 792 1203 δὲ
824 1162 914 1204 τοὺς
948 1162 1108 1208 ἄλλους,
1135 1163 1172 1203 οἳ
1204 1166 1364 1203 ποιοῦσι
1392 1164 1465 1213 μὲν
1494 1161 1618 1209 οὐδέν,

293 1230 427 1284 χώραν
464 1229 496 1269 δ’
533 1229 751 1270 ἀτέλεστον
792 1229 959 1283 ἔχουσιν
1000 1229 1109 1270 αὐτοὶ
1151 1228 1443 1281 τετελεσμένοι,
1480 1230 1618 1282 μωρία.

294 1295 402 1337 ἀλλὰ
435 1295 496 1336 καὶ
528 1297 635 1347 ὑμῶν
666 1296 792 1337 αὐτῶν
821 1294 917 1346 (εἶσὶ
952 1296 983 1337 δ’
1016 1297 1084 1337 οὐκ
1110 1295 1256 1350 ὀλίγοι)
1284 1296 1506 1349 προσάγειν
1529 1294 1618 1350 χρή.

294 1363 341 1404 ἂν
372 1362 447 1415 γὰρ
477 1363 649 1415 ὡσπερεὶ
685 1364 782 1419 ζυγῷ
814 1365 963 1414 ἱστῆτε,
996 1365 1178 1416 πρόεισιν
1209 1363 1251 1406 ὃς
1279 1363 1328 1405 ἂν
1361 1363 1468 1415 ἄξιος
1498 1362 1523 1420 ᾖ
1555 1380 1622 1404 του

295 1432 392 1476 μετὰ
415 1430 520 1471 ταῦτ’
547 1431 672 1473 αὐτός.

916 1559 987 1602 Νῆ-

359 1646 418 1687 Τὸ
442 1644 528 1697 μέν,
560 1643 589 1685 ὦ
624 1644 761 1697 ἄνδρες
793 1643 1010 1695 Ἀθηναῖοι,
1045 1644 1247 1686 πεπεικόθ’
1282 1644 1420 1686 ἑαυτὸν
1453 1644 1560 1699 ἔχειν
1585 1661 1623 1685 τι

296 1712 502 1766 συμφέρον
529 1714 654 1753 εἰπεῖν
679 1713 921 1752 ἀνίστασθαι
947 1713 1010 1753 καὶ
1035 1712 1157 1753 καλὸν
1192 1712 1254 1753 καὶ
1283 1715 1485 1765 προσῆκον
1522 1711 1627 1753 εἶναί

294 1798 361 1832 μοι
392 1783 509 1826 δοκεῖ,
541 1779 586 1819 τὸ
619 1781 660 1820 δὲ
689 1778 741 1830 μὴ
779 1779 1052 1831 βουλομένους
1085 1779 1241 1820 ἀκούειν
1272 1779 1488 1831 βιάζεσθαι
1519 1795 1619 1820 παν-

294 1851 419 1889 τελῶς
449 1845 565 1900 ἔγωγ’
592 1845 763 1899 αἰσχρὸν
788 1846 957 1898 ἡγοῦμαι
986 1842 1130 1898 [εἶναι].
1203 1847 1334 1897 οἴομαι
1359 1845 1413 1893 δέ,
1443 1847 1511 1886 ἐὰν
1538 1847 1620 1886 ἐθε-

293 1913 548 1965 λήσητέμοι
584 1914 792 1954 πείθεσθαι
828 1912 1009 1965 τήμερον,
1049 1914 1112 1954 καὶ
1148 1915 1195 1954 τὰ
1231 1913 1430 1965 βέλτιστα
1466 1916 1622 1964 μᾶλλον

294 1983 393 2033 ὑμᾶς
413 1982 579 2022 ἑλέσθαι
598 1978 841 2030 δυνήσεσθαι
860 1981 923 2021 καὶ
943 1980 1032 2024 τοὺς
1051 1985 1129 2022 τῶν
1155 1981 1454 2032 ἀναβαινόντων
1479 1979 1621 2032 λόγους

1596 2043 1616 2059 ’ᾧ

253 2065 272 2089 2
294 2052 461 2102 βραχεῖς
501 2046 696 2097 ποιήσειν.
767 2048 808 2088 τί
846 2047 913 2088 οὖν
956 2048 1240 2099 συμβουλεύω;
1280 2051 1434 2100 πρῶτον
1469 2046 1554 2098 μέν,
1593 2064 1622 2085 ω

338 2169 357 2197 3
382 2156 684 2198 παραζευγνυμένων
711 2156 868 2197 Sauppe:
901 2156 1185 2198 παραζευγνύμενοι
1212 2157 1309 2188 codd.
1450 2158 1580 2189 ι’διωτῶν
1608 2164 1624 2185 r

296 2201 489 2242 (Schaefer)
507 2212 513 2231 :
537 2202 624 2233 ἰδίων
639 2205 716 2232 cett.
860 2203 919 2232 δικ.
942 2202 991 2233 καὶ
1011 2204 1122 2234 σπουδ.
1140 2211 1156 2230 r
1296 2210 1316 2240 5
1340 2200 1379 2232 ἂν
1397 2200 1472 2231 add.
1489 2199 1623 2229 Dobree

300 2256 338 2276 10
361 2246 492 2286 περΐητε
510 2244 558 2275 C:
584 2248 713 2283 περιῆτε
737 2244 834 2275 codd.
861 2244 1013 2283 plerique
1193 2254 1230 2273 12
1255 2243 1303 2276 ὅσ’
1323 2245 1360 2276 ἄν
1376 2247 1446 2283 ὑμῖν
1463 2243 1589 2284 ὑπάρχῃ
1608 2252 1624 2272 ι·

299 2290 338 2319 16
354 2289 552 2330 κατέχουσιν
565 2297 580 2317 r
623 2289 733 2328 μωρίαι
748 2287 772 2319 S
787 2288 811 2318 F
826 2287 854 2317 Y
921 2289 959 2318 18
978 2289 1109 2330 ὡσπερεὶ
1125 2287 1208 2329 ζυγῷ
1221 2289 1339 2328 scripsi
1354 2288 1416 2327 Jcs.
1430 2287 1508 2326 Lys.
1525 2297 1545 2316 x
1564 2286 1622 2316 18:

296 2333 402 2372 ὥσπερ
424 2335 452 2364 εἶ
474 2331 568 2372 ζυγὸν
591 2330 614 2361 S
635 2332 722 2371 vulg.
740 2344 745 2363 z
772 2334 878 2372 ὥσπερ
894 2334 937 2365 εἷς
955 2331 1053 2373 ζυγὸν
1070 2333 1099 2362 D
1118 2331 1245 2372 (Blass)
1364 2329 1508 2373 πρόσεισ’
1526 2329 1624 2359 ΒῙειες

296 2386 336 2413 24
362 2375 439 2408 εἶναι
457 2375 537 2405 secl.
559 2375 658 2406 Blass
719 2378 820 2415 οἴομαι
838 2376 861 2406 S
876 2375 899 2405 F
912 2386 999 2406 corr.
1013 2376 1043 2414 Q
1058 2376 1106 2406 D:
1133 2375 1218 2416 οἶμαι
1236 2375 1274 2405 F1
1364 2384 1405 2414 25
1430 2375 1591 2406 πείθεσθαι
1607 2381 1624 2403 r

297 2418 419 2459 (Wolf)v
438 2430 444 2450 :
468 2420 635 2452 πείσεσθαι
651 2424 729 2450 cett.
864 2429 903 2458 27
930 2419 1162 2460 συμβουλεύσω
1179 2419 1217 2450 S¹
