1763 2778
122 84 260 140 [1448]
702 86 1184 125 AHMOEOENOTE

285 184 386 226 εἰκὸς
423 185 733 236 ἀποβλέποντας
767 185 857 227 τοὺς
893 185 1041 227 ἄλλους
1084 185 1145 225 καὶ
1186 184 1326 227 αὐτοὺς
1365 189 1444 226 τῶν
1481 184 1609 226 αὐτῶν

283 251 492 300 τεύξεσθαι
515 253 700 303 νομίζειν.
771 252 875 293 ὥστε
900 256 961 293 δεῖ
991 253 1054 293 καὶ
1084 256 1152 292 τοῦ
1187 253 1406 303 βελτίστου
1442 253 1504 292 καὶ
1540 254 1609 302 τῆς

282 318 470 371 ὑμετέρας
511 319 638 359 αὐτῶν
680 319 794 359 ἕνεκα
837 318 952 370 δόξης
995 318 1231 365 σπουδάσαι,
1274 320 1380 362 ὅπως
1421 319 1500 370 ἅμα
1547 319 1609 359 καὶ

243 405 263 430 2
285 386 541 439 συμφέροντα
578 387 641 426 καὶ
677 386 805 426 δίκαια
841 385 1410 439 φανήσεσθε-βουλευόμενοι.
1479 386 1502 437 ἡ
1537 388 1609 437 μὲν

283 453 351 493 οὖν
389 452 490 506 ἀρχὴ
529 456 608 494 τῶν
646 453 832 493 τοιούτων
873 452 1115 505 πραγμάτων
1156 452 1342 494 ἁπάντων
1381 453 1494 493 ἐστὶν
1531 456 1609 493 τῶν
1630 466 1647 497 5

285 523 531 572 στρατηγῶν·
565 521 618 560 ὧν
648 521 684 561 οἱ
717 523 902 561 πλεῖστοι
934 524 1012 560 τῶν
1045 519 1136 572 παρ’
1161 521 1268 571 ὑμῶν
1293 521 1541 561 ἐκπλεόντων
1564 519 1611 560 οὗ

283 586 372 627 τοὺς
413 586 622 639 ὑμετέρους
660 587 815 639 φίλους,
855 587 921 628 οὓς
958 589 1021 627 διὰ
1060 587 1206 629 παντὸς
1243 591 1311 627 τοῦ
1350 587 1496 640 χρόνου
1532 591 1610 627 τῶν

285 653 411 694 αὐτῶν
438 655 625 694 κινδύνων
649 655 948 707 μετεσχηκότας
972 653 1284 707 παρειλήφασιν,
1311 655 1470 696 τούτους
1500 657 1611 706 θερα-

284 721 417 762 πεύειν
443 722 592 762 οἴονται
614 724 708 767 δεῖν,
730 720 824 761 ἀλλ’
844 722 964 763 ἰδίους
988 723 1132 774 φίλους
1157 722 1324 763 ἕκαστος
1349 723 1472 776 ἑαυτῷ
1493 738 1610 761 κατα-

285 787 485 830 σκευάσας
521 790 620 839 ὑμᾶς
661 787 767 839 ἀξιοῖ
801 789 892 831 τοὺς
930 790 1057 829 αὑτῶν
1097 789 1266 830 κόλακας
1305 789 1367 829 καὶ
1403 788 1612 840 ὑμετέρους
1636 804 1672 826 10

245 878 264 911 3
285 856 468 908 ἡγεῖσθαι
493 856 651 908 φίλους·
677 855 722 896 οὗ
747 858 824 896 πᾶν
849 857 936 896 ἐστι
956 855 1196 897 τούναντίον.
1268 856 1356 896 οὔτε
1375 857 1450 908 γὰρ
1472 857 1610 909 ἐχθρο-

284 921 418 975 τέρους
443 922 525 963 οὔτ’
549 923 784 975 ἀναγκαίους
807 925 963 974 μᾶλλον
989 923 1155 977 ἐχθροὺς
1186 922 1235 963 ἂν
1266 923 1415 964 τούτων
1452 924 1611 975 εὕροιτε.

286 991 368 1044 ὅσῳ
416 992 492 1042 γὰρ
531 990 657 1031 πλείω
698 991 1033 1043 παρακρουόμενοι
1074 993 1396 1036 πλεονεκτοῦσιν,
1435 990 1612 1044 τοσούτῳ

285 1057 482 1098 πλειόνων
523 1057 703 1109 ὀφείλειν
740 1057 928 1109 ἡγοῦνται
966 1058 1076 1108 δίκην
1114 1060 1260 1098 δοῦναι·
1332 1057 1458 1099 οὐδεὶς
1494 1056 1527 1097 δ’
1564 1057 1612 1097 ἂν

122 1118 263 1175 [1449]
286 1120 430 1177 γένοιτ’
478 1124 612 1167 εὔνους
658 1125 810 1166 τούτοις
848 1124 919 1177 ὑφ’
960 1125 1016 1165 ῶν
1056 1124 1104 1165 ἄν
1150 1141 1186 1165 τι
1237 1123 1354 1165 κακὸν
1401 1125 1616 1165 πείσεσθαι
1637 1143 1673 1174 15

284 1191 498 1245 προσδοκᾷ.
568 1195 636 1232 τοῦ
672 1194 745 1243 μὲν
782 1191 850 1232 οὗν
894 1195 1126 1243 κατηγορεῖν
1163 1193 1263 1233 ἴσως
1305 1191 1379 1245 οὐχ
1417 1192 1437 1231 ὁ
1478 1192 1614 1243 παρὼν

286 1258 430 1310 καιρός·
488 1259 512 1298 ὃ.
537 1257 570 1299 δ’
593 1258 762 1311 ἡγοῦμαι
789 1259 1007 1312 συμφέρειν
1030 1260 1134 1310 ὑμῖν,
1161 1262 1281 1299 ταῦτα
1307 1259 1613 1310 συμβουλεύσω.

916 1394 995 1431 ΜΛ

354 1473 508 1522 Οὐδέν’,
547 1472 576 1515 ὦ
613 1474 750 1527 ἄνδρες
785 1473 1002 1525 Ἀθηναῖοι,
1039 1478 1116 1515 τῶν
1153 1473 1311 1516 πάντων
1346 1476 1454 1527 ὑμῶν
1492 1476 1615 1518 οὕτως

287 1543 418 1592 οἴομαι
454 1543 642 1583 κακόνουν
680 1542 780 1583 εἶναι
814 1547 862 1598 τῇ
895 1542 1012 1583 πόλει
1041 1542 1146 1582 ὥστε
1177 1542 1228 1593 μὴ
1254 1546 1441 1596 χαλεπῶς
1477 1542 1612 1596 φέρειν
1633 1560 1674 1582 20

285 1611 383 1660 μηδὲ
418 1612 631 1650 λυπεῖσθαι
659 1612 740 1651 τοῖς
772 1608 1064 1662 γεγενημένοις.
1135 1610 1168 1649 εἰ
1199 1611 1272 1660 μὲν
1300 1611 1432 1650 τοίνυν
1465 1611 1611 1662 ἀγανα-

288 1680 474 1719 κτοῦντας
503 1675 550 1726 ἦν
583 1675 781 1725 ἄπρακτόν
816 1693 853 1716 τι
886 1678 1051 1727 ποιῆσαι
1081 1677 1242 1722 τούτων,
1274 1676 1376 1717 τοῦτ’
1410 1677 1458 1717 ἂν
1488 1676 1614 1729 ἔγωγε

288 1741 484 1800 παρῄνουν
508 1745 599 1794 ὑμῖν
623 1743 786 1783 ἅπασιν·
813 1743 947 1794 ἐπειδὴ
973 1745 1015 1784 δὲ
1043 1746 1164 1783 ταῦτα
1194 1745 1266 1794 μὲν
1299 1744 1367 1784 οὐκ
1400 1743 1449 1785 ἂν
1480 1744 1614 1785 ἄλλως

288 1809 387 1863 ἔχοι,
414 1812 475 1851 δεῖ
496 1809 529 1850 δ’
554 1811 650 1862 ὑπὲρ
678 1814 756 1850 τῶν
785 1814 938 1851 λοιπῶν
971 1812 1236 1862 προνοηθῆναι
1268 1812 1373 1852 ὅπως
1406 1810 1458 1862 μὴ
1494 1810 1616 1850 ταύτὰ

287 1877 492 1923 πείσεσθε,
536 1877 683 1929 ὥσπερ,
725 1875 754 1917 ὦ
794 1876 931 1929 ἄνδρες
973 1876 1191 1927 Ἀθηναῖοι,
1231 1881 1300 1918 νῦν
1342 1877 1616 1930 γεγενημένων
1638 1896 1674 1926 25

289 1944 557 1996 ἀγανακτεῖτε,
585 1946 685 1985 οὕτω
711 1944 786 1998 χρὴ
810 1944 1035 1985 σπουδάσαι
1059 1946 1156 1997 ὑπὲρ
1181 1948 1249 1985 τοῦ
1271 1945 1324 1996 μὴ
1349 1945 1471 1986 πάλιν
1496 1945 1616 1985 ταύτὰ

289 2014 504 2062 συμβῆναι,
550 2013 611 2052 καὶ
654 2012 825 2062 νομίζειν
866 2010 1000 2063 μηδέν’
1043 2013 1151 2065 ἔχειν
1198 2012 1321 2064 λόγον
1369 2014 1493 2053 εἰπεῖν
1539 2015 1617 2052 τῶν

333 2131 347 2151 1
374 2122 448 2154 τοὺς
472 2121 593 2154 ἄλλους
618 2121 770 2161 Svulg.:
795 2125 861 2154 τῶν
884 2122 994 2154 ἄλλων
1018 2132 1034 2152 r
1122 2123 1173 2154 καὶ
1198 2124 1312 2155 αὑτοὺς
1332 2122 1450 2153 Wolf:
1475 2122 1525 2154 καὶ
1544 2122 1616 2154 τοὺς

288 2164 312 2196 S
326 2164 416 2203 vulg.
432 2176 438 2196 t
464 2166 515 2197 καὶ
533 2165 688 2198 ἑκάστους
705 2165 736 2204 Q
749 2178 800 2206 γρ.
818 2177 825 2196 :
851 2166 1006 2199 ἑκάστους
1023 2176 1039 2196 r
1142 2176 1161 2196 2
1184 2166 1377 2206 vovSvulg.
1394 2177 1401 2197 z
1425 2168 1482 2198 τοῦ
1495 2166 1617 2198 τούτοις

288 2219 325 2247 r;
348 2208 403 2238 vel
420 2208 545 2241 τούτοις
560 2209 613 2239 vel
631 2211 721 2251 κοινῇ
738 2210 897 2240 desidero
1009 2210 1030 2240 8
1054 2209 1188 2242 τούτους
1200 2211 1382 2250 θεραπεύειν
1395 2220 1412 2240 ι·
1431 2209 1593 2250 (Dobree)
1610 2220 1619 2240 ε

290 2252 470 2293 θεραπεύειν
507 2253 637 2285 τούτους
676 2258 754 2284 cett.
933 2264 954 2292 9
977 2253 1063 2284 ἀλλὰ
1101 2255 1151 2285 καὶ
1190 2255 1308 2285 codd.:
1334 2255 1384 2285 καὶ
1424 2253 1486 2285 del.
1522 2252 1616 2284 Turr.

294 2305 331 2333 14
348 2295 503 2328 πλειόνων
521 2295 687 2327 Dindors:
711 2295 854 2328 πλεόνων
867 2295 898 2326 Y
910 2296 936 2327 C
951 2308 957 2327 τ
981 2296 1081 2328 πλέον
1096 2303 1176 2327 cett.
1273 2297 1386 2338 ὄφλειν
1403 2297 1511 2336 codd.,
1532 2306 1615 2327 corr.

292 2338 457 2370 Schaeser
596 2350 638 2378 24
659 2345 692 2371 et
708 2341 750 2370 26
773 2341 875 2372 ταύτὰ
889 2340 912 2371 S
928 2351 934 2370 :
953 2343 1057 2372 ταῦτα
1073 2340 1161 2380 vulg.
1308 2350 1348 2379 25
1373 2339 1444 2381 νῦν]
1467 2341 1535 2382 περὶ
1555 2343 1620 2372 τῶν

291 2385 346 2415 νῦν
367 2382 524 2425 τΒΡγρ.
537 2382 642 2425 Ωγρ.,
668 2383 708 2414 cf.
734 2383 816 2415 Plat.
838 2383 902 2424 Ep.
922 2384 967 2414 vii
985 2393 1080 2424 349⁰
1214 2394 1255 2423 27
1280 2383 1416 2424 νομίζειν
1429 2394 1495 2415 om.
1513 2393 1529 2414 r
