1763 2778
110 132 250 188 [1239]
673 122 1201 180 [ΔΙΙΜΟΣΘΕΝΟὙΣ]
1532 122 1596 178 [Lu

271 227 349 281 μή),
378 230 476 270 οὕτω
500 229 634 281 μέντοι
659 229 765 271 ὅπως
788 228 902 270 αὐτός
932 245 973 269 τε
1004 227 1056 279 μὴ
1090 229 1236 281 χείρων
1266 225 1366 277 δόξω
1398 226 1497 267 εἶναι
1534 227 1596 268 καὶ

273 299 314 337 ἐκ
339 301 406 337 τοῦ
431 296 660 349 πράγματος
686 298 809 348 μηδὲν
839 295 1095 347 ζημιώσομαι.
1165 296 1290 334 εἰπεῖν
1318 296 1390 345 μὲν
1427 294 1494 334 οὖν
1528 311 1595 345 μοι

273 368 394 405 ταῦτα
417 363 514 416 πρὸς
538 363 604 403 τὸν
630 362 900 416 Ἀρχεβιάδην
929 363 992 403 καὶ
1024 361 1092 402 τὸν
1116 360 1376 413 Ἀριστόνουν
1409 362 1472 402 καὶ
1497 365 1595 413 πρὸς

274 430 391 471 αὐτὸν
424 433 467 472 δὲ
498 434 565 471 τὸν
600 429 855 481 Κηφισιάδην
889 429 1002 471 οὐδὲν
1034 428 1226 480 διαφέρει·
1266 429 1335 468 ἐὰν
1369 427 1505 479 μέντοι
1541 428 1593 479 μὴ

275 498 438 538 ’θέλωσι
472 501 592 538 ταῦτα
626 501 754 538 ποιεῖν
788 497 967 539 εἰπόντος
1005 497 1111 547 ἐμοῦ,
1152 495 1266 538 αὐτὸς
1301 495 1374 546 ἤδη
1410 495 1595 548 διαλέγου
1615 510 1633 541 5

272 564 429 607 αὐτοῖς.’
502 564 694 616 ’ἀμέλει,’
720 564 796 616 ἔφη
829 564 954 610 οὗτος,
985 562 1032 604 ’ὦ
1065 563 1243 609 Πασίων,
1271 564 1339 603 ἐὰν
1367 563 1499 619 βούλῃ
1530 563 1593 609 σύ,

272 632 511 685 ἀναγκάσεις
536 632 674 673 αὐτοὺς
697 635 819 671 ταῦτα
844 630 1038 682 ποιῆσαι.’

210 717 250 742 12
331 698 382 739 *A
407 701 480 751 μὲν
505 698 704 752 διελέχθη,
732 697 761 739 ὦ
786 698 924 750 ἄνδρες
947 698 1143 743 δικασταί,
1164 697 1277 739 οὗτος
1299 699 1372 748 μὲν
1396 697 1448 752 τῷ
1464 698 1593 749 πατρί,

272 768 418 808 ἐκεῖνος
456 769 497 807 δὲ
533 770 584 820 τῷ
615 764 862 822 Ἀρχεβιάδῃ
901 766 961 806 καὶ
997 768 1050 820 τῷ
1085 763 1317 821 Κηφισιάδῃ
1345 764 1595 814 τούτοῠδεη-

271 833 406 876 θέντος
445 834 506 873 καὶ
542 834 666 888 τούτῳ
705 833 974 887 χαριζόμενος,
1012 831 1118 873 ταῦτ’
1156 833 1281 879 ἔστιν,
1317 830 1364 882 ἐξ
1400 832 1456 871 ὧν
1498 833 1596 872 κατὰ

269 901 406 952 μικρὸν
448 901 470 952 ἡ
510 902 594 950 δίκη
639 901 734 951 αὕτη
777 900 1019 941 πέπλασται·
1073 900 1128 940 ὧν
1165 899 1243 951 ἐγὼ
1285 897 1432 949 ἤθελον
1472 898 1595 953 τούτῳ

269 968 415 1018 ταύτην
453 967 539 1018 ἥτις
583 969 640 1018 εἴη
677 968 846 1019 μεγίστη
887 967 1021 1008 πίστις
1060 969 1206 1012 δοῦναι,
1243 964 1267 1016 ἦ
1302 964 1380 1017 μὴν
1416 966 1494 1017 ἐγὼ
1530 969 1598 1006 τοῦ

210 1050 250 1085 13
270 1033 415 1087 πατρὸς
448 1035 615 1076 ἀκούειν.
687 1035 800 1076 οὗτος
825 1037 867 1075 δὲ
893 1035 913 1073 6
939 1033 1060 1084 ἀξιῶν
1090 1033 1159 1086 ὑφ’
1195 1033 1302 1083 ὑμῶν
1339 1032 1598 1073 πιστεύεσθαι

270 1101 321 1143 ὡς
357 1103 484 1152 ἀληθῆ
521 1101 665 1154 λέγων,
702 1103 791 1153 τρία
827 1101 893 1152 ἔτη
943 1101 1136 1142 διαλιπὼν
1180 1099 1313 1150 ἐπειδὴ
1355 1099 1399 1140 τὸ
1441 1104 1597 1151 πρῶτον

269 1168 550 1222 διαλεχθέντος
584 1172 655 1208 τοῦ
689 1168 836 1220 πατρὸς
872 1172 926 1223 τῷ
963 1167 1210 1224 Ἀρχεβιάδῃ
1247 1166 1310 1207 καὶ
1344 1170 1426 1209 τοῖς
1458 1166 1598 1209 ἄλλοις

268 1240 350 1277 τοῖς
376 1235 629 1289 Κηφισιάδου
654 1236 887 1286 ἐπιτηδείοις
913 1234 981 1275 οὐκ
1011 1235 1170 1287 ἔφασαν
1200 1235 1425 1288 Καλλίππῳ
1455 1233 1598 1286 προσέ-

209 1320 249 1353 14
269 1320 357 1357 χειν
381 1302 450 1343 τὸν
475 1307 566 1343 νοῦν
591 1303 680 1343 οὐδὲ
707 1303 764 1345 οἷς
792 1302 917 1355 λέγει,
946 1302 1080 1353 ἐπειδὴ
1113 1301 1262 1359 ᾔσθετο
1295 1299 1493 1343 ἀδυνάτως
1525 1301 1596 1351 ἤδη

269 1369 414 1423 ἔχοντα
438 1370 507 1410 τὸν
531 1369 680 1422 πατέρα
707 1370 769 1410 καὶ
794 1370 908 1422 μόγις
935 1371 990 1412 εἰς
1014 1369 1117 1410 ἄστυ
1147 1369 1418 1420 ἀναβαίνοντα
1443 1369 1505 1408 καὶ
1529 1367 1598 1408 τὸν

112 1435 247 1489 [1240]
269 1436 480 1489 ὀφθαλμὸν
517 1437 635 1478 αὐτὸν
671 1438 920 1489 προδιδόντα,
955 1436 1153 1491 λαγχάνει
1187 1436 1290 1490 αὐτῷ
1323 1436 1447 1486 δίκην,
1473 1435 1520 1475 οὐ
1543 1437 1598 1487 μὰ

272 1502 338 1544 Δί’
375 1503 449 1557 οὐχ
486 1504 620 1556 ὥσπερ
662 1508 731 1544 νῦν
773 1504 970 1556 ἀργυρίου,
1011 1503 1119 1544 ἀλλὰ
1155 1503 1332 1555 βλάβης,
1374 1502 1598 1555 ἐγκαλέσας

268 1569 469 1621 βλάπτειν
511 1571 647 1612 ἑαυτὸν
690 1571 928 1612 ἀποδιδόντα
972 1570 1206 1627 Κηφισιάδῃ
1247 1570 1292 1610 τὸ
1334 1570 1532 1622 ἀργύριον,
1577 1569 1598 1610 ὃ

270 1636 458 1679 κατέλιπε
482 1638 622 1679 Λύκων
646 1639 666 1677 6
691 1638 973 1688 Ηρακλεώτης
993 1638 1084 1690 παρ’
1106 1638 1222 1692 αὐτῷ,
1244 1636 1292 1678 ἄν
1296 1654 1337 1678 ευ
1361 1638 1479 1677 αὑτοῦ
1504 1638 1595 1688 ὁμο-

268 1703 505 1757 λογήσαντα
527 1722 580 1756 μη
606 1706 660 1746 ἇπ
663 1706 844 1746 οδώσειν.
897 1706 1036 1759 λαχὼν
1062 1707 1104 1746 δὲ
1129 1706 1235 1757 παρὰ
1259 1706 1331 1756 μὲν
1355 1707 1422 1744 τοῦ
1447 1706 1595 1754 διαιτη-

269 1775 337 1812 τοῦ
369 1773 548 1813 ἀνείλετο
580 1771 624 1812 τὸ
657 1775 938 1824 γραμματεῖον,
971 1771 1275 1824 προύκαλέσατο
1306 1771 1337 1811 δ’
1364 1770 1480 1811 αὐτὸν
1511 1772 1594 1812 ε’πι-

268 1837 415 1891 τρέψαι
444 1841 672 1895 Λυσιθείδῃ,
699 1840 816 1879 αὑτοῦ
839 1841 912 1890 μὲν
937 1840 1000 1880 καὶ
1026 1838 1278 1891 Ἰσοκράτους
1303 1838 1366 1879 καὶ
1390 1837 1597 1891 Ἀφαρέως

206 1919 246 1956 15
270 1906 422 1960 ἑταίρῳ,
467 1906 648 1961 γνωρίμῳ
692 1908 734 1947 δὲ
775 1910 843 1946 τοῦ
885 1906 1046 1959 πατρός.
1117 1905 1404 1959 ἐπιτρέψαντος
1446 1908 1488 1946 δὲ
1529 1907 1598 1945 τοῦ

269 1973 427 2024 πατρός,
455 1972 500 2013 ὃν
528 1975 601 2024 μὲν
630 1974 776 2027 χρόνον
806 1973 870 2023 ἔζη
902 1973 922 2013 ὁ
955 1972 1094 2025 πατήρ,
1130 1974 1234 2024 ὅμως
1271 1974 1409 2024 καίπερ
1445 1973 1597 2014 οἰκείως

269 2039 373 2092 ἔχων
397 2039 548 2080 τούτοις
575 2041 595 2079 ὁ
621 2042 859 2091 Λυσιθείδης
883 2040 952 2081 οὐκ
978 2041 1126 2092 ἐτόλμα
1156 2041 1268 2080 οὐδὲν
1295 2041 1349 2082 εἷς
1379 2040 1479 2090 ἡμᾶς
1503 2038 1597 2090 ἐξα-

266 2105 491 2158 μαρτάνειν.
553 2108 676 2147 καίτοι
700 2108 801 2147 οὕτω
825 2109 930 2150 τινὲς
959 2108 1218 2162 ἀναίσχυντοι
1243 2111 1321 2147 τῶν
1345 2107 1499 2147 οἰκείων
1517 2110 1596 2146 τῶν

1619 848 1657 871 10

1619 1524 1658 1546 20

1619 1857 1657 1889 25

265 2174 432 2220 τουτουί,
467 2174 573 2214 ὥστε
607 2175 835 2226 ἐτόλμησαν
865 2177 1112 2227 μαρτυρῆσαι
1137 2174 1188 2217 ὡς
1213 2174 1233 2214 ὁ
1255 2176 1328 2226 μὲν
1354 2166 1593 2214 Κάλλιππος
1615 2189 1655 2221 30

319 2293 331 2313 1
361 2284 443 2316 ὅπως
463 2283 648 2315 Schaefer:
673 2285 754 2317 ὅπως
770 2285 810 2316 ἂν
825 2285 922 2316 codd.
1042 2286 1064 2315 6
1087 2291 1179 2325 αμελι
1198 2284 1222 2315 S
1311 2283 1350 2324 ὦ]
1375 2286 1392 2316 ὁ
1409 2283 1460 2321 8¹,
1479 2284 1520 2315 cs.
1541 2287 1556 2321 ξ
1574 2285 1595 2315 8

269 2326 382 2363 βούλει
401 2328 424 2358 S
437 2328 480 2359 al.
616 2329 635 2357 8
658 2328 717 2368 μὲν
735 2328 759 2359 S
775 2339 781 2359 ε
805 2328 864 2367 μὲν
881 2328 936 2360 οὖν
952 2333 1029 2360 cett.
1146 2337 1184 2367 13
1201 2328 1318 2368 πατρὸς
1333 2322 1462 2370 (αὐτὸς)
1483 2327 1597 2358 Naber

272 2379 310 2407 14
328 2373 498 2403 διαλειπων
514 2371 538 2402 S
633 2381 668 2410 17
687 2372 758 2403 οὐδὲ
775 2372 908 2402 Dobree
921 2372 1120 2410 (praeeunte
1132 2371 1276 2409 Wolfio)
1292 2382 1299 2401 t
1317 2371 1407 2403 οὐδὲν
1419 2371 1443 2402 S
1459 2382 1466 2401 :
1483 2373 1548 2403 οὐδ’
1562 2373 1596 2403 ἐν

268 2412 295 2443 F
309 2413 339 2452 Q
359 2415 388 2444 D
465 2416 573 2453 ἐπειδὴ
591 2414 637 2445 S:
663 2416 772 2453 ἐπειδὴ
789 2415 822 2446 δὲ
840 2415 865 2445 F
879 2415 909 2453 Q
928 2415 958 2445 D
1059 2425 1097 2444 21
1118 2414 1279 2446 ἀποδόντα
1295 2414 1395 2444 Blass
1411 2414 1486 2445 coll.
1505 2415 1536 2444 lv
1556 2424 1594 2445 12

269 2458 312 2488 26
328 2459 461 2500 ἑταίρων
477 2457 502 2488 S
591 2469 633 2498 29
657 2465 733 2498 post
751 2460 960 2499 ἀναίσχυντοι
978 2458 1053 2488 add.
1073 2459 1134 2490 εἶσι
1151 2458 1240 2497 vulg.
1257 2469 1265 2489 ς
1289 2468 1353 2489 om.
1373 2457 1397 2488 S
1414 2457 1507 2488 solus
