1746 2774
134 113 274 172 [1454]
735 120 1221 159 Δι-ΙΜΟΣΘΕΝΟΎΣ

261 232 280 256 2
299 234 384 269 ρειν
404 217 646 270 ἡγουμένους
669 218 815 272 βραχέ’
841 220 965 259 εἰπεῖν
993 219 1205 270 βούλομαι.
1275 219 1328 272 μὴ
1353 219 1530 262 ’θέλουσι
1554 224 1628 273 μὲν

301 285 370 326 οὖν
393 286 550 327 ἀκούειν
574 286 644 326 οὐκ
668 286 726 327 ἔνι
751 285 876 336 δήπου
899 289 1052 337 μαθεῖν,
1074 287 1186 328 οὐδὲν
1204 285 1402 339 μᾶλλονῆ
1423 292 1628 330 σιωπῶσιν

299 352 466 403 μηδενὸς
490 353 694 406 λέγοντος·
721 353 942 394 ἀκούσασιν
968 356 1008 395 δὲ
1029 357 1137 395 δυοῖν
1156 355 1321 407 ἀγαθοῖν
1342 355 1410 395 οὐκ
1433 355 1493 397 ἔνι
1513 356 1624 397 θατέ-

301 437 370 471 ρου
393 423 631 472 διαμαρτεῖν.
702 417 726 470 ἢ
750 422 824 473 γαρ
851 421 1083 464 πεισθέντες
1109 421 1255 464 πάντες
1285 422 1347 462 καὶ
1372 422 1479 463 ταῦτ’
1504 425 1625 475 ἐγνω-

303 487 412 529 κότες
449 488 672 540 κοινότερον
705 488 997 539 βουλεύσεσθε,
1036 489 1080 529 οὗ
1115 490 1251 540 μεῖζον
1289 491 1344 532 εἷς
1381 491 1428 530 τὰ
1468 490 1628 542 παρόντ’
1647 504 1665 536 5

301 554 412 595 οὐδὲν
449 554 497 595 ἂν
533 553 678 607 γένοιτ’
712 555 876 607 ἀγαθόν,
912 551 937 606 ἢ
972 556 1024 608 μὴ
1065 555 1296 608 δυνηθέντος
1333 560 1401 597 τοῦ
1439 557 1629 609 λέγοντος

260 637 281 672 3
302 619 454 671 διδάξαι
482 622 748 673 βεβαιότερον
775 626 856 664 τοῖς
890 623 1155 675 ἐγνωσμένοις
1188 624 1436 665 πιστεύσετε.
1507 626 1627 678 χωρὶς

301 691 342 730 δὲ
365 688 514 729 τούτων
539 689 627 730 οὐδὲ
654 689 778 739 καλὴν
803 691 981 742 ὑποψίαν
1001 692 1085 744 ἔχει
1103 691 1212 742 ἥκειν
1231 693 1304 742 μὲν
1324 693 1378 734 εἰς
1397 691 1466 742 τὴν
1487 693 1627 743 ἐκκλη-

301 756 394 797 σίαν
420 755 471 799 ὡς
495 756 538 797 ἐκ
566 760 645 797 τῶν
671 756 956 809 ῥηθησομένων
992 758 1036 799 τὸ
1074 758 1284 811 κράτιστον
1321 760 1488 800 ἑλέσθαι
1522 758 1625 806 δέον,

142 821 278 876 [1455]
301 825 475 875 φανῆναι
499 822 556 871 δέ,
583 824 675 876 πρὶν
701 825 744 864 ἐκ
767 828 846 865 τῶν
870 825 1005 878 λόγων
1029 825 1253 877 δοκιμάσαι,
1276 824 1366 878 παρ’
1384 827 1476 877 ὑμῖν
1494 826 1628 869 αὐτοῖς
1651 842 1691 864 ιο

301 907 337 930 τι
363 890 664 942 πεπεισμένους,
693 891 757 933 καὶ
778 891 885 932 τοῦθ’
911 894 1032 935 οὕτως
1059 893 1223 947 ἰσχυρὸν
1243 890 1347 934 ὥστε
1363 891 1453 945 μηδ’
1473 893 1629 935 ἐθέλειν

302 959 406 1011 παρὰ
429 957 535 998 ταῦτ’
561 959 728 1000 ἀκούειν.

926 1070 1010 1106 ΜΗ

362 1148 482 1192 Ἴσως
520 1151 706 1204 ὀχληρός,
747 1148 777 1192 ὦ
814 1150 952 1202 ἄνδρες
989 1149 1205 1201 Ἀθηναῖοι,
1244 1153 1350 1193 τισὶν
1387 1153 1494 1203 ὑμῶν
1529 1152 1630 1194 εἶναι

301 1220 416 1264 δοκῶ,
459 1217 654 1259 πολλάκις
692 1217 826 1270 λέγων
866 1218 956 1270 περὶ
996 1223 1074 1259 τῶν
1113 1218 1239 1260 αὐτῶν
1282 1220 1355 1260 ἀεί.
1426 1219 1517 1260 ἀλλ’
1558 1221 1629 1261 ἐὰν
1653 1232 1688 1264 ¹5

302 1285 424 1336 ὀρθῶς
451 1287 638 1335 σκοπῆτε,
661 1285 729 1326 οὐκ
749 1286 827 1337 ἐγὼ
849 1283 1082 1338 φανήσομαι
1105 1286 1244 1327 τούτου
1269 1288 1415 1330 δίκαιος
1440 1286 1495 1329 ὢν
1518 1287 1628 1341 ἔχειν

303 1351 373 1402 τὴν
399 1353 540 1398 αἰτίαν,
568 1351 661 1392 ἀλλ’
686 1354 724 1394 οἱ
746 1352 801 1404 μὴ
825 1353 1054 1404 πειθόμενοι
1076 1356 1158 1395 τοῖς
1185 1354 1385 1406 ὑμετέροις
1408 1356 1626 1407 ψηφίσμα-

303 1436 383 1460 σιν.
453 1420 487 1460 εἰ
513 1421 588 1472 γαρ
612 1421 757 1460 ἐκεῖνοι
779 1419 824 1460 τὸ
848 1424 1003 1472 πρῶτον
1029 1421 1222 1471 ἐποίησαν
1248 1422 1272 1461 ἃ
1295 1423 1403 1472 ὑμεῖς
1429 1420 1624 1473 προσετά-

303 1485 407 1536 ξατε,
445 1486 558 1529 οὐδὲν
594 1486 642 1527 ἂν
677 1487 721 1527 τὸ
758 1488 938 1539 δεύτερον
972 1488 1072 1539 ἡμᾶς
1108 1488 1189 1529 ἔδει
1221 1488 1370 1541 λέγειν,
1400 1488 1482 1529 οὐδ’
1515 1490 1549 1530 εἶ
1584 1488 1629 1529 τὸ

302 1554 496 1606 δεύτερον,
519 1554 641 1596 αὖθις.
705 1558 773 1596 νῦν
794 1554 828 1595 δ’
847 1556 930 1610 ὅσῳ
950 1555 1160 1597 πλεονάκις
1180 1557 1227 1596 τὰ
1248 1554 1485 1608 προσήκονθ’
1512 1553 1628 1609 [ὑμῖν]
1650 1567 1690 1588 ²0

302 1622 412 1672 ὑμεῖς
449 1622 728 1674 ἐψηφίσασθε,
772 1623 949 1677 τοσούτῳ
991 1640 1058 1674 μοι
1099 1626 1285 1664 δοκοῦσιν
1325 1623 1444 1674 ἧττον
1485 1624 1628 1665 ἐκεῖνοι

261 1714 281 1739 2
302 1687 623 1739 παρεσκευάσθαι
656 1692 793 1730 ποιεῖν.
864 1690 1054 1742 πρότερον
1081 1692 1155 1742 μὲν
1184 1690 1251 1731 οὖν
1288 1690 1414 1743 ἔγωγε
1447 1693 1503 1742 μὰ
1536 1691 1628 1734 τοὺς

302 1755 414 1797 θεοὺς
449 1755 517 1795 οὐκ
552 1755 660 1811 ᾔδειν
695 1755 794 1808 πρὸς
827 1757 870 1798 τί
900 1757 988 1798 ποτ’
1025 1759 1082 1810 εἴη
1119 1757 1223 1798 τοῦτ’
1261 1757 1465 1811 εἰρημένον
1500 1758 1628 1812 “ἀρχῆ

301 1822 425 1874 ἄνδρα
448 1821 674 1864 δείκνυσιν·’
696 1827 765 1864 νῦν
790 1825 831 1864 δὲ
862 1823 934 1865 κᾶν
962 1824 1089 1865 ἄλλον
1121 1842 1188 1875 μοι
1220 1828 1319 1866 δοκῶ
1357 1824 1521 1877 διδάξαι.
1590 1827 1628 1867 οἱ

301 1890 376 1942 γὰρ
401 1889 590 1944 ἄρχοντες
614 1886 638 1941 ἢ
662 1892 765 1933 τινὲς
789 1890 929 1941 αὐτῶν,
958 1893 1021 1933 ἵνα
1048 1891 1102 1944 μὴ
1133 1892 1283 1935 πάντας
1305 1892 1427 1945 λέγω,
1453 1896 1532 1933 τῶν
1554 1895 1627 1944 μὲν
1650 1904 1688 1935 25

302 1956 498 2009 ὑμετέρων
522 1957 800 2009 ψηφισμάτων
829 1959 921 2000 ἀλλ’
948 1959 1036 2000 οὐδὲ
1065 1959 1110 2001 τὸ
1133 1961 1369 2013 μικρότατον
1395 1960 1625 2012 φροντίζου-

304 2040 383 2070 σιν,
404 2025 511 2067 ὅπως
535 2027 577 2065 δὲ
594 2024 809 2077 λήψονται.
872 2028 995 2079 εἰμὲν
1020 2028 1087 2068 οὗν
1111 2029 1203 2078 ἐνῆν
1229 2031 1375 2074 δοῦναι,
1396 2028 1554 2069 δικαίως
1578 2026 1627 2068 ἂν

303 2090 397 2131 αὐτὸ
427 2092 545 2132 τοῦτό
577 2092 648 2143 μοί
679 2110 737 2134 τις
766 2093 1002 2145 ἐπέπληξεν,
1029 2096 1062 2136 εἰ
1091 2094 1155 2136 διὰ
1177 2094 1315 2147 μικρὸν
1340 2093 1517 2146 ἀνάλωμ’
1541 2095 1627 2135 ἐνο-

302 2162 420 2211 χλεῖν
452 2160 544 2210 ὑμῖν
579 2158 766 2215 ᾑρούμην·
797 2165 867 2203 νῦν
900 2161 933 2202 δ’
962 2161 1030 2202 οὐκ
1059 2162 1130 2210 ἔνι,
1157 2161 1330 2215 καθάπερ
1357 2161 1446 2204 οὐδὲ
1468 2161 1628 2204 τούτους

350 2278 363 2298 Ι
391 2268 597 2310 ἡγουμένουςῖ
619 2270 780 2310 οἷομένους
795 2281 812 2302 r
936 2284 955 2311 4
979 2274 1029 2304 καὶ
1047 2273 1072 2303 F
1085 2282 1174 2304 corr.
1191 2284 1196 2303 :
1223 2282 1288 2303 om.
1301 2276 1382 2303 cett.
1508 2281 1527 2310 5
1552 2275 1627 2308 βου-

302 2311 435 2343 λεύεσθε
453 2311 476 2343 5
490 2312 527 2342 F¹
542 2312 571 2350 Q
583 2314 614 2344 Y
627 2315 654 2345 C
787 2317 807 2346 6
830 2315 1014 2353 δυνηθέντες
1032 2316 1071 2348 Sl
1223 2326 1235 2347 1
1247 2326 1257 2346 1
1285 2317 1425 2357 ἰσχυρῶς
1442 2315 1624 2354 Swoboda‚

303 2355 344 2386 cs.
364 2355 503 2386 Prooem
525 2358 605 2388 xxiv
623 2368 642 2396 3
781 2361 822 2389 16
844 2360 960 2393 τούτου
976 2360 1158 2401 φανήσομαι
1175 2369 1192 2389 Γ
1333 2370 1373 2398 19
1395 2360 1462 2390 οὐδ’
1479 2359 1518 2390 ἂν
1535 2358 1624 2399 Υγρ.

303 2398 394 2439 ῼγρ.
484 2401 562 2438 ὑμᾶς
579 2401 616 2432 S¹
630 2403 659 2441 Q
671 2417 726 2444 γρ.
863 2413 906 2435 20
931 2406 1000 2444 ὑμῖν
1017 2403 1082 2436 del.
1103 2403 1205 2434 Wolf
1341 2413 1383 2441 24
1407 2404 1509 2435 ἄλλον
1524 2415 1596 2434 τινα
1611 2412 1628 2432 r

303 2453 344 2482 25
368 2443 451 2477 τινές
466 2443 498 2484 ’γ’
515 2453 532 2474 r
620 2449 662 2478 26
685 2447 898 2489 σμικρότατον
914 2456 932 2479 r
945 2447 973 2480 F
1054 2458 1095 2488 27
1120 2447 1156 2480 δέ
1171 2460 1202 2480 τι
1218 2453 1250 2479 λ.
1269 2456 1286 2477 r
1370 2447 1412 2477 28
1436 2446 1476 2487 εἴ]
1495 2447 1514 2484 ἢ
1531 2444 1569 2477 5¹
1582 2443 1628 2477 Yl
