1763 2778
155 139 190 194 L]
548 142 708 180 ΠΡΟΣ
756 140 1091 179 ΠΟΛΎΚΛΕΑ
1501 141 1629 196 [1221]

157 241 365 293 ἀναβαίνει
398 239 639 282 Κάλλιππος
669 240 689 279 6
726 240 908 281 Φίλωνος
940 239 962 279 6
997 238 1208 290 Αἰξωνεύς,
1241 240 1302 279 καὶ
1340 237 1480 292 φράζει

157 312 253 361 πρὸς
289 308 357 349 τὸν
395 305 640 361 κυβερνήτην
678 306 746 349 τὸν
785 306 849 348 ἐπὶ
892 308 1141 349 Μακεδονίας
1183 310 1308 347 πλοῦν
1348 310 1479 347 πλεῖν.

158 375 289 426 ἐπειδὴ
317 378 359 417 δὲ
383 376 606 427 ἀφικόμεθα
631 376 685 417 εἰς
710 375 858 428 χωρίον
878 392 914 414 τι
942 375 984 414 ἐν
1008 369 1055 430 τῇ
1081 373 1295 426 ἀπαντικρὺ
1316 372 1477 428 ἠπείρῳ,

158 443 326 484 Θασίων
366 443 565 495 ἐμπόριον,
608 442 669 482 καὶ
711 440 903 493 ἐκβάντες
943 440 1313 494 ἠριστοποιούμεθα,
1354 458 1481 493 προσ-

119 525 136 557 5
157 509 322 564 έρχεταί
340 527 408 561 μοι
430 514 509 550 τῶν
533 513 684 550 ναυτῶν
718 511 950 559 Καλλικλῆς
976 507 1240 560 Ἐπιτρέφους
1269 507 1478 559 Θριάσιος,

156 576 286 629 λέγων
327 577 386 617 ὅτι
427 576 621 629 βούλοιτό
667 593 734 627 μοι
781 577 1040 629 διαλεχθῆναι
1087 575 1181 626 ἐμόν
1228 592 1266 615 τι
1306 578 1479 628 πρᾶγμα.

158 645 420 686 κελεύσαντος
455 643 499 685 δέ
532 661 617 695 μου,
654 642 766 696 λέγει
802 644 862 683 ὅτι
901 642 1094 697 βούλοιτό
1127 660 1194 693 μοι
1229 641 1346 696 χάριν
1383 643 1479 682 ἀπο-

434 711 452 725 el

157 715 289 752 δοῦναι
320 711 408 765 καθῖ
430 729 450 751 ο
482 728 520 751 τι
544 711 704 751 δύναται
729 712 783 751 ὧν
813 709 914 765 αὐτῷ
946 709 1181 762 ἀπορηθέντι
1205 709 1343 750 ἐ’δωκα·
1405 711 1415 726 ‘
1432 708 1482 750 σὺ
1502 714 1545 756 48

157 777 261 825 οὖν’,
289 777 381 830 ἔφη,
411 777 506 819 ’τὸν
531 782 657 819 πλοῦν
682 781 821 818 τοῦτον
846 778 964 829 οἶσθα
983 777 1049 830 ἐφ’
1074 778 1097 817 ὅ
1119 794 1157 818 τι
1182 781 1295 818 πλεῖς
1321 774 1342 826 ἢ
1369 780 1454 823 ποῖ;
1473 776 1482 790 ’

101 860 138 881 10
158 844 471 897 ἀποκριναμένου
520 845 563 886 δέ
598 863 671 897 μου
713 846 774 885 ὅτι
810 844 878 885 οὐκ
910 845 1067 895 εἰδείην,
1108 844 1226 884 ’ἀλλ’
1265 845 1340 896 ἐγώ
1376 844 1480 891 σοι’,

157 913 251 966 ἔφη,
291 914 406 965 (ἐρεῖν
455 916 516 953 δεῖ
548 912 624 965 γάρ
660 930 707 953 σε
744 912 969 952 ἀκούσαντα
1006 913 1129 964 ὀρθῶς
1164 911 1482 962 βουλεύσασθαι.

157 979 320 1031 μέλλεις
357 979 471 1032 γάρ’,
513 979 604 1032 ἔφη,
651 979 792 1032 Ὗὶγειν
832 978 954 1031 ἄνδρα
990 978 1161 1031 φυγάδα,
1200 979 1244 1018 οὗ
1280 978 1485 1028 Ἀθηναῖοι

157 1045 328 1088 θάνατον
354 1047 411 1089 δὶς
438 1047 782 1100 κατεψηφίσαντο,
812 1047 1116 1098 Καλλίστρατον
1142 1048 1184 1086 ἐκ
1211 1046 1404 1096 Μεθώνης
1430 1047 1484 1088 εἰς

159 1113 301 1155 Θάσον
327 1114 378 1156 ὡς
392 1114 627 1167 Τιμόμαχον
652 1113 721 1154 τὸν
754 1112 961 1164 κηδεστήν,
990 1113 1041 1155 ὡς
1066 1113 1143 1166 ἐγώ
1161 1112 1183 1162 ’,
1210 1114 1300 1166 ἔφη,
1331 1116 1340 1130 ‘
1360 1112 1480 1153 πέπυ-

102 1194 136 1225 15
159 1198 256 1232 σμαι
281 1185 358 1222 τῶν
383 1183 533 1223 παίδων
558 1185 636 1222 τῶν
663 1182 914 1221 Καλλίππου.
977 1180 1027 1222 σὺ
1052 1181 1132 1227 οῦν,
1160 1181 1230 1221 ἐὰν
1256 1186 1481 1237 σωφρονῇς,

158 1247 299 1289 οὐδένα
323 1252 401 1289 τῶν
426 1249 656 1302 φευγόντων
682 1247 816 1291 ἐάσεις
840 1249 905 1290 ἐπὶ
937 1248 1009 1299 τὴν
1035 1251 1130 1289 ναῦν
1156 1249 1402 1299 ἀναβαίνειν·
1440 1248 1484 1288 οὐ

157 1317 232 1368 γὰρ
271 1316 392 1357 ἐῶσιν
430 1318 467 1357 οἱ
507 1315 647 1367 νόμοι.’
717 1316 891 1358 ἀκούσας
928 1315 961 1356 δ’
1001 1316 1079 1368 ἐγὼ
1114 1319 1234 1355 ταῦτα
1269 1318 1337 1355 τοῦ
1375 1318 1482 1354 Καλ-
1504 1331 1550 1365 49

157 1382 342 1426 λικλέους
366 1382 641 1436 προσέρχομαι
665 1386 718 1438 τῷ
746 1384 984 1438 Καλλίππῳ,
1009 1384 1070 1423 καὶ
1096 1384 1224 1435 ἐρωτῶ
1251 1382 1369 1422 αὐτὸν
1394 1383 1486 1422 ὅποι

158 1467 199 1491 τε
235 1449 303 1491 τὸν
338 1454 464 1491 πλοῦν
501 1455 669 1491 ποιεῖται
706 1451 768 1491 καὶ
805 1451 868 1492 ἐπὶ
903 1452 1003 1492 τίνα.
1075 1448 1414 1503 διαχλευάσαντος
1451 1448 1484 1488 δ’

101 1534 139 1556 20
160 1517 278 1558 αὐτοῦ
318 1534 367 1568 με
404 1517 466 1558 καὶ
505 1517 799 1568 ἀπειλήσαντος
836 1519 860 1558 ἃ
896 1517 976 1558 οὐδ’
1013 1516 1060 1557 ἂν
1097 1519 1206 1568 ὑμεῖς
1244 1515 1483 1570 ἀγνοήσαιτε

158 1584 241 1635 (τοῦ
265 1585 341 1637 γὰρ
372 1585 516 1637 τρόπου
542 1589 609 1625 τοῦ
647 1586 887 1626 Καλλίππου
924 1584 990 1624 οὐκ
1017 1585 1185 1636 ἀπείρως
1211 1581 1349 1637 ἔχετε),
1377 1582 1484 1636 λέγω

159 1651 262 1707 αὐτῷ
280 1652 340 1692 ὅτι
368 1654 378 1669 ‘
393 1652 519 1692 ἀκούω
540 1670 587 1693 σε
612 1656 728 1693 πλεῖν
748 1652 812 1693 ἐπὶ
834 1652 1153 1703 Καλλίστρατον.
1224 1652 1302 1704 ἐγὼ
1322 1651 1389 1692 οὖν
1408 1655 1486 1691 τῶν
1507 1649 1637 1705 [1222]

160 1719 393 1771 φευγόντων
419 1718 559 1760 οὐδένα
588 1718 682 1771 ἄξω,
710 1720 799 1761 οὐδὲ
824 1719 1050 1770 πλεύσομαι
1084 1717 1142 1759 ἐπ’
1169 1718 1299 1758 αὐτόν·
1343 1719 1379 1758 οἱ
1412 1720 1485 1770 γὰρ

160 1786 272 1837 νόμοι
297 1786 365 1826 οὐκ
391 1787 511 1827 ἐῶσιν
540 1786 807 1840 ὑποδέχεσθαι
836 1790 912 1827 τῶν
945 1786 1175 1839 φευγόντων
1210 1785 1362 1832 οὐδένα,
1389 1781 1413 1836 ἢ
1443 1786 1486 1825 ἐν

100 1871 139 1904 25
159 1857 240 1895 τοῖς
281 1852 413 1895 αὐτοῖς
449 1853 679 1894 κελεύουσιν
714 1853 927 1907 ἐνέχεσθαι
961 1853 1030 1894 τὸν
1065 1853 1361 1906 ὑποδεχόμενον
1396 1851 1487 1894 τοὺς

160 1919 395 1972 φεύγοντας.
465 1921 770 1972 ἀποπλεύσομαι
805 1922 873 1962 οῦν
909 1920 1029 1961 πάλιν
1067 1920 1118 1962 ὡς
1153 1920 1222 1960 τὸν
1259 1919 1485 1972 στρατηγὸν

159 1987 214 2028 εἰς
241 1985 410 2028 Θάσον.’
481 1989 543 2029 καὶ
568 1988 701 2039 ἐπειδὴ
729 1987 931 2040 ἐνέβησαν
964 1990 1000 2029 οἱ
1025 1988 1174 2034 ναῦται,
1201 1986 1308 2039 λέγω
1338 1991 1391 2042 τῷ
1419 2004 1481 2027 κυ-
1506 2000 1549 2036 5ο

159 2051 334 2110 βερνήτῃ
370 2055 568 2096 ἀποπλεῖν
604 2057 658 2097 εἰς
693 2055 766 2106 τὴν
797 2055 954 2096 Θάσον.
1026 2053 1303 2107 ἀντιλέγοντος
1339 2056 1381 2095 δὲ
1417 2054 1484 2094 τοῦ

160 2121 402 2162 Καλλίππου
435 2122 496 2162 καὶ
527 2123 758 2164 κελεύοντος
793 2126 909 2164 πλεῖν
946 2123 1000 2164 εἰς
1035 2122 1106 2172 τὴν
1144 2122 1407 2166 Μακεδονίαν,
1447 2121 1487 2160 οῖ

99 2205 140 2236 30
159 2186 402 2240 προσέταξεν
428 2189 448 2228 ὁ
481 2190 714 2242 στρατηγός,
748 2190 998 2242 ἀποκρίνεται
1029 2189 1129 2244 αὐτῷ
1163 2190 1437 2230 Ποσείδιππος
1463 2188 1483 2227 6

205 2301 218 2321 Ι
245 2291 373 2332 εξωνεὺς
387 2292 411 2323 S
493 2302 513 2332 3
530 2295 722 2335 καταντικρὺ
733 2293 758 2324 F
773 2293 803 2332 Q
820 2294 850 2323 D
932 2305 951 2332 4
968 2307 1131 2335 εμπορειον
1145 2293 1169 2324 S
1256 2303 1275 2332 5
1294 2295 1482 2331 Καλλικλῆς

158 2333 246 2365 SA:
270 2337 286 2366 6
304 2340 339 2366 Κ.
356 2336 446 2375 vulg.
623 2347 644 2376 9
668 2339 736 2369 ὅποι
752 2337 784 2368 Α
968 2348 1008 2368 10
1030 2352 1088 2377 μου
1101 2337 1131 2367 Α
1149 2348 1155 2367 :
1179 2351 1238 2377 μου
1255 2339 1340 2377 αὐτῷ
1353 2336 1399 2366 S:
1422 2350 1482 2375 μου

158 2379 254 2409 αὐτοῦ
274 2378 304 2408 D
318 2389 325 2409 τ
350 2381 434 2420 αὐτῷ
448 2382 522 2418 ἐμοῦ
541 2380 565 2410 F
576 2380 606 2419 Q
699 2383 738 2411 16
755 2382 803 2413 ἐπὶ
822 2381 846 2412 S
859 2381 890 2411 A
905 2381 934 2410 D
950 2392 956 2411 :
981 2383 1024 2413 εἷς
1041 2381 1066 2411 F
1081 2381 1111 2419 Q
1201 2391 1243 2411 20
1261 2380 1443 2421 ἀγνοήσητε
1458 2380 1482 2410 S

158 2431 200 2450 22
224 2423 309 2462 αὐτῷ
323 2422 413 2462 vulg.
430 2434 438 2454 :
462 2423 490 2455 δ’
505 2426 588 2464 αὐτῷ
604 2424 628 2455 S
795 2434 836 2463 25
862 2425 1048 2456 κελεύουσιν
1065 2425 1129 2456 del.
1149 2424 1270 2463 Naber‚
1291 2428 1381 2455 recte
1399 2428 1480 2463 puto

157 2462 241 2505 (καὶ)
257 2466 332 2498 τοὺς
349 2465 446 2498 Wolf
573 2469 615 2498 26
639 2469 900 2509 ἀποπλευσοῦμαι
916 2469 1027 2508 codd.,
1047 2479 1131 2499 corr.
1153 2468 1301 2499 Dindorfi
1335 2512 1394 2542 1⁰*
1632 2472 1668 2562 f

1653 2556 1661 2570 s
