1746 2774
921 388 952 426 Γ

355 483 519 531 ΠΕΡΙ
561 482 705 532 ΤΩΝ
747 481 1182 531 ΛΥΚΟΥΡΓΟΥ
1225 482 1500 530 ΠΑΙΔΩΝ

339 593 603 644 Δημοσθένης
632 599 680 650 τῇ
712 597 844 650 βουλῇ
875 593 940 634 καὶ
971 597 1024 648 τῷ
1059 596 1166 648 δημῷ
1192 595 1360 646 χαίρειν.
1415 593 1502 645 περὶ
1526 594 1600 644 μὲν

269 665 347 702 τῶν
373 660 457 701 κατ’
492 661 672 712 ἐμαυτόν,
699 659 723 700 ὅ,
747 677 814 711 μοι
847 659 938 712 παρ’
967 660 1076 711 ὑμῶν
1109 660 1289 711 ἐνόμιζον
1317 660 1468 700 δίκαιον
1500 659 1600 701 εἶναι

269 727 471 781 γενέσθαι,
511 727 584 779 τὴν
626 726 820 780 προτέραν
871 726 1091 777 ἐπιστολὴν
1139 727 1302 779 ἔπεμψα
1350 726 1447 778 πρὸς
1487 727 1597 777 ὑμᾶς·
1619 749 1637 781 5

269 796 366 847 ὑπὲρ
392 796 458 841 ὧν,
491 795 585 835 ὅταν
621 796 710 845 ὑμῖν
737 797 843 851 δοκῇ,
870 795 961 835 τότε
991 793 1289 847 συγχωρήσετε.
1360 793 1448 846 περὶ
1481 792 1513 834 δ’
1545 794 1600 834 ὧν

271 865 339 903 νῦν
365 861 607 908 ἐπέσταλκα,
633 862 857 912 βουλοίμην
889 860 937 901 ἂν
961 861 1060 912 ὑμᾶς
1083 861 1136 911 μὴ
1163 863 1354 913 παριδεῖν,
1380 863 1478 911 μηδὲ
1503 859 1600 912 πρὸς

272 930 512 981 φιλονικίαν,
535 929 642 969 ἀλλὰ
667 929 765 980 πρὸς
788 928 833 968 τὸ
859 929 1006 968 δίκαιον
1033 929 1213 968 ἀκοῦσαι.
1286 929 1500 978 συμβαίνει
1524 926 1600 979 γάρ

270 1014 350 1048 μοι,
392 997 529 1047 καίπερ
570 996 748 1037 ἐκποδὼν
788 996 1045 1047 διατρίβοντι,
1091 998 1255 1035 πολλῶν
1291 995 1446 1035 ἀκούειν
1482 995 1600 1034 ἐπιτι-

270 1064 434 1114 μώντων
458 1064 549 1114 ὑμῖν
577 1067 660 1105 τοῖς
683 1063 772 1115 περὶ
796 1063 887 1104 τοὺς
911 1062 1140 1114 Λυκούργου
1169 1065 1312 1104 παῖδας
1335 1060 1598 1114 γιγνομένοις.

274 1129 487 1171 ἐπέστειλα
510 1131 583 1180 μὲν
609 1130 677 1170 οὖν
701 1129 750 1170 ἂν
781 1129 853 1179 τὴν
879 1129 1098 1179 ἐπιστολὴν
1125 1129 1189 1169 καὶ
1218 1132 1296 1169 τῶν
1320 1129 1455 1182 ἐκείνῳ
1487 1128 1601 1178 ζῶντι

273 1196 561 1249 πεπραγμένων
587 1197 714 1243 ἕνεκα,
733 1198 787 1237 ῶν
807 1197 949 1246 ὁμοίως
974 1196 1059 1247 ἐμοὶ
1080 1195 1224 1237 πάντες
1244 1195 1291 1236 ἂν
1317 1195 1418 1250 αὐτῷ
1443 1194 1601 1237 δικαίως

272 1264 404 1318 ἔχοιτε
429 1263 559 1317 χάριν,
587 1265 622 1305 εἰ
645 1266 695 1304 τὰ
719 1262 969 1316 προσήκοντα
992 1263 1216 1314 βούλοισθε
1240 1265 1381 1303 ποιεῖν.
1453 1263 1602 1304 ἐκεῖνος

271 1333 345 1384 γὰρ
371 1332 488 1372 αὑτὸν
514 1333 556 1371 ἐν
580 1334 633 1385 τῷ
659 1330 748 1383 περὶ
777 1330 849 1380 τὴν
875 1332 1070 1380 διοίκησιν
1093 1329 1204 1381 μέρει
1235 1327 1357 1380 τάξας
1382 1331 1451 1379 τῆς
1483 1334 1599 1369 πολι-

271 1400 377 1440 τείας
403 1397 448 1438 τὸ
478 1396 562 1438 κατ’
587 1397 725 1451 ἀρχάς,
755 1398 816 1438 καὶ
849 1397 938 1449 περὶ
967 1400 1044 1437 τῶν
1076 1396 1327 1446 Ἑλληνικῶν
1359 1395 1420 1436 καὶ
1445 1413 1600 1447 συμμα-

271 1469 395 1519 χικῶν
425 1465 538 1505 οὐδὲν
568 1465 714 1506 εἰωθὼς
739 1463 922 1517 γράφειν,
950 1464 1016 1504 ὅτε
1048 1463 1111 1503 καὶ
1143 1467 1221 1503 τῶν
1253 1465 1472 1513 δημοτικῶν
1503 1462 1603 1504 εἶναι

272 1531 624 1584 προσποιουμένων
653 1534 689 1572 οἱ
725 1532 871 1571 πολλοὶ
906 1530 1140 1571 κατέλειπον
1164 1531 1274 1581 ὑμᾶς,
1302 1531 1390 1571 τότε
1419 1533 1503 1572 ταῖς
1534 1533 1603 1570 τοῦ

116 1583 250 1637 ἰῙ475ιῙ
273 1598 394 1649 δήμου
420 1598 704 1651 προαιρέσεσιν
729 1597 989 1650 προσένειμεν
1009 1598 1160 1643 ἑαυτόν,
1183 1597 1257 1650 οὐχ
1283 1598 1342 1637 ὅτι
1366 1599 1515 1649 δωρεὰς
1539 1597 1602 1637 καὶ

274 1667 494 1718 προσόδους
536 1667 579 1705 ἐκ
626 1666 774 1705 τούτων
819 1666 971 1718 ὑπῆρχε
1008 1664 1234 1715 λαμβάνειν
1275 1662 1369 1714 (ἀπὸ
1406 1665 1482 1716 γὰρ
1523 1667 1602 1704 τῶν

275 1735 462 1773 ἐναντίων
488 1732 615 1773 πάντα
639 1735 687 1773 τὰ
712 1731 857 1772 τοιαῦτ’
882 1729 1088 1784 ἐγίγνετο),
1105 1730 1186 1771 οὐδ’
1211 1732 1272 1770 ὅτι
1296 1731 1441 1781 ταύτην
1466 1731 1599 1783 ἀσφα-

271 1799 467 1852 λεστέραν
505 1800 577 1851 τὴν
618 1800 849 1852 προαίρεσιν
887 1798 1012 1838 οὖσαν
1055 1798 1157 1850 ἑώρα
1193 1796 1383 1850 (πολλοὺς
1426 1796 1501 1850 γὰρ
1541 1797 1603 1837 καὶ

274 1866 496 1918 προδήλους
522 1867 606 1921 εἶχε
639 1867 853 1915 κινδύνους,
882 1865 945 1907 οὓς
977 1867 1192 1917 ἀναγκαῖον
1221 1863 1268 1915 ἦν
1299 1865 1510 1915 ὑπομεῖναι·
1535 1863 1602 1904 τὸν

274 1935 368 1986 ὑπὲρ
393 1936 460 1974 τοῦ
497 1933 620 1985 δήμου
655 1933 789 1986 λέγειν
819 1932 1155 1985 προαιρούμενον),
1183 1930 1275 1972 ἀλλ’
1309 1933 1368 1972 ὅτι
1396 1930 1603 1983 δημοτικὸς

317 2054 336 2082 4
361 2043 379 2074 ἅ
395 2057 446 2082 μοι
463 2044 581 2074 codd.:
608 2042 651 2074 ὧν
669 2045 735 2079 ἐμοὶ
755 2042 835 2082 Pap.
857 2042 941 2073 Brit.
964 2042 1051 2073 Mus.
1071 2041 1197 2073 cxxxiii
1381 2051 1401 2080 5
1427 2042 1603 2079 ἐπιστολὴν

274 2086 303 2125 Q
319 2087 341 2116 F
354 2097 429 2125 mg..
452 2087 552 2127 Pap.:
575 2098 642 2118 orn.
661 2086 738 2126 SF¹,
759 2087 802 2117 ob
820 2087 1005 2126 insequens
1024 2087 1148 2126 ἔπεμψα
1165 2090 1246 2125 puto
1339 2086 1461 2125 ἔπεμψα
1480 2085 1577 2115 codd.
1593 2095 1601 2114 ε

274 2133 394 2170 ἔγραψα
408 2130 500 2170 Pap.‚
518 2137 551 2162 at
567 2130 607 2162 cf.
628 2131 747 2170 πέκψαι
768 2133 782 2167 ξ
798 2140 815 2168 5
905 2131 926 2159 6
952 2132 1039 2169 ὑμεῖν
1056 2129 1138 2169 Pap.
1151 2130 1274 2168 ubique
1363 2130 1382 2159 8
1406 2129 1603 2169 φιλονεικίαν

273 2174 385 2212 codd.,
404 2173 483 2213 Pap.
583 2185 603 2213 9
629 2176 770 2206 ἐκποδὼν
786 2174 882 2203 codd.
899 2184 906 2203 :
931 2176 986 2205 οὐκ
1002 2175 1144 2205 ἐνποδὼν
1162 2173 1241 2212 Pap.
1341 2183 1379 2202 10
1400 2171 1602 2213 ’γιγνομένοις

273 2218 384 2256 codd.‚
407 2216 506 2256 Pap:
529 2217 758 2258 γεγενημένοις
777 2217 874 2248 Blass
970 2227 1004 2246 11
1027 2217 1082 2248 οὖν
1098 2218 1136 2248 ἂν
1153 2216 1225 2246 SF:
1252 2215 1306 2247 οὖν
1325 2215 1355 2254 Q
1374 2215 1444 2254 Pap
1460 2239 1467 2247 .
1486 2215 1527 2245 cs.
1549 2218 1564 2252 ξ
1582 2223 1601 2253 5

274 2259 369 2298 ζῶντι
385 2271 450 2292 om.
472 2260 551 2300 Pap.
571 2272 578 2299 3
597 2262 637 2292 cf.
659 2261 774 2292 xxxix.
795 2271 832 2290 ‘21
915 2270 952 2298 13
977 2265 1077 2291 ποιεῖν
1094 2260 1266 2296 βούλοισθε
1283 2259 1362 2298 Pap.
1444 2268 1481 2297 17
1507 2258 1601 2289 κατέ-

274 2312 386 2336 λειπον
413 2303 438 2335 S
460 2304 565 2345 Pap.:
591 2304 767 2336 κατέλιπον
789 2303 814 2334 F
838 2303 868 2342 Q
1006 2305 1043 2333 18
1067 2305 1181 2343 δωρεὰς
1210 2303 1319 2341 codd„
1347 2302 1452 2341 Pap.:
1476 2302 1602 2342 δωρειὰς

276 2347 372 2377 Blass
490 2358 531 2378 20
552 2349 593 2378 τὰ
609 2358 672 2378 om.
690 2347 714 2378 S
848 2357 889 2385 23
913 2346 1025 2387 λέγειν
1043 2346 1067 2377 S
1087 2346 1110 2376 F
1127 2346 1208 2386 Pap.
1224 2357 1232 2378 τ
1255 2345 1367 2386 λέγειν
1382 2347 1433 2377 καὶ
1450 2344 1603 2386 πράττειν

274 2390 363 2430 vulg.
452 2391 702 2432 προαιρουμένων
718 2391 814 2422 codd.
834 2402 841 2421 :
866 2391 1055 2432 αἱρουμένων
1071 2389 1152 2429 Pap.

1625 1084 1661 1105 10

1624 1414 1662 1447 15

1625 1752 1664 1773 20

1726 15 1734 29 ο
