1763 2778
110 148 241 204 [1316]
678 145 1162 185 ΔΗΜΟΣΘΕΝΟΥΣ
1494 139 1584 195 [ινιι

331 249 410 287 Διὰ
433 251 555 288 ταῦτα
577 247 709 287 τοίνυν
741 246 818 298 ἐγὼ
852 244 1048 285 πιστεύων
1083 245 1236 299 ἐμαυτῷ
1273 243 1494 297 κατέφυγον
1531 246 1586 286 εἷς

262 316 372 365 ὑμᾶς.
444 315 519 366 ὁρῶ
549 313 635 366 γάρ,
665 311 694 353 ὦ
719 313 855 365 ἄνδρες
888 311 1103 362 Ἀθηναῖοι,
1139 311 1184 352 οὐ
1218 311 1342 363 μόνον
1376 315 1454 352 τῶν
1489 312 1585 352 ἀπο·

262 380 558 434 ψηφισαμένων
584 380 852 430 Ἁλιμουσίων
878 381 972 430 ἐμοῦ
992 378 1188 431 κυριώτερ’
1208 380 1302 419 ὄντα
1326 380 1374 418 τὰ
1398 378 1583 429 δικαστή-

260 466 338 500 ρια,
377 449 483 488 ἀλλὰ
521 449 582 487 καὶ
618 449 687 497 τῆς
722 449 874 497 βουλῆς
911 447 973 486 καὶ
1005 449 1073 486 τοῦ
1105 445 1238 496 δήμου,
1274 446 1444 487 δικαίως·
1488 447 1586 486 κατὰ

262 516 337 567 γὰρ
362 513 475 554 πάνθ’
502 516 541 555 αἱ
567 513 655 566 παρ’
681 515 771 565 ὑμῖν
797 515 875 554 εἶσι
902 515 1050 565 κρίσεις
1075 513 1326 553 δικαιόταται.
1605 529 1622 559 5

199 593 240 629 57
328 580 588 632 Ἐνθυμεῖσθε
624 582 756 621 τοίνυν
789 581 958 626 κάκεῖνο,
994 581 1084 620 ὅσοι
1120 584 1198 620 τῶν
1232 579 1419 632 μεγάλων
1452 578 1586 631 δήμων

262 647 368 693 ἐστέ,
390 648 442 690 ὡς
464 647 589 689 οὐδέν’
615 647 860 700 ἀπεστερεῖτ’
882 648 970 687 οὔτε
997 649 1228 699 κατηγορίας
1253 647 1332 687 οὔτ’
1352 648 1583 699 ἀπολογίας.

262 715 326 755 καὶ
362 714 480 755 πόλλ’
518 716 646 768 ἀγαθὰ
682 714 837 767 γένοιτο
872 716 997 755 πᾶσιν
1032 715 1123 765 ὑμῖν
1157 718 1239 756 τοῖς
1271 715 1429 756 δικαίως
1460 715 1584 769 τούτῳ

260 781 313 837 τῷ
336 781 535 835 πράγματι
558 781 838 835 χρησαμένοις,
865 782 926 822 ὅτι
953 781 1014 822 καὶ
1037 785 1115 822 τῶν
1145 780 1424 832 ἀναβαλέσθαι
1449 781 1583 832 δεομέ-

260 866 339 890 νων
363 849 432 889 οὐκ
456 850 668 906 ἀφῄρησθε
692 848 736 889 τὸ
766 848 1164 900 παρασκευάσασθαι·
1201 847 1229 903 ᾧ
1254 848 1315 888 καὶ
1347 848 1436 889 τοὺς
1468 865 1584 888 συκο-
1610 863 1647 885 ¹0

263 919 508 968 φαντοῦντας
558 917 619 956 καὶ
661 915 710 956 δι’
753 915 902 969 ἔχθραν
950 916 1284 966 ἐπιβουλεύοντας
1332 914 1585 969 ἐξηλέγχετε.

199 988 242 1032 58
263 983 325 1023 καὶ
359 984 458 1034 ὑμᾶς
486 986 557 1033 μὲν
594 982 704 1034 ἄξιον
738 984 927 1029 ἐπαινεῖν,
960 980 990 1022 ὦ
1022 982 1159 1035 ἄνδρες
1183 982 1400 1033 Ἀθηναῖοι,
1426 982 1516 1024 τοὺς
1544 985 1587 1023 δὲ

264 1054 369 1105 καλῷ
397 1051 459 1091 καὶ
484 1051 617 1105 δικαίῳ
644 1049 845 1102 πράγματι
874 1049 925 1101 μὴ
961 1053 1089 1092 καλῶς
1119 1049 1394 1103 χρησαμένους
1425 1049 1582 1102 ψέγειν.

262 1118 305 1158 ἐν
330 1117 456 1158 οὐδενὶ
480 1118 613 1158 τοίνυν
638 1116 825 1169 εὑρήσετε
848 1121 928 1158 τῶν
957 1116 1091 1167 δήμων
1120 1118 1319 1169 δεινότερα
1342 1116 1588 1170 γεγενημένα
1627 1131 1630 1135 ’

261 1188 339 1225 τῶν
364 1184 454 1237 παρ’
478 1185 585 1236 ἡμῖν.
656 1184 763 1225 οὗτοι
791 1186 867 1237 γὰρ
899 1185 1086 1237 ἀδελφῶν
1119 1185 1365 1236 ὁμομητρίων
1397 1184 1460 1224 καὶ
1494 1185 1585 1235 ὁμο·
1611 1201 1647 1234 15

261 1253 436 1304 πατρίων
474 1256 553 1292 τῶν
591 1251 663 1303 μέν
706 1253 809 1292 εἰσιν
849 1251 1192 1304 ἀπεψηφισμένοι,
1233 1255 1312 1292 τῶν
1352 1251 1386 1291 δ’
1426 1251 1483 1297 οὔ,
1526 1251 1588 1292 καὶ

261 1318 546 1371 πρεσβυτέρων
564 1319 782 1371 ἀνθρώπων
802 1319 972 1370 ἀπόρων,
993 1320 1046 1359 ὧν
1071 1319 1161 1361 τοὺς
1184 1320 1280 1361 υἱεῖς
1306 1319 1586 1372 ἐγκαταλελοί-

260 1403 397 1426 πασιν·
449 1386 511 1426 καὶ
557 1387 706 1427 τούτων
752 1385 801 1426 ἂν
849 1386 1069 1437 βούλησθε,
1112 1385 1308 1439 μάρτυρας
1354 1383 1586 1438 παρέξομαι.

200 1464 242 1500 59
261 1452 282 1493 ὃ
314 1455 357 1493 δὲ
389 1451 547 1494 πάντων
571 1454 796 1494 δεινότατον
830 1455 866 1494 οἱ
900 1454 1188 1503 συνεστηκότες
1219 1452 1483 1504 πεποιήκασιν
1510 1452 1593 1504 (καί

260 1537 326 1571 μοι
368 1520 463 1573 πρὸς
506 1521 603 1563 Διὸς
642 1522 703 1561 καὶ
740 1523 838 1561 θεῶν
874 1520 1008 1571 μηδεὶς
1044 1518 1231 1577 ὑπολάβῃ
1267 1522 1482 1567 δυσκόλως,
1519 1522 1589 1561 ἐὰν
1610 1535 1651 1558 20

117 1587 241 1641 [1317]
262 1587 351 1629 τοὺς
387 1587 618 1638 ἠδικηκότας
656 1587 824 1639 ἐμαυτὸν
860 1587 1054 1640 πονηροὺς
1090 1589 1206 1629 ὄντας
1243 1589 1483 1629 ἐπιδεικνύω·
1521 1605 1586 1629 νο-

261 1655 357 1705 μίζω
394 1656 468 1707 γὰρ
504 1656 595 1706 ὑμῖν
631 1654 702 1705 τὴν
737 1655 887 1695 τούτων
916 1656 1107 1707 πονηρίαν
1139 1655 1292 1697 δεικνὺς
1324 1656 1376 1696 εἰς
1415 1655 1508 1696 αὐτὸ
1543 1654 1589 1695 τὸ

263 1724 422 1774 πρᾶγμα
463 1721 596 1775 λέγειν
634 1722 678 1762 τὸ
717 1722 931 1774 γενόμενόν
968 1720 1061 1773 μοι)·
1111 1721 1220 1762 οὗτοι
1258 1721 1346 1775 γάρ,
1384 1720 1414 1762 ὦ
1451 1722 1588 1775 ἄνδρες

263 1788 478 1839 Ἀθηναῖοι,
522 1788 793 1840 βουλομένους
831 1790 941 1831 τινὰς
981 1789 1209 1841 ἀνθρώπους
1249 1788 1383 1840 ξένους
1421 1790 1588 1831 πολίτας

261 1854 461 1908 γενέσθαι,
489 1855 751 1907 Ἀναξιμένην
771 1855 833 1896 καὶ
858 1856 1145 1907 Νικόστρατον,
1169 1862 1278 1913 κοινῇ
1297 1856 1588 1907 διανειμάμενοι
1610 1870 1647 1902 25

262 1922 378 1963 πέντε
415 1924 591 1976 δραχμὰς
627 1923 794 1964 ἕκαστος
830 1922 1136 1975 προσεδέξαντο.
1206 1924 1269 1963 καὶ
1301 1923 1407 1963 ταῦτ’
1441 1923 1507 1963 οὐκ
1540 1923 1588 1963 ἂν

478 1989 487 2003 )

263 1987 475 2040 ἐξομόσαιτ
527 1990 774 2040 Εὐβουλίδης
811 1989 890 2029 οὐδ’
924 1991 959 2030 οἱ
991 1989 1075 2041 μετ’
1109 1990 1225 2030 αὐτοῦ
1254 1990 1307 2041 μὴ
1336 1990 1404 2030 οὐκ
1430 1990 1586 2030 εἰδέναι.

263 2057 326 2096 καὶ
352 2059 420 2096 νῦν
444 2057 592 2097 τούτων’
616 2057 683 2096 οὐκ
709 2057 1038 2109 ἀπεψηφίσαντο.
1108 2058 1149 2097 τί
1171 2057 1238 2098 οὖν
1271 2057 1340 2097 οὐκ
1373 2057 1421 2097 ἂν
1455 2059 1588 2097 οἴεσθε

197 2128 244 2160 60
261 2123 418 2163 τούτους
451 2125 527 2177 ἰδίᾳ
558 2126 736 2174 ποιῆσαι,
764 2124 800 2164 οἳ
830 2129 938 2180 κοινῇ
968 2124 1074 2164 ταῦτ’
1106 2125 1304 2175 ἐτόλμων;
1343 2124 1531 2170 πολλούς,
1558 2120 1588 2163 ὦ

807 2190 816 2204 2

261 2189 400 2241 ἄνδρες
432 2192 628 2237 δικασταί,
663 2193 700 2231 οἱ
731 2207 803 2242 μετ
853 2191 1103 2242 Εὐβουλίδου
1134 2195 1381 2234 συνεστῶτες
1414 2191 1476 2231 καὶ
1513 2192 1584 2232 ἀπ·
1607 2205 1649 2237 30

305 2308 370 2337 2—3
387 2299 679 2340 ἀποψηφισαμένων
691 2299 715 2330 S
729 2299 754 2329 F
769 2299 799 2338 Q
814 2300 842 2329 D
858 2311 865 2330 :
887 2300 1155 2342 ἀπεψηφισμένων
1166 2299 1198 2330 Α
1261 2310 1280 2338 3
1299 2302 1508 2341 Ἁλιμουσίων
1519 2300 1584 2331 del.

264 2342 376 2373 Naber
443 2353 462 2381 5
487 2345 557 2383 ὑμῖν
569 2342 601 2372 Α
615 2354 622 2373 :
648 2345 731 2383 ὑμῶν
748 2348 827 2374 cett.
899 2353 916 2382 7
941 2344 1148 2381 ἀποστερεῖτε
1161 2343 1193 2373 Α
1263 2354 1284 2382 9
1303 2344 1543 2381 ἀναβάλλεσθαι
1556 2343 1587 2373 Α

268 2396 304 2416 10
317 2386 477 2428 ἀφῄρησθε
485 2387 595 2417 codd.:
615 2387 785 2427 ἆφηρεῖσθε
795 2385 890 2416 Blass
931 2386 953 2427 ᾧ
963 2388 1072 2417 codex
1082 2387 1288 2418 Bodleianus
1295 2388 1384 2427 apud
1393 2388 1584 2427 Taylorum:

262 2431 279 2461 ὓ
292 2429 315 2460 S
331 2429 414 2468 FQ:
439 2439 506 2460 om.
521 2429 552 2459 A
567 2429 594 2459 D
725 2440 755 2459 11
786 2430 978 2470 ἐξελέγχετε
996 2430 1071 2461 Ald.
1199 2441 1236 2461 12
1261 2433 1400 2464 ἐπαινεῖν
1417 2433 1500 2472 ἄξιον
1518 2431 1542 2462 F
1556 2430 1586 2460 D

264 2483 304 2502 22
328 2474 371 2504 εἷς
388 2474 464 2505 αὐτὸ
483 2473 604 2504 BlaSS:
630 2475 675 2504 δὶς
691 2475 769 2504 αὐτὸ
788 2472 819 2503 D
836 2484 843 2504 ι
868 2475 945 2505 αὐτὸ
961 2479 1040 2505 cett.
1175 2476 1216 2504 28
1239 2474 1286 2515 τί]
1306 2475 1366 2507 τίν“
1382 2474 1415 2504 A
