<?xml version="1.0" encoding="UTF-8"?>
<!DOCTYPE html PUBLIC "-//W3C//DTD XHTML 1.0 Transitional//EN"
    "http://www.w3.org/TR/xhtml1/DTD/xhtml1-transitional.dtd">
<html xmlns="http://www.w3.org/1999/xhtml" xml:lang="en" lang="en">
 <head>
  <title>
</title>
<meta http-equiv="Content-Type" content="text/html;charset=utf-8" />
  <meta name='ocr-system' content='tesseract 3.04.00' />
  <meta name='ocr-capabilities' content='ocr_page ocr_carea ocr_par ocr_line ocrx_word'/>
</head>
<body>
  <div class='ocr_page' id='page_1' title='image "./orationesrecog03demouoft_0262.png"; bbox 0 0 1763 2778; ppageno 0'>
   <div class='ocr_carea' id='block_1_1' title="bbox 122 148 1599 209">
    <p class='ocr_par' dir='ltr' id='par_1_1' title="bbox 122 148 1599 209">
     <span class='ocr_line' id='line_1_1' title="bbox 122 148 1599 209; baseline -0.005 -16"><span class='ocrx_word' id='word_1_1' title='bbox 122 153 256 209; x_wconf 84' lang='lat'>[1287]</span> <span class='ocrx_word' id='word_1_2' title='bbox 686 148 1200 204; x_wconf 67' lang='grc' dir='ltr'>[ΔΠΜΟΣΘΕΝΟΎΣ]</span> <span class='ocrx_word' id='word_1_3' title='bbox 1523 148 1599 203; x_wconf 72' lang='lat' dir='ltr'>[m</span> 
     </span>
    </p>
   </div>
   <div class='ocr_carea' id='block_1_2' title="bbox 1072 251 1129 264">
    <p class='ocr_par' dir='ltr' id='par_1_2' title="bbox 1072 251 1129 264">
     <span class='ocr_line' id='line_1_2' title="bbox 1072 251 1129 264; baseline 0 0"><span class='ocrx_word' id='word_1_4' title='bbox 1072 251 1129 264; x_wconf 42' lang='grc' dir='ltr'>ἀἱ</span> 
     </span>
    </p>
   </div>
   <div class='ocr_carea' id='block_1_3' title="bbox 117 248 1634 1844">
    <p class='ocr_par' dir='ltr' id='par_1_3' title="bbox 219 248 1634 710">
     <span class='ocr_line' id='line_1_3' title="bbox 219 248 1596 306; baseline -0.001 -14"><span class='ocrx_word' id='word_1_5' title='bbox 219 265 257 303; x_wconf 82' lang='lat'>15</span> <span class='ocrx_word' id='word_1_6' title='bbox 281 252 544 306; x_wconf 79' lang='grc' dir='ltr'>σνγγραψήν.’</span> <span class='ocrx_word' id='word_1_7' title='bbox 584 254 595 270; x_wconf 88' lang='lat'><em>‘</em></span> <span class='ocrx_word' id='word_1_8' title='bbox 610 253 720 303; x_wconf 80' lang='grc' dir='ltr'>ἡμεῖς</span> <span class='ocrx_word' id='word_1_9' title='bbox 741 252 1008 303; x_wconf 79' lang='grc' dir='ltr'>ἀναιρώμεθα,·</span> <span class='ocrx_word' id='word_1_10' title='bbox 1040 266 1151 291; x_wconf 86' lang='grc' dir='ltr'>ουοεν</span> <span class='ocrx_word' id='word_1_11' title='bbox 1171 269 1216 304; x_wconf 90' lang='grc' dir='ltr'>γε</span> <span class='ocrx_word' id='word_1_12' title='bbox 1234 254 1391 303; x_wconf 73' lang='grc' dir='ltr'>μᾶλλον</span> <span class='ocrx_word' id='word_1_13' title='bbox 1411 248 1433 302; x_wconf 81' lang='grc' dir='ltr'>ἦ</span> <span class='ocrx_word' id='word_1_14' title='bbox 1453 252 1596 292; x_wconf 75' lang='grc' dir='ltr'>ὁτιοῦν·</span> 
     </span>
     <span class='ocr_line' id='line_1_4' title="bbox 280 318 1596 373; baseline 0 -14"><span class='ocrx_word' id='word_1_15' title='bbox 280 321 385 359; x_wconf 72' lang='grc' dir='ltr'>ἀλλὰ</span> <span class='ocrx_word' id='word_1_16' title='bbox 411 322 506 360; x_wconf 72' lang='grc' dir='ltr'>κατὰ</span> <span class='ocrx_word' id='word_1_17' title='bbox 530 322 602 371; x_wconf 79' lang='grc' dir='ltr'>μὲν</span> <span class='ocrx_word' id='word_1_18' title='bbox 626 320 832 371; x_wconf 77' lang='grc' dir='ltr'>τάργύριον</span> <span class='ocrx_word' id='word_1_19' title='bbox 858 319 878 358; x_wconf 78' lang='grc' dir='ltr'>ὃ</span> <span class='ocrx_word' id='word_1_20' title='bbox 899 318 947 358; x_wconf 73' lang='grc' dir='ltr'>ἂν</span> <span class='ocrx_word' id='word_1_21' title='bbox 972 319 1132 373; x_wconf 73' lang='grc' dir='ltr'>ἀποδῷς,</span> <span class='ocrx_word' id='word_1_22' title='bbox 1155 319 1459 371; x_wconf 85' lang='grc' dir='ltr'>ὁμολογήσομεν</span> <span class='ocrx_word' id='word_1_23' title='bbox 1485 320 1596 359; x_wconf 84' lang='grc' dir='ltr'>ἐναν-</span> 
     </span>
     <span class='ocr_line' id='line_1_5' title="bbox 279 385 1600 438; baseline -0.002 -11"><span class='ocrx_word' id='word_1_24' title='bbox 279 388 362 427; x_wconf 79' lang='grc' dir='ltr'>τίον</span> <span class='ocrx_word' id='word_1_25' title='bbox 387 390 453 426; x_wconf 82' lang='grc' dir='ltr'>τοῦ</span> <span class='ocrx_word' id='word_1_26' title='bbox 471 387 700 438; x_wconf 76' lang='grc' dir='ltr'>τραπεζίτου</span> <span class='ocrx_word' id='word_1_27' title='bbox 719 386 860 437; x_wconf 83' lang='grc' dir='ltr'>ἄκυρον</span> <span class='ocrx_word' id='word_1_28' title='bbox 880 390 1006 427; x_wconf 84' lang='grc' dir='ltr'>ποιεῖν</span> <span class='ocrx_word' id='word_1_29' title='bbox 1022 385 1094 436; x_wconf 74' lang='grc' dir='ltr'>τὴν</span> <span class='ocrx_word' id='word_1_30' title='bbox 1118 385 1370 438; x_wconf 83' lang='grc' dir='ltr'>συγγραφήν,</span> <span class='ocrx_word' id='word_1_31' title='bbox 1395 385 1440 426; x_wconf 87' lang='grc' dir='ltr'>τὸ</span> <span class='ocrx_word' id='word_1_32' title='bbox 1464 385 1600 437; x_wconf 81' lang='grc' dir='ltr'>μέντοι</span> 
     </span>
     <span class='ocr_line' id='line_1_6' title="bbox 281 451 1595 505; baseline 0.001 -13"><span class='ocrx_word' id='word_1_33' title='bbox 281 454 453 494; x_wconf 87' lang='grc' dir='ltr'>σύνολον</span> <span class='ocrx_word' id='word_1_34' title='bbox 485 453 552 493; x_wconf 86' lang='grc' dir='ltr'>οὐκ</span> <span class='ocrx_word' id='word_1_35' title='bbox 589 453 637 493; x_wconf 79' lang='grc' dir='ltr'>ἂν</span> <span class='ocrx_word' id='word_1_36' title='bbox 673 453 922 503; x_wconf 69' lang='grc' dir='ltr'>ἀνελοίμεθα,</span> <span class='ocrx_word' id='word_1_37' title='bbox 960 452 1034 494; x_wconf 83' lang='grc' dir='ltr'>ἕως</span> <span class='ocrx_word' id='word_1_38' title='bbox 1069 451 1117 492; x_wconf 80' lang='grc' dir='ltr'>ἂν</span> <span class='ocrx_word' id='word_1_39' title='bbox 1154 453 1241 504; x_wconf 92' lang='grc' dir='ltr'>περὶ</span> <span class='ocrx_word' id='word_1_40' title='bbox 1277 456 1354 493; x_wconf 80' lang='grc' dir='ltr'>τῶν</span> <span class='ocrx_word' id='word_1_41' title='bbox 1393 453 1595 505; x_wconf 87' lang='grc' dir='ltr'>ἀντιλεγο-</span> 
     </span>
     <span class='ocr_line' id='line_1_7' title="bbox 279 516 1634 573; baseline 0 -13"><span class='ocrx_word' id='word_1_42' title='bbox 279 519 408 572; x_wconf 81' lang='grc' dir='ltr'>μένων</span> <span class='ocrx_word' id='word_1_43' title='bbox 437 523 640 571; x_wconf 82' lang='grc' dir='ltr'>κριθῶμεν.</span> <span class='ocrx_word' id='word_1_44' title='bbox 711 521 751 560; x_wconf 90' lang='grc' dir='ltr'>τί</span> <span class='ocrx_word' id='word_1_45' title='bbox 773 521 848 572; x_wconf 76' lang='grc' dir='ltr'>γὰρ</span> <span class='ocrx_word' id='word_1_46' title='bbox 877 519 1037 572; x_wconf 82' lang='grc' dir='ltr'>ἔχοντες</span> <span class='ocrx_word' id='word_1_47' title='bbox 1068 520 1215 559; x_wconf 89' lang='grc' dir='ltr'>δίκαιον</span> <span class='ocrx_word' id='word_1_48' title='bbox 1241 516 1264 569; x_wconf 78' lang='grc' dir='ltr'>ἢ</span> <span class='ocrx_word' id='word_1_49' title='bbox 1289 520 1331 560; x_wconf 88' lang='grc' dir='ltr'>τί</span> <span class='ocrx_word' id='word_1_50' title='bbox 1354 518 1399 559; x_wconf 85' lang='grc' dir='ltr'>τὸ</span> <span class='ocrx_word' id='word_1_51' title='bbox 1433 519 1598 573; x_wconf 77' lang='grc' dir='ltr'>ἰσχυρὸν</span> <span class='ocrx_word' id='word_1_52' title='bbox 1622 537 1634 543; x_wconf 93' lang='grc'><strong><em>·</em></strong></span> 
     </span>
     <span class='ocr_line' id='line_1_8' title="bbox 279 585 1598 638; baseline 0.001 -12"><span class='ocrx_word' id='word_1_53' title='bbox 279 586 592 638; x_wconf 78' lang='grc' dir='ltr'>ἀντιδικήσομεν,</span> <span class='ocrx_word' id='word_1_54' title='bbox 620 586 690 627; x_wconf 86' lang='grc' dir='ltr'>ἐάν</span> <span class='ocrx_word' id='word_1_55' title='bbox 713 604 755 627; x_wconf 90' lang='grc' dir='ltr'>τε</span> <span class='ocrx_word' id='word_1_56' title='bbox 781 586 877 638; x_wconf 79' lang='grc' dir='ltr'>πρὸς</span> <span class='ocrx_word' id='word_1_57' title='bbox 902 586 1102 636; x_wconf 73' lang='grc' dir='ltr'>διαιτητὴν</span> <span class='ocrx_word' id='word_1_58' title='bbox 1124 585 1192 626; x_wconf 82' lang='grc' dir='ltr'>ἐάν</span> <span class='ocrx_word' id='word_1_59' title='bbox 1210 603 1253 627; x_wconf 91' lang='grc' dir='ltr'>τε</span> <span class='ocrx_word' id='word_1_60' title='bbox 1271 587 1326 628; x_wconf 83' lang='grc' dir='ltr'>εἷς</span> <span class='ocrx_word' id='word_1_61' title='bbox 1346 585 1598 638; x_wconf 87' lang='grc' dir='ltr'>δικαστήριον</span> 
     </span>
     <span class='ocr_line' id='line_1_9' title="bbox 279 651 1598 710; baseline 0 -16"><span class='ocrx_word' id='word_1_62' title='bbox 279 654 346 710; x_wconf 83' lang='grc' dir='ltr'>δέῃ</span> <span class='ocrx_word' id='word_1_63' title='bbox 381 655 571 705; x_wconf 77' lang='grc' dir='ltr'>βαδίζειν,</span> <span class='ocrx_word' id='word_1_64' title='bbox 609 654 840 704; x_wconf 77' lang='grc' dir='ltr'>ἀνελόμενοι</span> <span class='ocrx_word' id='word_1_65' title='bbox 876 653 947 704; x_wconf 75' lang='grc' dir='ltr'>τὴν</span> <span class='ocrx_word' id='word_1_66' title='bbox 983 652 1236 705; x_wconf 84' lang='grc' dir='ltr'>συγγραφήν,</span> <span class='ocrx_word' id='word_1_67' title='bbox 1270 654 1313 694; x_wconf 85' lang='grc' dir='ltr'>ἐν</span> <span class='ocrx_word' id='word_1_68' title='bbox 1344 651 1370 709; x_wconf 77' lang='grc' dir='ltr'><em>ᾗ</em></span> <span class='ocrx_word' id='word_1_69' title='bbox 1400 653 1472 703; x_wconf 76' lang='grc' dir='ltr'>τὴν</span> <span class='ocrx_word' id='word_1_70' title='bbox 1502 654 1598 705; x_wconf 80' lang='grc' dir='ltr'>ὑπὲρ</span> 
     </span>
    </p>

    <p class='ocr_par' dir='ltr' id='par_1_4' title="bbox 217 719 1599 840">
     <span class='ocr_line' id='line_1_10' title="bbox 217 719 1596 773; baseline 0 -12"><span class='ocrx_word' id='word_1_71' title='bbox 217 728 259 762; x_wconf 90' lang='lat'>16</span> <span class='ocrx_word' id='word_1_72' title='bbox 278 725 356 761; x_wconf 89' lang='grc' dir='ltr'>τῶν</span> <span class='ocrx_word' id='word_1_73' title='bbox 385 722 543 761; x_wconf 86' lang='grc' dir='ltr'>δικαίων</span> <span class='ocrx_word' id='word_1_74' title='bbox 572 720 766 772; x_wconf 77' lang='grc' dir='ltr'>βοήθειαν</span> <span class='ocrx_word' id='word_1_75' title='bbox 795 719 983 773; x_wconf 81' lang='grc' dir='ltr'>ἕχομεν’,·</span> <span class='ocrx_word' id='word_1_76' title='bbox 1020 724 1141 760; x_wconf 77' lang='grc' dir='ltr'>ταῦτα</span> <span class='ocrx_word' id='word_1_77' title='bbox 1171 722 1211 760; x_wconf 83' lang='grc' dir='ltr'>δὲ</span> <span class='ocrx_word' id='word_1_78' title='bbox 1239 720 1351 771; x_wconf 85' lang='grc' dir='ltr'>ἡμῶν</span> <span class='ocrx_word' id='word_1_79' title='bbox 1381 720 1596 773; x_wconf 82' lang='grc' dir='ltr'>λεγόντων,</span> 
     </span>
     <span class='ocr_line' id='line_1_11' title="bbox 278 785 1599 840; baseline 0 -13"><span class='ocrx_word' id='word_1_80' title='bbox 278 785 307 827; x_wconf 69' lang='grc' dir='ltr'><strong>ὦ</strong></span> <span class='ocrx_word' id='word_1_81' title='bbox 343 787 478 840; x_wconf 77' lang='grc' dir='ltr'>ἄνδρες</span> <span class='ocrx_word' id='word_1_82' title='bbox 518 787 712 833; x_wconf 90' lang='grc' dir='ltr'>δικασταί,</span> <span class='ocrx_word' id='word_1_83' title='bbox 753 788 813 827; x_wconf 84' lang='grc' dir='ltr'>καὶ</span> <span class='ocrx_word' id='word_1_84' title='bbox 848 786 1064 837; x_wconf 76' lang='grc' dir='ltr'>ἀξιούντων</span> <span class='ocrx_word' id='word_1_85' title='bbox 1101 788 1406 840; x_wconf 87' lang='grc' dir='ltr'>Διονυσόδωρον</span> <span class='ocrx_word' id='word_1_86' title='bbox 1443 788 1599 828; x_wconf 84' lang='grc' dir='ltr'>τουτονὶ</span> 
     </span>
    </p>

    <p class='ocr_par' dir='ltr' id='par_1_5' title="bbox 117 852 1600 1376">
     <span class='ocr_line' id='line_1_12' title="bbox 117 852 1597 912; baseline 0 -18"><span class='ocrx_word' id='word_1_87' title='bbox 117 857 256 912; x_wconf 87' lang='lat'>[1288]</span> <span class='ocrx_word' id='word_1_88' title='bbox 277 854 345 904; x_wconf 73' lang='grc' dir='ltr'>τὴν</span> <span class='ocrx_word' id='word_1_89' title='bbox 370 857 440 905; x_wconf 79' lang='grc' dir='ltr'>μὲν</span> <span class='ocrx_word' id='word_1_90' title='bbox 467 852 705 907; x_wconf 70' lang='grc' dir='ltr'>συγγραφὴν</span> <span class='ocrx_word' id='word_1_91' title='bbox 733 854 784 906; x_wconf 75' lang='grc' dir='ltr'>μὴ</span> <span class='ocrx_word' id='word_1_92' title='bbox 813 858 933 895; x_wconf 80' lang='grc' dir='ltr'>κινεῖν</span> <span class='ocrx_word' id='word_1_93' title='bbox 957 857 1054 905; x_wconf 80' lang='grc' dir='ltr'>μηδὲ</span> <span class='ocrx_word' id='word_1_94' title='bbox 1079 854 1220 906; x_wconf 81' lang='grc' dir='ltr'>ἄκυρον</span> <span class='ocrx_word' id='word_1_95' title='bbox 1252 857 1378 895; x_wconf 79' lang='grc' dir='ltr'>ποιεῖν</span> <span class='ocrx_word' id='word_1_96' title='bbox 1409 853 1481 904; x_wconf 70' lang='grc' dir='ltr'>τὴν</span> <span class='ocrx_word' id='word_1_97' title='bbox 1504 855 1597 905; x_wconf 87' lang='grc' dir='ltr'>ὁμο-</span> 
     </span>
     <span class='ocr_line' id='line_1_13' title="bbox 276 921 1599 973; baseline 0.002 -13"><span class='ocrx_word' id='word_1_98' title='bbox 276 921 523 973; x_wconf 75' lang='grc' dir='ltr'>λογουμένην</span> <span class='ocrx_word' id='word_1_99' title='bbox 560 923 622 962; x_wconf 83' lang='grc' dir='ltr'>καὶ</span> <span class='ocrx_word' id='word_1_100' title='bbox 657 921 722 962; x_wconf 81' lang='grc' dir='ltr'>ὑπ’</span> <span class='ocrx_word' id='word_1_101' title='bbox 758 921 884 962; x_wconf 87' lang='grc' dir='ltr'>αὐτῶν</span> <span class='ocrx_word' id='word_1_102' title='bbox 919 923 1069 961; x_wconf 87' lang='grc' dir='ltr'>τούτων</span> <span class='ocrx_word' id='word_1_103' title='bbox 1105 923 1240 973; x_wconf 84' lang='grc' dir='ltr'>κυρίαν</span> <span class='ocrx_word' id='word_1_104' title='bbox 1287 921 1399 967; x_wconf 78' lang='grc' dir='ltr'>εἶναι,</span> <span class='ocrx_word' id='word_1_105' title='bbox 1438 925 1516 962; x_wconf 86' lang='grc' dir='ltr'>τῶν</span> <span class='ocrx_word' id='word_1_106' title='bbox 1556 923 1599 962; x_wconf 81' lang='grc' dir='ltr'>δὲ</span> 
     </span>
     <span class='ocr_line' id='line_1_14' title="bbox 277 987 1599 1041; baseline 0 -13"><span class='ocrx_word' id='word_1_107' title='bbox 277 987 487 1041; x_wconf 85' lang='grc' dir='ltr'>χρημάτων</span> <span class='ocrx_word' id='word_1_108' title='bbox 523 989 602 1028; x_wconf 85' lang='grc' dir='ltr'>ὅσα</span> <span class='ocrx_word' id='word_1_109' title='bbox 637 991 710 1039; x_wconf 79' lang='grc' dir='ltr'>μὲν</span> <span class='ocrx_word' id='word_1_110' title='bbox 747 988 862 1030; x_wconf 80' lang='grc' dir='ltr'>αὐτὸς</span> <span class='ocrx_word' id='word_1_111' title='bbox 899 989 1099 1041; x_wconf 84' lang='grc' dir='ltr'>ὁμολογεῖ,</span> <span class='ocrx_word' id='word_1_112' title='bbox 1134 990 1347 1029; x_wconf 76' lang='grc' dir='ltr'>ἀποδοῦναι</span> <span class='ocrx_word' id='word_1_113' title='bbox 1375 988 1481 1039; x_wconf 83' lang='grc' dir='ltr'>ἡμῖν,</span> <span class='ocrx_word' id='word_1_114' title='bbox 1510 988 1599 1040; x_wconf 90' lang='grc' dir='ltr'>περὶ</span> 
     </span>
     <span class='ocr_line' id='line_1_15' title="bbox 277 1053 1599 1108; baseline 0.001 -13"><span class='ocrx_word' id='word_1_115' title='bbox 277 1057 319 1096; x_wconf 84' lang='grc' dir='ltr'>δὲ</span> <span class='ocrx_word' id='word_1_116' title='bbox 355 1059 432 1096; x_wconf 84' lang='grc' dir='ltr'>τῶν</span> <span class='ocrx_word' id='word_1_117' title='bbox 468 1055 785 1108; x_wconf 83' lang='grc' dir='ltr'>ἀντιλεγομένων</span> <span class='ocrx_word' id='word_1_118' title='bbox 819 1053 897 1108; x_wconf 82' lang='grc' dir='ltr'>[ὡς]</span> <span class='ocrx_word' id='word_1_119' title='bbox 932 1057 1099 1106; x_wconf 85' lang='grc' dir='ltr'>ἑτοίμων</span> <span class='ocrx_word' id='word_1_120' title='bbox 1135 1057 1261 1096; x_wconf 84' lang='grc' dir='ltr'>ὄντων</span> <span class='ocrx_word' id='word_1_121' title='bbox 1295 1058 1486 1108; x_wconf 76' lang='grc' dir='ltr'>κριθῆναι,</span> <span class='ocrx_word' id='word_1_122' title='bbox 1519 1057 1599 1096; x_wconf 83' lang='grc' dir='ltr'>εἴτε</span> 
     </span>
     <span class='ocr_line' id='line_1_16' title="bbox 276 1122 1597 1175; baseline 0.001 -13"><span class='ocrx_word' id='word_1_123' title='bbox 276 1123 492 1174; x_wconf 86' lang='grc' dir='ltr'>βούλοιντο</span> <span class='ocrx_word' id='word_1_124' title='bbox 517 1122 582 1174; x_wconf 88' lang='grc' dir='ltr'>ἐφ’</span> <span class='ocrx_word' id='word_1_125' title='bbox 610 1122 697 1165; x_wconf 84' lang='grc' dir='ltr'>ἑνὸς</span> <span class='ocrx_word' id='word_1_126' title='bbox 721 1125 799 1163; x_wconf 84' lang='grc' dir='ltr'>εἴτε</span> <span class='ocrx_word' id='word_1_127' title='bbox 826 1124 898 1163; x_wconf 85' lang='grc' dir='ltr'>κάν</span> <span class='ocrx_word' id='word_1_128' title='bbox 924 1123 1086 1163; x_wconf 90' lang='grc' dir='ltr'>πλείοσι</span> <span class='ocrx_word' id='word_1_129' title='bbox 1114 1126 1192 1164; x_wconf 84' lang='grc' dir='ltr'>τῶν</span> <span class='ocrx_word' id='word_1_130' title='bbox 1224 1124 1266 1163; x_wconf 91' lang='grc' dir='ltr'>ἐκ</span> <span class='ocrx_word' id='word_1_131' title='bbox 1297 1126 1367 1163; x_wconf 86' lang='grc' dir='ltr'>τοῦ</span> <span class='ocrx_word' id='word_1_132' title='bbox 1397 1124 1597 1175; x_wconf 86' lang='grc' dir='ltr'>ἐμπορίου,</span> 
     </span>
     <span class='ocr_line' id='line_1_17' title="bbox 275 1188 1600 1243; baseline 0 -14"><span class='ocrx_word' id='word_1_133' title='bbox 275 1188 344 1229; x_wconf 78' lang='grc' dir='ltr'>οὐκ</span> <span class='ocrx_word' id='word_1_134' title='bbox 364 1190 440 1241; x_wconf 79' lang='grc' dir='ltr'>ἔφη</span> <span class='ocrx_word' id='word_1_135' title='bbox 462 1189 677 1243; x_wconf 80' lang='grc' dir='ltr'>προσέχειν</span> <span class='ocrx_word' id='word_1_136' title='bbox 698 1191 999 1241; x_wconf 82' lang='grc' dir='ltr'>Διονυσόδωρος</span> <span class='ocrx_word' id='word_1_137' title='bbox 1018 1190 1168 1230; x_wconf 89' lang='grc' dir='ltr'>τούτων</span> <span class='ocrx_word' id='word_1_138' title='bbox 1187 1190 1327 1235; x_wconf 84' lang='grc' dir='ltr'>οὐδενί,</span> <span class='ocrx_word' id='word_1_139' title='bbox 1346 1189 1437 1230; x_wconf 83' lang='grc' dir='ltr'>ἀλλ’</span> <span class='ocrx_word' id='word_1_140' title='bbox 1454 1191 1514 1230; x_wconf 85' lang='grc' dir='ltr'>ὅτι</span> <span class='ocrx_word' id='word_1_141' title='bbox 1529 1189 1600 1239; x_wconf 72' lang='grc' dir='ltr'>τὴν</span> 
     </span>
     <span class='ocr_line' id='line_1_18' title="bbox 278 1256 1600 1313; baseline 0.002 -18"><span class='ocrx_word' id='word_1_142' title='bbox 278 1256 513 1308; x_wconf 74' lang='grc' dir='ltr'>συγγραφὴν</span> <span class='ocrx_word' id='word_1_143' title='bbox 547 1258 650 1298; x_wconf 82' lang='grc' dir='ltr'>ὅλως</span> <span class='ocrx_word' id='word_1_144' title='bbox 682 1257 750 1296; x_wconf 85' lang='grc' dir='ltr'>οὐκ</span> <span class='ocrx_word' id='word_1_145' title='bbox 780 1257 1029 1313; x_wconf 82' lang='grc' dir='ltr'>ἀνῃρούμεθα</span> <span class='ocrx_word' id='word_1_146' title='bbox 1059 1256 1416 1308; x_wconf 78' lang='grc' dir='ltr'>ἀπολαμβάνοντες</span> <span class='ocrx_word' id='word_1_147' title='bbox 1439 1257 1463 1296; x_wconf 74' lang='grc' dir='ltr'>ἃ</span> <span class='ocrx_word' id='word_1_148' title='bbox 1488 1256 1600 1299; x_wconf 73' lang='grc' dir='ltr'>οὗτος</span> 
     </span>
     <span class='ocr_line' id='line_1_19' title="bbox 277 1323 1600 1376; baseline 0.002 -13"><span class='ocrx_word' id='word_1_149' title='bbox 277 1323 499 1370; x_wconf 83' lang='grc' dir='ltr'>ἐπέταττεν,</span> <span class='ocrx_word' id='word_1_150' title='bbox 527 1324 610 1376; x_wconf 83' lang='grc' dir='ltr'>ἔχει</span> <span class='ocrx_word' id='word_1_151' title='bbox 639 1324 820 1376; x_wconf 90' lang='grc' dir='ltr'>δεύτερον</span> <span class='ocrx_word' id='word_1_152' title='bbox 852 1324 938 1365; x_wconf 80' lang='grc' dir='ltr'>ἔτος</span> <span class='ocrx_word' id='word_1_153' title='bbox 968 1325 1015 1363; x_wconf 74' lang='grc' dir='ltr'>τίι</span> <span class='ocrx_word' id='word_1_154' title='bbox 1045 1323 1213 1376; x_wconf 85' lang='grc' dir='ltr'>ἡμέτερα</span> <span class='ocrx_word' id='word_1_155' title='bbox 1242 1324 1305 1364; x_wconf 87' lang='grc' dir='ltr'>καὶ</span> <span class='ocrx_word' id='word_1_156' title='bbox 1341 1326 1482 1376; x_wconf 77' lang='grc' dir='ltr'>χρῆται</span> <span class='ocrx_word' id='word_1_157' title='bbox 1518 1326 1600 1366; x_wconf 87' lang='grc' dir='ltr'>τοῖς</span> 
     </span>
    </p>

    <p class='ocr_par' dir='ltr' id='par_1_6' title="bbox 215 1389 1602 1844">
     <span class='ocr_line' id='line_1_20' title="bbox 215 1389 1598 1443; baseline 0.001 -15"><span class='ocrx_word' id='word_1_158' title='bbox 215 1409 256 1443; x_wconf 90' lang='lat'>17</span> <span class='ocrx_word' id='word_1_159' title='bbox 276 1389 489 1442; x_wconf 82' lang='grc' dir='ltr'>χρήμασιν·</span> <span class='ocrx_word' id='word_1_160' title='bbox 528 1391 590 1430; x_wconf 81' lang='grc' dir='ltr'>καὶ</span> <span class='ocrx_word' id='word_1_161' title='bbox 610 1389 630 1430; x_wconf 83' lang='grc' dir='ltr'>δ</span> <span class='ocrx_word' id='word_1_162' title='bbox 649 1390 806 1431; x_wconf 84' lang='grc' dir='ltr'>πάντων</span> <span class='ocrx_word' id='word_1_163' title='bbox 825 1391 913 1430; x_wconf 83' lang='grc' dir='ltr'>ἐστὶ</span> <span class='ocrx_word' id='word_1_164' title='bbox 933 1391 1173 1436; x_wconf 87' lang='grc' dir='ltr'>δεινότατον,</span> <span class='ocrx_word' id='word_1_165' title='bbox 1200 1389 1230 1431; x_wconf 74' lang='grc' dir='ltr'>ι’ἶ)</span> <span class='ocrx_word' id='word_1_166' title='bbox 1248 1390 1386 1442; x_wconf 86' lang='grc' dir='ltr'>ἄνδρες</span> <span class='ocrx_word' id='word_1_167' title='bbox 1406 1390 1598 1436; x_wconf 87' lang='grc' dir='ltr'>δικασταί,</span> 
     </span>
     <span class='ocr_line' id='line_1_21' title="bbox 277 1456 1602 1510; baseline 0.002 -14"><span class='ocrx_word' id='word_1_168' title='bbox 277 1458 338 1496; x_wconf 86' lang='grc' dir='ltr'>ὅτι</span> <span class='ocrx_word' id='word_1_169' title='bbox 357 1456 471 1498; x_wconf 81' lang='grc' dir='ltr'>αὐτὸς</span> <span class='ocrx_word' id='word_1_170' title='bbox 489 1459 561 1508; x_wconf 82' lang='grc' dir='ltr'>μὲν</span> <span class='ocrx_word' id='word_1_171' title='bbox 579 1457 692 1498; x_wconf 81' lang='grc' dir='ltr'>οὗτος</span> <span class='ocrx_word' id='word_1_172' title='bbox 717 1457 806 1510; x_wconf 89' lang='grc' dir='ltr'>παρ’</span> <span class='ocrx_word' id='word_1_173' title='bbox 826 1457 969 1509; x_wconf 80' lang='grc' dir='ltr'>ἑτέρων</span> <span class='ocrx_word' id='word_1_174' title='bbox 989 1457 1217 1510; x_wconf 78' lang='grc' dir='ltr'>εἰσπράττει</span> <span class='ocrx_word' id='word_1_175' title='bbox 1240 1457 1442 1499; x_wconf 80' lang='grc' dir='ltr'>ναυτικοὺς</span> <span class='ocrx_word' id='word_1_176' title='bbox 1465 1458 1602 1499; x_wconf 77' lang='grc' dir='ltr'>τόκους</span> 
     </span>
     <span class='ocr_line' id='line_1_22' title="bbox 277 1523 1601 1577; baseline 0.001 -14"><span class='ocrx_word' id='word_1_177' title='bbox 277 1523 354 1564; x_wconf 81' lang='grc' dir='ltr'>ἀπὸ</span> <span class='ocrx_word' id='word_1_178' title='bbox 379 1527 456 1564; x_wconf 84' lang='grc' dir='ltr'>τῶν</span> <span class='ocrx_word' id='word_1_179' title='bbox 486 1524 683 1576; x_wconf 86' lang='grc' dir='ltr'>ἡμετέρων</span> <span class='ocrx_word' id='word_1_180' title='bbox 711 1523 937 1577; x_wconf 83' lang='grc' dir='ltr'>χρημάτων,</span> <span class='ocrx_word' id='word_1_181' title='bbox 970 1525 1038 1565; x_wconf 86' lang='grc' dir='ltr'>οὐκ</span> <span class='ocrx_word' id='word_1_182' title='bbox 1070 1524 1265 1575; x_wconf 85' lang='grc' dir='ltr'>Ἀθήνησι</span> <span class='ocrx_word' id='word_1_183' title='bbox 1301 1526 1484 1566; x_wconf 85' lang='grc' dir='ltr'>δανείσας</span> <span class='ocrx_word' id='word_1_184' title='bbox 1520 1523 1601 1564; x_wconf 74' lang='grc' dir='ltr'>οὐδ’</span> 
     </span>
     <span class='ocr_line' id='line_1_23' title="bbox 277 1588 1602 1644; baseline 0.002 -14"><span class='ocrx_word' id='word_1_185' title='bbox 277 1591 331 1631; x_wconf 84' lang='grc' dir='ltr'>εἷς</span> <span class='ocrx_word' id='word_1_186' title='bbox 367 1589 548 1641; x_wconf 87' lang='grc' dir='ltr'>Ἀθήνας,</span> <span class='ocrx_word' id='word_1_187' title='bbox 587 1588 679 1631; x_wconf 85' lang='grc' dir='ltr'>ἀλλ’</span> <span class='ocrx_word' id='word_1_188' title='bbox 716 1593 770 1633; x_wconf 84' lang='grc' dir='ltr'>εἰς</span> <span class='ocrx_word' id='word_1_189' title='bbox 806 1591 941 1632; x_wconf 77' lang='grc' dir='ltr'>Ῥόδον</span> <span class='ocrx_word' id='word_1_190' title='bbox 980 1592 1041 1631; x_wconf 90' lang='grc' dir='ltr'>καὶ</span> <span class='ocrx_word' id='word_1_191' title='bbox 1079 1593 1293 1644; x_wconf 82' lang='grc' dir='ltr'>Αἴγυπτον,</span> <span class='ocrx_word' id='word_1_192' title='bbox 1323 1591 1417 1642; x_wconf 85' lang='grc' dir='ltr'>ἡμῖν</span> <span class='ocrx_word' id='word_1_193' title='bbox 1448 1593 1491 1632; x_wconf 82' lang='grc' dir='ltr'>δὲ</span> <span class='ocrx_word' id='word_1_194' title='bbox 1519 1594 1602 1633; x_wconf 79' lang='grc' dir='ltr'>τοῖς</span> 
     </span>
     <span class='ocr_line' id='line_1_24' title="bbox 277 1657 1602 1710; baseline 0.002 -14"><span class='ocrx_word' id='word_1_195' title='bbox 277 1659 510 1698; x_wconf 82' lang='grc' dir='ltr'>δανείσασιν</span> <span class='ocrx_word' id='word_1_196' title='bbox 536 1659 591 1700; x_wconf 84' lang='grc' dir='ltr'>εἰς</span> <span class='ocrx_word' id='word_1_197' title='bbox 620 1657 664 1698; x_wconf 88' lang='grc' dir='ltr'>τὸ</span> <span class='ocrx_word' id='word_1_198' title='bbox 696 1657 884 1710; x_wconf 83' lang='grc' dir='ltr'>ὑμέτερον</span> <span class='ocrx_word' id='word_1_199' title='bbox 916 1659 1105 1710; x_wconf 83' lang='grc' dir='ltr'>ἐμπόριον</span> <span class='ocrx_word' id='word_1_200' title='bbox 1142 1658 1211 1698; x_wconf 86' lang='grc' dir='ltr'>οὐκ</span> <span class='ocrx_word' id='word_1_201' title='bbox 1249 1660 1372 1698; x_wconf 81' lang='grc' dir='ltr'>οἴεται</span> <span class='ocrx_word' id='word_1_202' title='bbox 1407 1661 1488 1698; x_wconf 87' lang='grc' dir='ltr'>δεῖν</span> <span class='ocrx_word' id='word_1_203' title='bbox 1524 1662 1602 1699; x_wconf 86' lang='grc' dir='ltr'>τῶν</span> 
     </span>
     <span class='ocr_line' id='line_1_25' title="bbox 276 1723 1602 1777; baseline 0.002 -13"><span class='ocrx_word' id='word_1_204' title='bbox 276 1725 436 1764; x_wconf 87' lang='grc' dir='ltr'>δικαίων</span> <span class='ocrx_word' id='word_1_205' title='bbox 472 1724 584 1765; x_wconf 82' lang='grc' dir='ltr'>οὐδὲν</span> <span class='ocrx_word' id='word_1_206' title='bbox 623 1729 763 1767; x_wconf 82' lang='grc' dir='ltr'>ποιεῖν.</span> <span class='ocrx_word' id='word_1_207' title='bbox 839 1726 898 1765; x_wconf 87' lang='grc' dir='ltr'>ὅτι,</span> <span class='ocrx_word' id='word_1_208' title='bbox 935 1723 967 1766; x_wconf 78' lang='grc' dir='ltr'>δ’</span> <span class='ocrx_word' id='word_1_209' title='bbox 1004 1726 1132 1775; x_wconf 82' lang='grc' dir='ltr'>ἀληθῆ</span> <span class='ocrx_word' id='word_1_210' title='bbox 1171 1724 1290 1777; x_wconf 82' lang='grc' dir='ltr'>λέγω,</span> <span class='ocrx_word' id='word_1_211' title='bbox 1329 1725 1602 1777; x_wconf 81' lang='grc' dir='ltr'>ἀναγνώσεται</span> 
     </span>
     <span class='ocr_line' id='line_1_26' title="bbox 275 1791 1600 1844; baseline 0.002 -13"><span class='ocrx_word' id='word_1_212' title='bbox 275 1791 365 1842; x_wconf 84' lang='grc' dir='ltr'>ὑμῖν</span> <span class='ocrx_word' id='word_1_213' title='bbox 390 1791 460 1842; x_wconf 79' lang='grc' dir='ltr'>τὴν</span> <span class='ocrx_word' id='word_1_214' title='bbox 486 1792 709 1844; x_wconf 85' lang='grc' dir='ltr'>πρόκλησιν</span> <span class='ocrx_word' id='word_1_215' title='bbox 734 1791 782 1842; x_wconf 84' lang='grc' dir='ltr'>ἣν</span> <span class='ocrx_word' id='word_1_216' title='bbox 806 1792 904 1844; x_wconf 76' lang='grc' dir='ltr'>ὑπὲρ</span> <span class='ocrx_word' id='word_1_217' title='bbox 929 1792 1077 1833; x_wconf 88' lang='grc' dir='ltr'>τούτων</span> <span class='ocrx_word' id='word_1_218' title='bbox 1103 1791 1444 1844; x_wconf 82' lang='grc' dir='ltr'>προύκαλεσάμεθ’</span> <span class='ocrx_word' id='word_1_219' title='bbox 1471 1792 1600 1833; x_wconf 83' lang='grc' dir='ltr'>αὐτόν.</span> 
     </span>
    </p>
   </div>
   <div class='ocr_carea' id='block_1_4' title="bbox 214 1900 1604 2150">
    <p class='ocr_par' dir='ltr' id='par_1_7' title="bbox 214 1900 1604 2150">
     <span class='ocr_line' id='line_1_27' title="bbox 815 1900 1062 1929; baseline -0.004 -2"><span class='ocrx_word' id='word_1_220' title='bbox 815 1900 1062 1929; x_wconf 81' lang='grc' dir='ltr'><strong>ΠΡΟΚΛΗΣῙΣ.</strong></span> 
     </span>
     <span class='ocr_line' id='line_1_28' title="bbox 214 1960 1603 2015; baseline 0.001 -14"><span class='ocrx_word' id='word_1_221' title='bbox 214 1973 256 2007; x_wconf 88' lang='lat'>18</span> <span class='ocrx_word' id='word_1_222' title='bbox 341 1965 475 2002; x_wconf 82' lang='grc' dir='ltr'>Ταῦτα</span> <span class='ocrx_word' id='word_1_223' title='bbox 499 1964 643 2009; x_wconf 84' lang='grc' dir='ltr'>τοίνυν,</span> <span class='ocrx_word' id='word_1_224' title='bbox 671 1960 700 2002; x_wconf 70' lang='grc' dir='ltr'>ὦ</span> <span class='ocrx_word' id='word_1_225' title='bbox 725 1963 862 2015; x_wconf 83' lang='grc' dir='ltr'>ἄνδρες</span> <span class='ocrx_word' id='word_1_226' title='bbox 889 1964 1082 2009; x_wconf 85' lang='grc' dir='ltr'>δικασταί,</span> <span class='ocrx_word' id='word_1_227' title='bbox 1104 1962 1466 2015; x_wconf 85' lang='grc' dir='ltr'>προκαλεσαμένων</span> <span class='ocrx_word' id='word_1_228' title='bbox 1493 1962 1603 2014; x_wconf 85' lang='grc' dir='ltr'>ἡμῶν</span> 
     </span>
     <span class='ocr_line' id='line_1_29' title="bbox 277 2028 1604 2082; baseline 0.002 -14"><span class='ocrx_word' id='word_1_229' title='bbox 277 2030 580 2081; x_wconf 90' lang='grc' dir='ltr'>Διονυσόδωρον</span> <span class='ocrx_word' id='word_1_230' title='bbox 618 2030 773 2070; x_wconf 86' lang='grc' dir='ltr'>τουτονὶ</span> <span class='ocrx_word' id='word_1_231' title='bbox 812 2030 1020 2080; x_wconf 84' lang='grc' dir='ltr'>πολλάκις,</span> <span class='ocrx_word' id='word_1_232' title='bbox 1063 2028 1125 2070; x_wconf 80' lang='grc' dir='ltr'>καὶ</span> <span class='ocrx_word' id='word_1_233' title='bbox 1167 2030 1230 2071; x_wconf 81' lang='grc' dir='ltr'>ἐπὶ</span> <span class='ocrx_word' id='word_1_234' title='bbox 1269 2032 1424 2072; x_wconf 74' lang='grc' dir='ltr'>πολλὰς</span> <span class='ocrx_word' id='word_1_235' title='bbox 1459 2029 1604 2082; x_wconf 83' lang='grc' dir='ltr'>ἡμέρας</span> 
     </span>
     <span class='ocr_line' id='line_1_30' title="bbox 277 2095 1604 2150; baseline 0.002 -15"><span class='ocrx_word' id='word_1_236' title='bbox 277 2095 508 2136; x_wconf 85' lang='grc' dir='ltr'>ἐκτιθέντων</span> <span class='ocrx_word' id='word_1_237' title='bbox 555 2096 626 2147; x_wconf 76' lang='grc' dir='ltr'>τὴν</span> <span class='ocrx_word' id='word_1_238' title='bbox 673 2098 908 2149; x_wconf 85' lang='grc' dir='ltr'>πρόκλησιν,</span> <span class='ocrx_word' id='word_1_239' title='bbox 952 2096 1102 2148; x_wconf 84' lang='grc' dir='ltr'>εὐήθεις</span> <span class='ocrx_word' id='word_1_240' title='bbox 1143 2098 1220 2150; x_wconf 86' lang='grc' dir='ltr'>ἔφη</span> <span class='ocrx_word' id='word_1_241' title='bbox 1259 2102 1462 2139; x_wconf 78' lang='grc' dir='ltr'>παντελῶς</span> <span class='ocrx_word' id='word_1_242' title='bbox 1503 2097 1604 2148; x_wconf 78' lang='grc' dir='ltr'>ἡμᾶς</span> 
     </span>
    </p>
   </div>
   <div class='ocr_carea' id='block_1_5' title="bbox 276 2199 1604 2459">
    <p class='ocr_par' dir='ltr' id='par_1_8' title="bbox 276 2199 1604 2459">
     <span class='ocr_line' id='line_1_31' title="bbox 323 2199 1603 2242; baseline 0 -10"><span class='ocrx_word' id='word_1_243' title='bbox 323 2209 336 2229; x_wconf 84' lang='grc' dir='ltr'>Ι</span> <span class='ocrx_word' id='word_1_244' title='bbox 362 2201 490 2241; x_wconf 74' lang='grc' dir='ltr'>’γραφήν</span> <span class='ocrx_word' id='word_1_245' title='bbox 505 2199 536 2229; x_wconf 86' lang='grc' dir='ltr'><strong>Λ</strong></span> <span class='ocrx_word' id='word_1_246' title='bbox 626 2201 830 2242; x_wconf 82' lang='grc' dir='ltr'>ἀναιρούμεθα</span> <span class='ocrx_word' id='word_1_247' title='bbox 846 2200 877 2231; x_wconf 85' lang='grc' dir='ltr'>Α</span> <span class='ocrx_word' id='word_1_248' title='bbox 1017 2212 1037 2232; x_wconf 86' lang='grc'><strong>2</strong></span> <span class='ocrx_word' id='word_1_249' title='bbox 1060 2203 1077 2233; x_wconf 74' lang='grc' dir='ltr'>ἳ)</span> <span class='ocrx_word' id='word_1_250' title='bbox 1093 2211 1159 2233; x_wconf 88' lang='lat' dir='ltr'>om.</span> <span class='ocrx_word' id='word_1_251' title='bbox 1176 2200 1207 2231; x_wconf 82' lang='lat' dir='ltr'><strong>A</strong></span> <span class='ocrx_word' id='word_1_252' title='bbox 1296 2203 1415 2242; x_wconf 77' lang='grc' dir='ltr'>ἀποδῷς</span> <span class='ocrx_word' id='word_1_253' title='bbox 1432 2201 1456 2232; x_wconf 88' lang='lat' dir='ltr'>S</span> <span class='ocrx_word' id='word_1_254' title='bbox 1467 2201 1493 2232; x_wconf 86' lang='lat' dir='ltr'><strong>F</strong></span> <span class='ocrx_word' id='word_1_255' title='bbox 1508 2201 1538 2240; x_wconf 87' lang='lat' dir='ltr'>Q</span> <span class='ocrx_word' id='word_1_256' title='bbox 1552 2201 1582 2231; x_wconf 94' lang='lat' dir='ltr'>D</span> <span class='ocrx_word' id='word_1_257' title='bbox 1596 2213 1603 2232; x_wconf 91' lang='lat'>:</span> 
     </span>
     <span class='ocr_line' id='line_1_32' title="bbox 276 2243 1601 2283; baseline 0.002 -9"><span class='ocrx_word' id='word_1_258' title='bbox 276 2243 430 2275; x_wconf 81' lang='grc' dir='ltr'>ἀποδίδως</span> <span class='ocrx_word' id='word_1_259' title='bbox 450 2244 525 2283; x_wconf 48' lang='lat' dir='ltr'>[sic]</span> <span class='ocrx_word' id='word_1_260' title='bbox 543 2243 574 2273; x_wconf 90' lang='grc' dir='ltr'><strong>Λ</strong></span> <span class='ocrx_word' id='word_1_261' title='bbox 663 2255 681 2282; x_wconf 87' lang='lat'><strong>4</strong></span> <span class='ocrx_word' id='word_1_262' title='bbox 707 2245 799 2283; x_wconf 83' lang='lat' dir='ltr'>prius</span> <span class='ocrx_word' id='word_1_263' title='bbox 817 2246 854 2276; x_wconf 79' lang='grc' dir='ltr'>ἂν</span> <span class='ocrx_word' id='word_1_264' title='bbox 870 2255 934 2276; x_wconf 87' lang='lat' dir='ltr'>om.</span> <span class='ocrx_word' id='word_1_265' title='bbox 954 2243 986 2274; x_wconf 80' lang='lat' dir='ltr'><strong>A</strong></span> <span class='ocrx_word' id='word_1_266' title='bbox 1092 2255 1125 2275; x_wconf 83' lang='lat'>11</span> <span class='ocrx_word' id='word_1_267' title='bbox 1152 2245 1275 2277; x_wconf 76' lang='grc' dir='ltr'>τούτων</span> <span class='ocrx_word' id='word_1_268' title='bbox 1290 2246 1403 2276; x_wconf 88' lang='lat' dir='ltr'>addidi</span> <span class='ocrx_word' id='word_1_269' title='bbox 1422 2256 1464 2276; x_wconf 82' lang='lat' dir='ltr'>ex</span> <span class='ocrx_word' id='word_1_270' title='bbox 1480 2245 1510 2275; x_wconf 84' lang='lat' dir='ltr'><strong>A</strong></span> <span class='ocrx_word' id='word_1_271' title='bbox 1528 2245 1601 2276; x_wconf 84' lang='lat' dir='ltr'>coll.</span> 
     </span>
     <span class='ocr_line' id='line_1_33' title="bbox 281 2287 1604 2327; baseline 0.002 -11"><span class='ocrx_word' id='word_1_272' title='bbox 281 2290 295 2323; x_wconf 67' lang='grc' dir='ltr'>ξ</span> <span class='ocrx_word' id='word_1_273' title='bbox 330 2297 382 2325; x_wconf 77' lang='grc'>37,</span> <span class='ocrx_word' id='word_1_274' title='bbox 417 2288 522 2317; x_wconf 81' lang='lat' dir='ltr'>xxxiv</span> <span class='ocrx_word' id='word_1_275' title='bbox 539 2297 557 2325; x_wconf 84' lang='grc'>5</span> <span class='ocrx_word' id='word_1_276' title='bbox 573 2298 580 2317; x_wconf 77' lang='lat' dir='ltr'><em>z</em></span> <span class='ocrx_word' id='word_1_277' title='bbox 618 2297 685 2318; x_wconf 85' lang='lat' dir='ltr'>om.</span> <span class='ocrx_word' id='word_1_278' title='bbox 721 2287 745 2317; x_wconf 81' lang='lat' dir='ltr'>S</span> <span class='ocrx_word' id='word_1_279' title='bbox 758 2288 782 2317; x_wconf 78' lang='lat' dir='ltr'>F</span> <span class='ocrx_word' id='word_1_280' title='bbox 795 2288 825 2326; x_wconf 83' lang='lat' dir='ltr'>Q</span> <span class='ocrx_word' id='word_1_281' title='bbox 842 2288 869 2317; x_wconf 75' lang='lat' dir='ltr'>D</span> <span class='ocrx_word' id='word_1_282' title='bbox 999 2298 1037 2327; x_wconf 87' lang='lat'>13</span> <span class='ocrx_word' id='word_1_283' title='bbox 1063 2291 1101 2320; x_wconf 73' lang='grc' dir='ltr'>ὡς</span> <span class='ocrx_word' id='word_1_284' title='bbox 1132 2289 1214 2319; x_wconf 83' lang='lat' dir='ltr'>secl.</span> <span class='ocrx_word' id='word_1_285' title='bbox 1250 2289 1400 2327; x_wconf 80' lang='lat' dir='ltr'>Bekker,</span> <span class='ocrx_word' id='word_1_286' title='bbox 1435 2289 1604 2319; x_wconf 81' lang='lat' dir='ltr'>Richards</span> 
     </span>
     <span class='ocr_line' id='line_1_34' title="bbox 280 2329 1603 2372; baseline 0.002 -14"><span class='ocrx_word' id='word_1_287' title='bbox 280 2339 317 2367; x_wconf 82' lang='lat'>¹4</span> <span class='ocrx_word' id='word_1_288' title='bbox 342 2331 412 2361; x_wconf 76' lang='grc' dir='ltr'>ἑνὸς</span> <span class='ocrx_word' id='word_1_289' title='bbox 429 2330 453 2360; x_wconf 85' lang='lat' dir='ltr'>S</span> <span class='ocrx_word' id='word_1_290' title='bbox 465 2330 489 2360; x_wconf 84' lang='lat' dir='ltr'>F</span> <span class='ocrx_word' id='word_1_291' title='bbox 502 2329 532 2368; x_wconf 84' lang='lat' dir='ltr'>Q</span> <span class='ocrx_word' id='word_1_292' title='bbox 549 2330 596 2360; x_wconf 92' lang='lat' dir='ltr'>D:</span> <span class='ocrx_word' id='word_1_293' title='bbox 623 2332 666 2362; x_wconf 83' lang='grc' dir='ltr'>ἑνὶ</span> <span class='ocrx_word' id='word_1_294' title='bbox 684 2330 715 2359; x_wconf 91' lang='grc' dir='ltr'>Α</span> <span class='ocrx_word' id='word_1_295' title='bbox 794 2333 852 2362; x_wconf 86' lang='grc' dir='ltr'>κάν</span> <span class='ocrx_word' id='word_1_296' title='bbox 871 2331 1054 2362; x_wconf 81' lang='lat' dir='ltr'>Schaeser:</span> <span class='ocrx_word' id='word_1_297' title='bbox 1078 2333 1127 2364; x_wconf 77' lang='grc' dir='ltr'>καὶ</span> <span class='ocrx_word' id='word_1_298' title='bbox 1146 2332 1244 2362; x_wconf 88' lang='lat' dir='ltr'>codd.</span> <span class='ocrx_word' id='word_1_299' title='bbox 1323 2336 1388 2363; x_wconf 83' lang='grc' dir='ltr'>τῶν</span> <span class='ocrx_word' id='word_1_300' title='bbox 1405 2333 1557 2372; x_wconf 83' lang='grc' dir='ltr'>ἐμπορίων</span> <span class='ocrx_word' id='word_1_301' title='bbox 1572 2330 1603 2360; x_wconf 89' lang='grc' dir='ltr'>Α</span> 
     </span>
     <span class='ocr_line' id='line_1_35' title="bbox 280 2373 1604 2416; baseline 0.002 -14"><span class='ocrx_word' id='word_1_302' title='bbox 280 2382 317 2411; x_wconf 86' lang='lat'>15</span> <span class='ocrx_word' id='word_1_303' title='bbox 335 2373 499 2414; x_wconf 80' lang='grc' dir='ltr'>προσέξειν</span> <span class='ocrx_word' id='word_1_304' title='bbox 517 2373 695 2411; x_wconf 78' lang='lat' dir='ltr'>Richards,</span> <span class='ocrx_word' id='word_1_305' title='bbox 710 2375 769 2404; x_wconf 80' lang='lat' dir='ltr'>sed</span> <span class='ocrx_word' id='word_1_306' title='bbox 782 2374 822 2404; x_wconf 85' lang='lat' dir='ltr'>cs.</span> <span class='ocrx_word' id='word_1_307' title='bbox 838 2375 869 2403; x_wconf 87' lang='lat' dir='ltr'>lii</span> <span class='ocrx_word' id='word_1_308' title='bbox 887 2384 933 2412; x_wconf 84' lang='lat'>13,</span> <span class='ocrx_word' id='word_1_309' title='bbox 949 2374 1081 2414; x_wconf 81' lang='lat' dir='ltr'>Hyper.</span> <span class='ocrx_word' id='word_1_310' title='bbox 1097 2375 1129 2404; x_wconf 88' lang='lat' dir='ltr'>iii</span> <span class='ocrx_word' id='word_1_311' title='bbox 1146 2385 1182 2404; x_wconf 81' lang='lat'>12</span> <span class='ocrx_word' id='word_1_312' title='bbox 1296 2376 1336 2405; x_wconf 83' lang='lat'>16</span> <span class='ocrx_word' id='word_1_313' title='bbox 1360 2375 1393 2416; x_wconf 72' lang='lat' dir='ltr'>a]</span> <span class='ocrx_word' id='word_1_314' title='bbox 1413 2377 1472 2407; x_wconf 77' lang='grc' dir='ltr'>ὅσα</span> <span class='ocrx_word' id='word_1_315' title='bbox 1490 2375 1604 2405; x_wconf 85' lang='lat' dir='ltr'>Naber</span> 
     </span>
     <span class='ocr_line' id='line_1_36' title="bbox 281 2416 1278 2459; baseline 0.004 -13"><span class='ocrx_word' id='word_1_316' title='bbox 281 2426 318 2456; x_wconf 88' lang='lat'>17</span> <span class='ocrx_word' id='word_1_317' title='bbox 343 2417 391 2448; x_wconf 81' lang='grc' dir='ltr'>καὶ</span> <span class='ocrx_word' id='word_1_318' title='bbox 409 2420 526 2458; x_wconf 82' lang='grc' dir='ltr'>χρῆται</span> <span class='ocrx_word' id='word_1_319' title='bbox 543 2416 574 2446; x_wconf 92' lang='grc' dir='ltr'>Α</span> <span class='ocrx_word' id='word_1_320' title='bbox 591 2429 598 2447; x_wconf 88' lang='lat'>:</span> <span class='ocrx_word' id='word_1_321' title='bbox 623 2417 778 2458; x_wconf 83' lang='grc' dir='ltr'>κέχρηται</span> <span class='ocrx_word' id='word_1_322' title='bbox 797 2424 874 2447; x_wconf 82' lang='lat' dir='ltr'>cett.</span> <span class='ocrx_word' id='word_1_323' title='bbox 1009 2428 1051 2447; x_wconf 80' lang='lat'>22</span> <span class='ocrx_word' id='word_1_324' title='bbox 1076 2418 1228 2459; x_wconf 74' lang='grc' dir='ltr'>ἡμέτερον</span> <span class='ocrx_word' id='word_1_325' title='bbox 1247 2418 1278 2449; x_wconf 90' lang='grc' dir='ltr'><strong>Λ</strong></span> 
     </span>
    </p>
   </div>
  </div>
 </body>
</html>
