1742 2774
173 137 280 192 mn]
509 140 670 178 ΠΡΟΣ
720 138 1146 176 ΜΑΚΑΡΤΑΤΟΝ
1515 138 1657 192 [1057]

172 239 335 282 πάππου
359 243 427 281 τοῦ
452 241 590 280 ἑαυτοῦ
614 237 724 289 ὄνομ’
751 237 868 291 ἔχων,
890 241 957 277 τοῦ
981 236 1152 289 Ἁγνίου.
1216 237 1278 276 καὶ
1295 237 1407 278 οὗτος
1423 239 1494 287 μὲν

173 307 291 350 ἄπαις
316 306 575 357 ἐτελεύτησεν
601 306 620 345 6
645 305 806 358 ‘Ayvias
822 305 842 343 6
860 305 1037 356 ὕστερος.
1097 307 1166 355 τῆς
1191 304 1434 357 (1)υλομάχης
1454 305 1494 343 δὲ
1518 321 1558 353 24

173 377 242 426 τῆς
267 375 443 426 ἀδελφῆς
468 376 537 424 τῆς
562 371 817 423 Πολέμωνος,
839 372 901 411 καὶ
921 364 1138 423 Φιλάγρου,
1166 370 1194 426 ᾧ
1217 372 1360 412 ἔδωκεν
1377 370 1497 420 αὐτὴν

173 443 194 482 6
209 441 385 494 ἀδελφὸς
409 440 608 491 Πολέμων
623 441 776 494 ἀνεψιῷ
797 440 880 479 ὄντι
897 441 1033 479 ἑαυτοῦ
1051 440 1085 490 (6
1105 438 1179 491 γὰρ
1200 440 1401 491 Φίλαγρος
1417 437 1498 479 υἱὸς

135 519 153 551 5
173 508 221 560 ἦν
244 508 492 561 Εὐβουλίδου
515 510 584 548 τοῦ
613 508 790 559 ἀδελφοῦ
818 510 886 546 τοῦ
909 504 1095 558 εΑγνίου),
1122 509 1190 546 τοῦ
1224 505 1268 556 δὴ
1295 504 1498 558 Φιλάγρου

172 579 240 617 τοῦ
263 576 432 629 ἀνεψιοῦ
450 578 517 615 τοῦ
536 573 779 625 Πολέμωνος
799 573 862 614 καὶ
880 575 948 624 τῆς
973 572 1218 627 Φυλομάχης
1236 575 1305 623 τῆς
1321 574 1499 625 ἀδελφῆς

171 645 239 695 τῆς
277 641 520 694 Πολέμωνος
556 641 713 694 ἐγένετο
748 640 831 683 υἱὸς
868 641 1129 692 Εὐβουλίδης,
1165 641 1185 679 ὁ
1221 639 1347 691 πατὴρ
1378 640 1398 679 6
1431 642 1498 690 τῆς

173 709 319 763 μητρὸς
345 713 414 751 τοῦ
448 708 587 751 παιδὸς
621 708 786 749 τουτουί.
859 708 921 748 καὶ
956 707 1063 748 οὗτοι
1098 710 1170 759 μὲν
1195 709 1290 749 υἱεῖς
1314 706 1498 760 ἐγένοντο

174 777 388 829 Πολέμωνι
409 776 470 817 καὶ
494 777 540 833 τῇ
567 776 722 832 ἀδελφῇ
743 781 791 833 τῇ
809 774 1051 826 Πολέμωνος
1071 774 1306 831 Φυλομάχῃ.
1365 777 1433 814 τοῦ
1457 776 1499 814 δὲ

114 860 155 882 10
174 843 402 898 Χαριδήμου
431 843 602 897 ἐγένετο,
633 847 702 884 τοῦ
733 842 836 885 υἱέος
868 846 936 883 τοῦ
965 842 1166 894 Στρατίου,
1202 843 1443 893 Θεόπομπος
1479 842 1499 880 6

173 912 327 953 τουτουὶ
362 912 489 964 πατὴρ
527 909 805 964 Μακαρτάτου.
876 909 998 950 πάλιν
1034 909 1079 959 δὴ
1118 911 1260 961 ἐρωτῶ,
1299 907 1327 948 ὦ
1362 908 1500 961 ἄνδρες
1521 925 1560 961 25

173 980 367 1025 δικασταί,
405 979 569 1031 πότερος
605 978 840 1030 οἰκειότερός
876 978 988 1017 ἐστιν
1018 976 1080 1016 καὶ
1116 975 1308 1028 προσήκει
1343 978 1500 1027 μᾶλλον

172 1045 314 1101 Ἁγνίᾳ
348 1047 401 1101 τῷ
430 1046 570 1101 πρώτῳ
606 1046 755 1100 ἐκείνῳ,
786 1045 806 1084 6
843 1044 1086 1095 Πολέμωνος
1120 1043 1203 1086 υἱὸς
1238 1043 1401 1096 Ἀγνίας
1439 1043 1501 1082 καὶ

174 1114 425 1166 Εὐβουλίδης
450 1114 471 1153 6
496 1111 739 1166 Φυλομάχης
763 1111 846 1154 υἱὸς
871 1111 933 1152 καὶ
959 1110 1177 1164 Φιλάγρου,
1204 1107 1227 1161 ἢ
1259 1110 1501 1162 Θεόπομπος

115 1194 152 1227 15
174 1181 196 1221 6
214 1179 441 1234 Χαριδήμου
465 1181 562 1227 υἱός,
590 1181 782 1233 Στρατίου
807 1182 849 1220 δὲ
877 1180 1027 1225 ὑϊδοῦς,·
1065 1179 1143 1230 ἐγὼ
1175 1180 1248 1229 μὲν
1273 1179 1347 1230 γὰρ
1377 1177 1496 1228 οἶμαι,

174 1247 203 1289 ὦ
230 1247 368 1301 ἄνδρες
393 1248 588 1294 δικασταί,
616 1249 725 1300 εἴπερ
752 1248 814 1288 καὶ
840 1247 860 1286 6
884 1247 966 1288 υἱός
991 1246 1229 1287 οἰκειότατός
1258 1246 1369 1285 ἐστιν
1390 1244 1452 1285 καὶ
1476 1245 1499 1295 ἡ

173 1314 358 1369 θυγάτηρ,
385 1314 508 1356 πάλιν
539 1315 558 1355 6
586 1315 717 1356 ὑϊδοῦς
747 1315 809 1355 καὶ
832 1314 852 1353 6
879 1315 921 1354 ἐκ
953 1315 1023 1364 τῆς
1049 1312 1239 1365 θυγατρὸς
1272 1313 1367 1358 υἱός,
1394 1311 1501 1352 οῦτοι
1521 1312 1661 1367 [1058]

173 1383 403 1435 οἰκειότεροί
437 1383 515 1423 εἷο-ι
549 1385 706 1434 μᾶλλον
741 1378 764 1432 ἦ
796 1383 815 1421 ὁ
848 1385 916 1421 τοῦ
952 1381 1167 1433 ἀδελφιδοῦ
1200 1379 1281 1422 υἱὸς
1315 1379 1376 1419 καὶ
1406 1380 1426 1419 6
1458 1378 1504 1429 ἐξ

173 1448 307 1503 ἑτέρου
333 1448 386 1490 ὢν
411 1451 530 1492 οἴκου.
601 1453 654 1504 τῷ
673 1451 746 1500 μὲν
770 1449 838 1489 οῦν
864 1448 1092 1502 Θεοπόμπῳ
1119 1446 1276 1500 ἐγένετο
1301 1446 1381 1487 υἱός
1409 1449 1496 1486 Ma-
1521 1454 1565 1488 26

112 1531 154 1554 20
174 1516 363 1570 κάρτατος
387 1518 536 1564 οὑτοσί,
562 1517 614 1573 τῷ
637 1518 679 1557 δὲ
707 1515 936 1572 Εὐβουλίδῃ
961 1515 1015 1571 τῷ
1041 1517 1108 1565 τῆς
1146 1511 1386 1567 Φυλομάχης
1411 1515 1498 1563 υἱεῖ,

173 1585 327 1639 ἀνεψιῷ
353 1586 395 1626 δὲ
417 1584 577 1638 Ἅγνίου
596 1586 680 1625 ὄντι
704 1583 802 1636 πρὸς
826 1583 984 1635 πατρός,
1011 1582 1146 1622 οὑτοσὶ
1172 1582 1192 1621 6
1211 1585 1315 1631 παῖς,
1333 1582 1501 1633 ἀνεψιοῦ

174 1655 266 1694 παῖς
286 1650 340 1692 ὢν
365 1651 507 1707 Ἃγνίᾳ
528 1655 625 1704 πρὸς
649 1651 808 1703 πατρός,
835 1649 968 1700 ἐπειδὴ
994 1650 1016 1700 ἡ
1044 1648 1264 1702 Φυλομάχη
1285 1648 1308 1699 ἡ
1333 1647 1459 1700 μήτηρ
1477 1648 1499 1698 ἡ

175 1719 423 1771 Εὐβουλίδου
443 1719 507 1760 καὶ
526 1720 546 1759 6
566 1718 763 1770 Πολέμων
789 1719 809 1758 6
825 1717 954 1769 πατὴρ
973 1718 993 1756 6
1017 1715 1177 1769 ‘Aym'ov
1203 1715 1372 1768 ἀδελφοὶ
1398 1714 1501 1765 ἦσαν

174 1785 406 1840 ὁμοπάτριοι
432 1787 494 1828 καὶ
518 1784 758 1839 ὁμομήτριοι.
829 1785 880 1841 τῷ
904 1783 946 1825 δέ
969 1802 1015 1837 γε
1046 1782 1296 1838 Μακαρτάτῳ
1321 1783 1426 1838 τῳδί,
1454 1782 1506 1836 τῷ

115 1867 153 1899 25
173 1855 250 1895 υἱεῖ
271 1855 325 1909 τῷ
351 1854 608 1906 Θεοπόμπου,
635 1853 746 1894 οὐδὲν
773 1852 929 1905 ἐγένετο
956 1852 1119 1904 ἔκγονον
1144 1852 1166 1891 ὅ
1189 1868 1227 1891 τι
1253 1850 1362 1891 ἐστὶν
1388 1851 1429 1890 ἐν
1454 1849 1506 1904 τῷ

173 1922 266 1977 οἴκῳ
290 1922 343 1977 τῷ
365 1921 502 1962 τούτου
519 1922 581 1962 καὶ
605 1922 657 1978 τῷ
682 1921 884 1973 Στρατίου.
944 1919 1093 1960 τούτων
1118 1918 1150 1959 δ’
1170 1918 1293 1960 οὕτως
1314 1917 1499 1971 ἐχόντων,
1522 1928 1566 1963 27

221 2041 240 2069 4
264 2031 330 2063 υἱὸς
345 2030 377 2061 Α
391 2031 416 2061 F
434 2044 486 2073 γρ.
501 2043 508 2063 :
535 2031 675 2072 ἀδελφὸς
693 2030 716 2061 S
728 2030 752 2061 F
766 2030 796 2069 Q
811 2030 840 2061 D
858 2042 865 2061 z
889 2029 952 2061 del.
971 2029 1090 2060 Baiter
1243 2029 1264 2058 6
1286 2031 1344 2066 τῆς
1361 2028 1502 2067 ἀδελφῆς

175 2085 241 2107 om.
258 2074 296 2105 S»l
408 2085 425 2114 7
451 2080 530 2115 post
546 2076 652 2116 πατὴρ
669 2075 746 2105 add.
767 2077 782 2105 ὁ
799 2079 862 2114 vra-p
880 2073 924 2111 553
951 2083 1035 2103 corr.
1055 2073 1129 2103 ead.
1221 2074 1237 2103 ὁ
1253 2074 1312 2110 τῆς
1329 2071 1352 2101 S
1368 2071 1392 2100 F
1404 2070 1433 2108 Q
1449 2071 1500 2100 D:

174 2121 234 2157 τῆς
263 2119 296 2148 Α
475 2128 515 2149 10
547 2118 680 2159 ἐγένετο
705 2118 758 2148 A:
793 2117 943 2158 ἐγένοντο
971 2117 994 2147 S
1010 2118 1034 2147 F
1050 2116 1079 2154 Q
1094 2117 1124 2147 D
1140 2127 1148 2147 t
1182 2116 1248 2146 del.
1284 2115 1499 2145 Herwerden

178 2172 216 2192 12
239 2161 375 2204 πότερον
391 2161 417 2193 S
429 2161 461 2192 A
548 2162 738 2203 οἰκειότερον
755 2161 778 2192 S
792 2161 832 2191 F¹
998 2170 1034 2198 13
1059 2163 1105 2200 τῷ
1121 2184 1128 2191 .
1151 2184 1158 2191 .
1177 2183 1183 2190 .
1204 2160 1311 2199 ἐκείνῳ
1329 2158 1393 2188 del.
1414 2158 1501 2187 Her-

175 2207 316 2237 Werden
468 2207 507 2236 16
530 2206 725 2238 οἰκειότατος
741 2206 772 2235 Α
787 2216 795 2236 t
821 2204 1016 2236 οἰκειότατον
1033 2203 1057 2234 S
1071 2204 1096 2234 F
1109 2203 1139 2242 Q
1154 2204 1182 2233 D
1330 2204 1367 2232 18
1392 2200 1502 2233 οἰκειό-

175 2263 268 2282 τατοι
290 2249 322 2279 Α
407 2250 512 2289 18—19
531 2252 562 2290 ἐξ
574 2250 683 2291 ἑτέρου
695 2249 718 2280 S
731 2249 755 2279 F
769 2248 800 2287 Q
814 2249 843 2279 D
859 2261 865 2280 :
885 2248 1034 2290 ἑτέρουΛ
1116 2258 1154 2285 19
1170 2246 1229 2286 μὲν
1251 2245 1317 2286 οὖν]
1342 2246 1447 2277 τοίνυν
1471 2244 1501 2273 Α

176 2304 219 2323 20
235 2295 347 2325 οὑτοσί
360 2302 425 2323 om.
445 2293 478 2322 A
569 2303 676 2323 21—22
694 2294 802 2324 οὑτοσὶ
822 2316 828 2322 .
847 2317 854 2322 .
877 2317 883 2323 .
901 2292 1020 2333 πατρός
1040 2301 1107 2321 om.
1124 2291 1147 2320 S
1162 2299 1170 2320 z
1188 2291 1297 2321 οὑτοσὶ
1315 2291 1331 2320 ὁ
1347 2291 1418 2319 παῖς
1433 2298 1499 2317 orn·

176 2336 202 2366 F
214 2336 245 2374 Q
347 2341 426 2376 post
442 2339 514 2368 παῖς
529 2337 607 2368 add.
627 2337 689 2368 υἱὸς
706 2337 902 2373 Εὐβουλίδου
916 2335 958 2373 Α,
978 2339 1054 2374 post
1070 2334 1188 2375 πατρός
1204 2334 1281 2363 add.
1308 2332 1502 2368 Εὐβουλίδου

176 2379 202 2409 F
215 2380 265 2418 Q:
290 2380 355 2411 del.
373 2380 511 2410 Dobl‘ee
630 2390 671 2410 22
697 2381 803 2418 ἐπειδὴ
821 2379 854 2410 δὲ
871 2380 890 2417 ἡ
909 2379 932 2408 S
1054 2387 1095 2416 24
1119 2378 1196 2408 τωδί
1212 2379 1257 2417 τῷ
1271 2376 1301 2405 Α
1317 2387 1324 2405 z
1347 2378 1391 2415 τῷ
1406 2376 1501 2416 τρίτῳ

177 2423 201 2453 S
212 2423 237 2453 F
250 2423 281 2462 Q
297 2423 325 2452 D
458 2433 499 2463 25
524 2424 660 2464 ἔγγονον
676 2422 701 2453 F
722 2433 807 2453 corr.
826 2422 856 2461 Q
869 2422 898 2452 D
