1763 2778
99 109 233 163 [1274]
677 111 1158 148 ΔιηιοΣι-ηκοτε
1516 106 1579 161 [ιν

254 211 380 266 εὐοδῇ,
408 208 570 261 φέρεται
596 207 698 248 κάτω
721 210 816 247 κατὰ
842 208 910 258 τὴν
937 209 1040 255 ὁδόν,
1066 207 1091 264 ᾗ
1116 208 1147 248 δ’
1172 208 1221 250 ἂν
1246 210 1369 266 ἐνστῇ
1393 226 1444 256 τι,
1470 226 1576 259 τηνι-

192 292 227 317 11
254 280 374 317 καῦτα
393 275 495 316 τοῦτ’
521 276 575 318 εἷς
600 277 649 315 τὰ
672 274 788 329 χωρί’
812 275 1035 327 ὑπεραίρειν
1060 276 1276 328 ἀναγκαῖον
1295 275 1381 327 ἤδη.
1446 276 1509 316 καὶ
1533 276 1579 327 δὴ

254 345 348 383 κατὰ
374 346 487 383 τοῦτο
512 342 556 383 τὸ
575 344 736 396 χωρίον,
763 339 792 382 ὦ
818 341 955 394 ἄνδρες
988 343 1184 390 δικασταί,
1211 342 1423 396 γενομένης
1456 344 1576 395 ε’πομ-

251 411 370 462 βρίας
409 409 560 461 συνέβη
598 409 643 450 τὸ
679 409 780 461 ὕδωρ
825 410 1031 460 ἐμβαλεῖν·
1069 410 1266 461 ἀμεληθὲν
1303 409 1336 451 δ’
1368 411 1475 451 οὔπω
1512 414 1582 451 τοῦ

253 476 398 529 πατρὸς
422 476 585 530 ἔχοντος
611 476 719 523 αὐτό,
747 475 839 517 ἀλλ’
872 477 1077 528 ἀνθρώπου
1112 478 1440 531 δυσχεραίνοντος
1477 477 1581 520 ὅλως
1600 493 1618 525 5

251 548 332 586 τοῖς
368 544 502 586 τόποις
534 544 596 584 καὶ
625 546 781 595 μᾶλλον
814 544 990 590 ἀστικοῦ,
1028 544 1086 586 δὶς
1118 544 1181 584 καὶ
1217 545 1299 597 τρὶς
1331 543 1512 595 ἐμβαλὸν
1536 543 1581 586 τὸ

251 613 352 663 ὕδωρ
376 610 425 651 τά
449 628 491 652 τε
516 609 629 664 χωρι’
655 609 875 662 ἐλυμήνατο
902 611 964 651 καὶ
995 613 1153 662 μᾶλλον
1183 611 1377 654 ὡδοποίει.
1450 611 1508 652 διὸ
1533 611 1579 663 δὴ

254 677 361 719 ταῦθ’
388 679 408 718 ὁ
433 678 561 731 πατὴρ
594 678 707 731 ὁρῶν,
737 678 788 720 ὡς
817 678 895 731 ἐγὼ
928 681 1004 718 τῶν
1042 678 1201 719 εἰδότων
1228 678 1370 726 ἀκούω,
1407 679 1471 720 καὶ
1499 682 1579 720 τῶν

254 746 444 798 γειτόνων
470 745 737 797 ἐπινεμόντων
763 744 842 796 ἅμα
869 745 930 786 καὶ
962 745 1208 796 βαδιζόντων
1234 748 1296 787 διὰ
1320 749 1390 787 τοῦ
1420 746 1579 800 χωρίου,

193 829 233 853 12
252 812 324 862 τὴν
353 814 546 864 αἱμασιὰν
582 812 926 868 περιῳκοδόμησεν
962 812 1119 864 ταύτην.
1192 813 1255 854 καὶ
1280 813 1330 854 ὡς
1355 812 1461 854 ταῦτ’
1487 814 1582 864 ἀλη-
1604 832 1641 854 10

96 876 231 931 [1275]
253 882 299 930 θῆ
326 879 445 932 λέγω,
483 878 701 932 παρέξομαι
736 881 808 930 μὲν
844 879 907 920 καὶ
942 879 1137 933 μάρτυρας
1171 881 1263 932 ὑμῖν
1297 879 1388 922 τοὺς
1414 880 1579 928 εἰδότας,

252 947 354 988 πολὺ
380 946 428 997 δ’,
455 945 484 987 ὦ
509 946 647 998 ἄνδρες
672 945 888 997 Ἀθηναῖοι,
910 950 989 988 τῶν
1011 947 1220 1000 μαρτύρων
1245 948 1483 1001 ἰσχυρότερα
1500 965 1582 989 τεκ-

249 1012 380 1066 μήρια.
452 1015 685 1066 Καλλικλῆς
708 1015 782 1066 μὲν
804 1012 878 1067 γάρ
903 1019 1031 1068 φησιν
1053 1014 1125 1066 τὴν
1149 1013 1352 1069 χαράδραν
1377 1014 1581 1056 ἀποικοδο-

249 1080 432 1132 μήσαντα
456 1080 655 1133 βλάπτειν
690 1080 749 1133 ἔμ’
786 1081 916 1123 αὑτόν·
955 1082 1033 1134 ἐγὼ
1063 1080 1096 1123 δ’
1130 1080 1325 1133 ἀποδείξω
1353 1082 1500 1136 χωρίον
1536 1080 1581 1123 ὃν

190 1163 230 1197 13
251 1152 378 1196 τοῦτο,
418 1147 511 1189 ἀλλ’
553 1148 598 1190 οὐ
635 1147 848 1202 χαράδραν.
919 1150 953 1190 εἰ
999 1151 1073 1200 μὲν
1113 1149 1184 1190 οῦν
1228 1148 1281 1201 μὴ
1325 1148 1581 1204 συνεχωρεῖθ’
1605 1167 1642 1201 15

250 1215 442 1268 ἡμέτερον
475 1217 575 1257 ἴδιον
612 1215 723 1263 εἶναι,
758 1215 847 1270 τάχ’
884 1215 931 1257 ἂν
960 1214 1066 1256 τοῦτ’
1100 1215 1323 1268 ἠδικοῦμεν,
1362 1218 1400 1258 εἵ
1431 1233 1469 1258 τι
1503 1220 1581 1258 τῶν

253 1284 453 1334 δημοσίων
477 1281 760 1339 ᾠκοδομοῦμεν·
791 1284 876 1325 νυνὶ
909 1282 942 1323 δ’
976 1284 1065 1325 οὔτε
1094 1282 1196 1324 τοῦτ’
1233 1284 1579 1338 ἀμφισβητοῦσιν,

252 1349 363 1391 ἔστιν
403 1349 437 1390 τ’
476 1351 519 1391 ἐν
557 1354 610 1406 τῷ
651 1351 783 1405 χωρίῳ
816 1349 957 1403 δένδρα
985 1350 1275 1404 πεφυτευμένα,
1310 1350 1480 1403 ἄμπελοι
1519 1351 1582 1392 καὶ

251 1421 382 1458 συκαῖ.
431 1417 556 1458 καίτοι
579 1418 638 1460 τίς
661 1416 708 1458 ἂν
733 1419 774 1458 ἐν
798 1417 978 1473 χαράδρᾳ
1001 1422 1122 1459 ταῦτα
1146 1418 1329 1472 φυτεύειν
1353 1418 1579 1470 ἀξιώσειεν;

251 1484 377 1527 οὐδείς
411 1502 468 1537 γε.
538 1486 597 1527 τίς
627 1487 668 1526 δὲ
704 1484 825 1526 πάλιν
861 1484 951 1528 τοὺς
988 1487 1106 1526 αὑτοῦ
1141 1486 1360 1539 προγόνους
1396 1485 1579 1533 θάπτειν,·
1603 1504 1642 1525 20

190 1563 232 1597 14
252 1551 339 1592 οὐδὲ
367 1550 469 1592 τοῦτ’
499 1551 619 1603 οἶμαι.
690 1554 812 1593 ταῦτα
839 1553 972 1593 τοίνυν
1007 1552 1214 1606 ἀμφότερ’,
1242 1551 1271 1593 ὦ
1301 1553 1439 1607 ἄνδρες
1472 1557 1579 1594 δικα-

252 1619 357 1665 σταί,
386 1618 658 1670 συμβέβηκεν·
696 1619 759 1660 καὶ
785 1621 860 1672 γὰρ
885 1621 934 1660 τὰ
960 1618 1101 1673 δένδρα
1125 1620 1366 1674 πεφύτευται
1390 1622 1581 1673 πρότερον

249 1682 274 1737 ἢ
298 1688 367 1727 τὸν
393 1685 542 1738 πατέρα
566 1689 916 1740 περιοικοδομῆσαι
940 1686 1012 1738 τὴν
1027 1687 1232 1739 αἱμασιάν,
1253 1689 1315 1729 καὶ
1334 1687 1382 1729 τὰ
1399 1687 1581 1740 μνήματα

250 1754 401 1794 παλαιὰ
444 1753 506 1794 καὶ
547 1753 637 1806 πρὶν
677 1754 779 1805 ἡμᾶς
816 1753 1039 1805 κτήσασθαι
1075 1755 1120 1796 τὸ
1161 1755 1308 1809 χωρίον
1349 1753 1580 1809 γεγενημέν’

251 1821 373 1861 ἐστίν.
437 1821 563 1862 καίτοι
586 1820 736 1862 τούτων
761 1821 1022 1875 ὑπαρχόντων
1047 1823 1105 1865 τίς
1130 1822 1178 1864 ἂν
1198 1822 1256 1863 ἔτι
1273 1823 1394 1876 λόγος
1414 1822 1575 1876 ἷσχυρό-
1601 1842 1639 1874 25

251 1904 374 1938 τερος,
401 1885 431 1928 ὦ
455 1887 594 1939 ἄνδρες
620 1886 837 1938 Ἀθηναῖοι,
865 1888 1041 1941 γένοιτο,·
1079 1889 1127 1930 τὰ
1156 1891 1231 1943 γὰρ
1267 1891 1364 1943 ἔργα
1400 1893 1580 1943 φανερῶς

252 1953 471 2009 ἐξελέγχει.
515 1956 583 1997 καί
593 1972 661 2007 μοι
679 1958 785 2008 λαβὲ
805 1955 937 1998 πάσας
953 1957 1037 1998 νυνὶ
1056 1958 1126 2000 τὰς
1145 1958 1369 2010 μαρτυρίας,
1388 1958 1451 1999 καὶ
1470 1956 1578 2010 λέγε.

800 2048 1026 2076 ΜΑΡΤΎῬΙΑῙ.

192 2123 230 2160 15
319 2109 508 2157 Ἀκούετ’,
535 2109 564 2151 ὦ
595 2110 732 2164 ἄνδρες
756 2110 972 2162 Ἀθηναῖοι,
1000 2115 1079 2152 τῶν
1102 2116 1334 2165 μαρτυριῶν.
1405 2111 1465 2164 ἆρ’
1490 2113 1581 2164 ὑμῖν

253 2180 412 2219 δοκοῦσι
458 2177 667 2231 διαρρήδην
704 2183 926 2231 μαρτυρεῖν,
975 2179 1037 2219 καὶ
1078 2181 1226 2232 χωρίον
1264 2180 1363 2220 εἶναι
1410 2179 1580 2233 δένδρων
1600 2195 1641 2226 3ο

299 2296 311 2316 1
331 2286 416 2319 κάτω
426 2297 488 2320 om.
502 2286 533 2317 A
596 2286 618 2330 ᾗ
629 2287 655 2319 δ’
670 2288 693 2319 S
707 2286 760 2318 A:
784 2288 848 2320 εἶδ’
862 2288 886 2318 F
900 2286 929 2326 Q
943 2287 973 2318 D
1036 2301 1068 2320 τι
1081 2297 1147 2319 om.
1162 2287 1193 2318 Λ
1208 2287 1239 2318 D
1334 2299 1354 2319 2
1370 2290 1456 2321 τοῦτ’
1469 2298 1534 2319 om.
1548 2287 1580 2319 A

252 2332 303 2362 καὶ
320 2332 358 2369 δὴ
375 2330 400 2362 S
415 2331 439 2361 F
453 2331 482 2369 Q
496 2331 526 2361 D
542 2342 549 2362 τ
573 2332 623 2363 καὶ
643 2333 681 2370 δὴ
698 2332 747 2363 καὶ
762 2330 793 2361 Α
881 2341 901 2370 3
926 2331 1023 2372 κατὰ]
1041 2333 1084 2364 εἷς
1103 2332 1266 2371 Hirschig
1359 2343 1394 2371 17
1419 2333 1579 2373 ἀπῳκοδο-

250 2377 368 2414 μοῦμεν
383 2375 597 2406 Herwerden
665 2374 761 2408 νῦνΛ
853 2384 892 2414 19
907 2375 955 2407 τίς
971 2376 1010 2407 ἂν
1030 2398 1037 2405 .
1057 2398 1065 2406 .
1087 2401 1093 2407 .
1105 2377 1206 2408 ταῦτα
1218 2375 1249 2405 Α
1266 2387 1273 2406 :
1289 2376 1337 2408 τίς
1354 2400 1361 2407 .
1379 2399 1387 2407 .
1408 2399 1415 2406 .
1434 2375 1526 2408 ταῦτ’
1540 2377 1580 2408 ἂν

252 2423 331 2449 cett.
409 2428 448 2458 27
473 2420 538 2450 νυνὶ
556 2417 659 2450 πείσας
677 2420 737 2456 ἤδη
753 2418 811 2450 τὰς
827 2416 859 2448 Α
942 2428 984 2457 29
1007 2417 1054 2459 ἆρ’
1069 2416 1168 2462 (οὐχ)
1183 2419 1334 2458 Beneke,
1354 2420 1413 2450 sed
1431 2419 1472 2451 cs.
1494 2419 1576 2459 Lys.

252 2471 275 2491 x
290 2470 342 2502 27,
360 2464 444 2492 xxxi
461 2471 512 2502 21,
533 2461 639 2501 Soph.
660 2461 702 2493 Ο.
715 2462 752 2493 T.
772 2462 836 2491 822
966 2471 1009 2501 30
1025 2463 1142 2504 χωρίον
1158 2462 1183 2494 S
1199 2462 1288 2502 vulg.
1305 2473 1313 2494 ι
1336 2463 1375 2495 τὸ
1391 2464 1509 2505 χώρων
1524 2462 1557 2494 Α
