1763 2778
111 125 235 180 [1311]
667 108 1149 162 ΔΗΜΟΣΘΕΝΟΎΣ
1491 114 1581 170 [ινιι

256 227 432 265 ἐκδοῦναι
467 224 594 264 πείθει
628 225 774 273 λαβεῖν
808 221 928 272 αὐτὴν
965 220 1187 272 Θούκριτον
1222 218 1290 260 τὸν
1326 218 1475 271 πατέρα
1511 218 1580 259 τὸν

256 293 363 342 ἐμόν,
403 290 484 331 ὄνθ’
522 293 658 331 ἑαυτοῦ
694 289 902 342 γνώριμον,
945 289 1005 328 καὶ
1048 288 1235 339 ἐγγυᾶται
1278 287 1299 326 ὁ
1340 286 1468 338 πατὴρ
1509 285 1581 335 τὴν

255 358 403 410 μητέρα
445 358 515 408 τὴν
556 357 654 408 ἐμὴν
692 358 795 408 παρὰ
833 359 901 395 τοῦ
942 356 1120 407 ἀδελφοῦ
1157 354 1274 404 αὐτῆς
1314 351 1582 405 Τιμοκράτους

258 424 475 470 Μελιτέως,
503 425 708 476 παρόντων
741 427 818 463 τῶν
847 439 888 463 τε
918 422 1032 462 θείων
1068 419 1304 473 ἀμφοτέρων
1336 423 1414 460 τῶν
1444 421 1582 460 ἑαυτοῦ

256 493 318 532 καὶ
344 492 480 531 ἄλλων
502 491 720 543 μαρτύρων·
759 491 820 530 καὶ
845 489 994 529 τούτων
1018 489 1108 528 ὅσοι
1135 488 1242 538 ζῶσι,
1262 485 1582 539 μαρτυρήσουσιν

192 572 235 606 42
255 559 358 609 ὑμῖν.
427 560 524 609 μετὰ
557 559 597 597 δὲ
630 560 749 597 ταῦτα
778 557 907 610 χρόνῳ
940 556 1108 607 ὕστερον
1143 555 1306 596 παιδίων
1343 553 1439 611 αὐτῇ
1475 556 1582 594 δυοῖν

255 625 326 676 ἤδη
363 623 648 677 γεγενημένων,
689 624 750 664 καὶ
784 627 853 663 τοῦ
881 625 953 674 μὲν
990 622 1137 673 πατρὸς
1173 620 1483 673 στρατευομένου
1519 620 1582 660 καὶ

257 693 547 743 ἀποδημοῦντος
572 693 670 740 μετὰ
696 689 1006 742 Θρασυβούλου,
1034 688 1129 739 αὐτὴ
1158 688 1191 728 δ’
1221 687 1306 728 οῧσ’
1330 690 1374 729 ἐν
1403 688 1583 740 ἀπορίαις

255 758 485 811 ἠναγκάσθη
522 757 590 798 τὸν
622 759 809 798 Κλεινίαν
845 761 912 797 τὸν
945 759 1013 797 τοῦ
1040 756 1249 796 Κλειδίκου
1280 758 1494 800 τιτθεῦσαι,
1528 757 1582 809 τῷ

257 828 327 877 μὲν
357 827 411 867 εἷς
441 824 499 875 ἔμ’
532 825 667 875 ἥκοντι
704 825 866 879 κινδύνῳ
900 827 966 864 νῦν
995 825 1049 875 μὰ
1079 823 1146 864 τὸν
1173 817 1237 862 Δί’
1262 823 1351 876 οὐχὶ
1377 820 1583 874 συμφέρον

106 897 236 953 [1312]
258 895 418 944 πρᾶγμα
455 890 659 942 ποιήσασα
693 891 786 941 (ἀπὸ
822 893 896 943 γὰρ
932 891 1074 941 ταύτης
1106 892 1174 940 τῆς
1206 890 1375 930 τιτθείας
1405 887 1527 929 ἄπασ’
1560 888 1582 939 ἡ

257 959 346 1011 περὶ
369 959 469 1010 ἡμᾶς
493 957 658 1011 γέγονεν
681 956 952 1010 βλασφημία),
980 963 1027 1015 τῇ
1052 956 1186 1008 μέντοι
1211 957 1444 1012 ὑπαρχούσῃ
1471 956 1586 1009 πενίᾳ

194 1038 237 1072 43
259 1028 356 1068 ἴσως
403 1026 465 1066 καὶ
512 1026 706 1078 ἀναγκαῖα
753 1025 816 1065 καὶ
863 1025 1107 1078 ἁρμόττοντα
1148 1027 1330 1065 ποιοῦσα.
1401 1023 1585 1075 φαίνεται

257 1094 387 1133 τοίνυν
426 1093 500 1146 οὐχ
541 1094 561 1132 ὁ
604 1092 696 1144 ε’μὸς
737 1091 866 1145 πατὴρ
907 1095 1071 1144 πρῶτος,
1116 1088 1145 1131 ὦ
1187 1090 1324 1143 ἄνδρες
1367 1089 1583 1141 Ἀθηναῖοι,

256 1161 396 1211 λαβὼν
425 1159 495 1210 τὴν
530 1159 624 1211 ἐμὴν
659 1158 819 1212 μητέρα,
851 1158 942 1199 ἀλλ’
979 1159 998 1198 ὁ
1028 1158 1314 1212 Πρωτόμαχος,
1349 1158 1411 1198 καὶ
1444 1159 1585 1199 παῖδας

258 1225 522 1278 ποιησάμενος
549 1227 611 1267 καὶ
636 1225 815 1279 θυγατέρ’
842 1226 988 1268 ἐκδούς·
1027 1225 1069 1268 ὃς
1090 1225 1152 1265 καὶ
1176 1225 1462 1275 τετελευτηκὼς
1482 1225 1585 1276 ὅμως

256 1296 446 1346 μαρτυρεῖ
464 1297 546 1335 τοῖς
572 1294 700 1346 ἔργοις
725 1292 850 1343 ἀστήν
875 1293 907 1333 τ’
933 1292 1053 1343 αὐτὴν
1080 1293 1142 1332 καὶ
1167 1296 1324 1333 πολῖτιν
1351 1291 1463 1333 εἶναι.
1534 1291 1585 1333 ὡς

258 1361 327 1401 οὖν
351 1360 458 1401 ταῦτ’
482 1361 609 1411 ἀληθῆ
637 1360 755 1413 λέγω,
779 1359 889 1400 κάλει
908 1377 974 1411 μοι
999 1363 1152 1412 πρῶτον
1172 1362 1243 1410 μὲν
1267 1359 1357 1401 τοὺς
1380 1362 1448 1399 τοῦ
1467 1361 1583 1411 Πρω-

258 1427 433 1481 τομάχου
469 1429 576 1473 υἱεῖς,
611 1427 745 1468 ἔπειτα
776 1427 866 1469 τοὺς
899 1426 1132 1481 ἐγγυωμένῳ
1167 1427 1362 1478 παρόντας
1390 1426 1442 1481 τῷ
1469 1425 1584 1478 πατρὶ

260 1494 322 1534 καὶ
357 1498 434 1534 τῶν
471 1492 678 1547 φρατέρων
712 1494 801 1535 τοὺς
837 1495 1014 1539 οἰκείους,
1049 1495 1106 1536 οἶς
1135 1493 1207 1543 τὴν
1240 1494 1439 1546 γαμηλίαν
1472 1491 1580 1543 εἰσή-

260 1578 397 1613 νεγκεν
431 1562 528 1613 ὑπὲρ
565 1564 632 1611 τῆς
664 1564 809 1613 μητρὸς
842 1561 862 1600 ὁ
899 1559 1036 1612 πατήρ,
1070 1560 1138 1601 εἶτ’
1173 1561 1340 1601 Εὔνικον
1375 1559 1586 1612 Χολαργέα

259 1627 327 1668 τὸν
352 1628 422 1678 τὴν
447 1628 627 1680 ἀδελφὴν
651 1628 833 1678 λαβόντα
857 1627 929 1678 τὴν
953 1627 1051 1678 ἐμὴν
1076 1629 1181 1680 παρὰ
1205 1631 1272 1668 τοῦ
1297 1626 1584 1680 Πρωτομάχου,

261 1694 344 1735 εἶτα
367 1694 435 1735 τὸν
459 1694 543 1735 υἱὸν
568 1696 636 1746 τῆς
662 1696 851 1747 ἀδελφῆς.
924 1694 1034 1735 κάλει
1059 1695 1231 1737 τούτους.

814 1790 1033 1820 ΜΑΡΤΎῬΕΣ.

197 1867 244 1900 44
330 1856 422 1895 Πῶς
452 1853 520 1893 οὖν
548 1852 615 1893 οὐκ
644 1851 691 1893 ἂν
717 1853 943 1905 οἰκτρότατ’,
971 1851 1000 1893 ὦ
1025 1852 1164 1905 ἄνδρες
1186 1852 1402 1904 Ἀθηναῖοι,
1430 1851 1588 1894 πάντων

263 1920 341 1971 ἐγὼ
366 1920 572 1961 πεπονθὼς
597 1921 691 1970 εἴην,
720 1921 753 1959 εἷ
777 1923 854 1960 τῶν
881 1923 1086 1972 συγγενῶν
1115 1921 1240 1960 ὄντων
1273 1921 1474 1960 τοσούτων
1498 1936 1586 1960 του-

262 1987 355 2026 τωνὶ
393 1987 454 2026 καὶ
489 1987 786 2038 μαρτυρούντων
824 1986 885 2026 καὶ
921 1986 1188 2038 διομνυμένων
1229 1987 1315 2038 ἐμοὶ
1357 1985 1585 2038 προσήκειν,

262 2054 396 2103 μηδεὶς
420 2053 556 2103 μηδενὶ
580 2053 726 2093 τούτων
752 2054 1020 2105 ἀμφισβητῶν
1046 2054 1098 2096 ὡς
1123 2053 1191 2093 οὐκ
1217 2054 1295 2094 εἰσὶ
1320 2057 1492 2099 πολῖται,
1519 2054 1588 2104 ἐμὲ

263 2119 513 2172 ψηφίσαισθ’
539 2119 638 2160 εἶναι
661 2118 794 2170 ξένον;
830 2122 937 2171 λαβὲ
961 2120 1007 2172 δή
1032 2137 1099 2171 μοι
1124 2121 1186 2161 καὶ
1210 2120 1280 2170 τὴν
1309 2124 1377 2161 τοῦ
1405 2121 1589 2160 Κλεινίου

310 2239 324 2260 1
349 2230 408 2262 ’τὸν
435 2236 514 2260 ante
545 2230 717 2270 Θούκριτον
746 2229 822 2261 add.
849 2228 1018 2268 SFQD:
1041 2239 1106 2260 om.
1125 2228 1157 2258 A
1311 2239 1330 2259 2
1355 2241 1530 2270 ε’γγυταται
1548 2227 1585 2260 S¹

264 2274 286 2304 6
310 2275 380 2306 ὑμῖν
399 2273 515 2304 Blass:
540 2274 612 2313 ἡμῖν
628 2274 723 2303 codd.
822 2274 940 2305 παίδων
956 2273 987 2302 Α
1119 2274 1139 2303 8
1163 2273 1244 2310 αὐτὴ
1261 2272 1284 2303 S
1300 2272 1388 2311 FQ:
1412 2274 1492 2310 αὕτη
1514 2271 1544 2301 Α
1558 2272 1587 2302 D

269 2326 307 2347 10
324 2318 387 2348 νυνὶ
399 2316 430 2346 Α
495 2317 658 2357 σύμφορον
669 2316 698 2345 Α
791 2326 822 2346 11
842 2317 964 2348 τιτθίας
977 2316 1001 2347 S
1091 2326 1128 2346 12
1143 2317 1252 2356 μέντοι
1264 2315 1374 2359 (τότε)
1385 2315 1590 2355 Rosenberg

268 2369 305 2398 13
330 2362 465 2392 ποιοῦσα
488 2360 555 2391 del.
583 2360 785 2397 Rosenberg
942 2370 978 2399 17
1001 2358 1030 2391 τ’
1060 2361 1158 2397 αὐτὴν
1191 2359 1312 2391 Blass:
1346 2360 1468 2398 ταύτην
1491 2360 1587 2390 codd.

263 2403 355 2443 (sine
371 2409 511 2434 accentu
531 2403 569 2439 S)
717 2405 758 2433 26
781 2404 912 2434 τουτωνὶ
929 2403 959 2432 Α
975 2414 981 2433 :
1004 2403 1125 2435 τούτων
1143 2402 1167 2433 S
1185 2403 1274 2441 vulg.
1426 2413 1468 2443 29
1490 2403 1586 2444 ψηφί-

262 2451 374 2479 σαισθε
395 2447 573 2478 Lambinus
591 2458 597 2477 :
621 2447 799 2488 ψηφίσαιτο
816 2446 845 2475 Α
862 2458 867 2477 :
893 2447 1088 2487 ψηφίσαιντο
1107 2446 1131 2477 S
1144 2446 1209 2484 FQ
1225 2446 1254 2477 D

1607 837 1644 859 10

1609 1172 1644 1204 Ι5

1606 1507 1646 1529 20
