1763 2778
164 126 241 182 un]
500 131 660 169 ΠΡΟΣ
710 131 1158 169 ΝΙΚΟΣΤΡΑΤΟΝ
1513 132 1645 187 [1253]

718 243 933 272 ΜΑΡἸὝΡΕΣ.

224 305 316 348 Ἔτι
347 308 480 348 τοίνυν
515 307 576 348 καὶ
605 309 648 348 ἐκ
676 310 798 348 τῶνδε
830 307 1051 360 γνώσεσθε,
1079 307 1108 348 ὦ
1133 308 1272 361 ἄνδρες
1296 309 1489 354 δικασταί,
1512 322 1553 346 21

162 374 224 416 ὅτι
248 374 351 415 εἰσὶν
376 374 632 427 Ἀρεθουσίου
655 376 692 416 οἱ
715 374 927 428 ἄνθρωποι.
987 369 1107 417 ὁπότε
1131 377 1208 428 γὰρ
1231 377 1268 416 οἱ
1294 375 1492 428 ἄνθρωποι

163 441 272 482 οὗτοι
306 438 329 492 ἢ
366 442 524 495 ὀπώραν
559 443 740 495 πρίαιντο
773 439 797 493 ἢ
835 441 946 495 θέρος
981 444 1189 494 μισθοῖντο
1231 443 1431 495 ἐκθερίσαι
1466 439 1490 493 ἢ

125 527 142 559 5
162 508 264 550 ἄλλο
298 525 337 550 τι
367 513 444 549 τῶν
477 509 567 562 περὶ
599 510 796 563 γεωργίαν
822 510 948 562 ἔργων
973 510 1210 562 ἀναιροῖντο,
1235 509 1490 561 Ἀρεθούσιος

163 576 210 628 ἧν
236 576 256 616 ὁ
282 575 501 627 ὠνούμενος
527 577 588 617 καὶ
612 578 877 628 μισθούμενος
902 578 999 630 ὑπὲρ
1025 577 1164 618 αὐτῶν.
1226 577 1276 619 ὡς
1302 577 1335 617 δ’
1361 579 1490 628 ἀληθῆ

160 642 280 696 λέγω,
309 643 372 685 καὶ
395 644 544 685 τούτων
567 645 658 695 ὑμῖν
681 644 770 685 τοὺς
795 643 991 697 μάρτυρας
1018 643 1245 697 παρέξομαι.

719 754 937 783 ΜΑΡΤΎΡΕΣ.

222 813 357 859 ‘'Oc-as·
378 818 453 868 μὲν
475 817 606 857 τοίνυν
631 818 843 869 μαρτυρίας
868 816 1152 871 παρασχέσθαι
1174 816 1287 871 εἶχον
1309 818 1412 868 ὑμῖν,
1441 816 1492 859 ὡς
1513 831 1555 855 22

104 902 144 926 10
162 882 274 924 ἔστιν
298 882 553 935 Ἀρεθουσίου
575 886 623 924 τὰ
647 883 886 937 ἀνδράποδα,
913 883 1118 935 δεδήλωκα
1139 885 1243 936 ὑμῖν.
1292 885 1493 936 βούλομαι

162 951 206 991 δὲ
231 949 295 991 καὶ
318 951 407 1002 περὶ
432 953 500 1001 τῆς
525 950 784 1003 προκλήσεως
817 953 953 998 εἰπεῖν,
980 950 1028 1002 ἣν
1060 951 1171 992 οὗτοί
1198 968 1248 1003 με
1278 951 1493 1003 προύκαλέ·

163 1034 286 1057 σαντο
313 1017 375 1058 καὶ
401 1019 478 1070 ἐγὼ
502 1017 675 1060 τούτους.
748 1019 854 1059 οὗτοι
878 1022 950 1070 μὲν
975 1018 1050 1071 γάρ
1074 1036 1123 1070 με
1151 1018 1490 1071 προύκαλέσαντο,

163 1084 229 1124 ὅτε
257 1084 281 1135 ἡ
318 1085 449 1137 πρώτη
485 1085 691 1138 ἀνάκρισις
724 1085 784 1136 ἦν,
811 1086 1036 1139 φάσκοντες
1069 1086 1217 1137 ἕτοιμοι
1243 1085 1342 1127 εἶναι
1367 1103 1491 1139 παρα-

166 1151 316 1192 διδόναι
356 1152 441 1203 ἐμοὶ
479 1152 580 1208 αὐτῷ
616 1154 665 1193 τὰ
701 1153 927 1205 ἀνδράποδα
967 1154 1205 1205 βασανίσαι,
1250 1154 1492 1205 βουλόμενοι

105 1235 143 1268 15
163 1220 378 1271 μαρτυρίαν
404 1221 491 1259 τινὰ
516 1221 647 1263 αὑτοῖς
670 1220 818 1271 ταύτην
834 1220 1035 1274 γενέσθαι.
1109 1221 1187 1273 ἐγὼ
1212 1223 1255 1262 δὲ
1279 1219 1489 1273 ἀπεκρινά-
1512 1234 1555 1269 23

163 1302 242 1338 μην
278 1286 410 1328 αὐτοῖς
446 1288 625 1328 ἐναντίον
652 1288 870 1340 μαρτύρων,
903 1289 962 1328 ὅτι
999 1288 1154 1338 ἕτοιμός
1191 1289 1270 1339 εἶμι
1306 1287 1406 1329 ἰέναι
1437 1289 1491 1329 εἷς

163 1352 236 1403 τὴν
264 1353 419 1404 βουλὴν
453 1353 539 1405 μετ’
566 1354 695 1395 αὐτῶν
729 1355 792 1395 καὶ
825 1355 1156 1407 παραλαμβάνειν
1184 1355 1268 1406 μετ’
1293 1356 1443 1406 ἐκείνης
1467 1351 1490 1405 ἢ
1511 1349 1651 1408 [1254]

163 1421 262 1472 μετὰ
293 1424 371 1461 τῶν
403 1421 554 1471 ἕνδεκα,
581 1421 713 1474 λέγων
741 1423 814 1469 ὅτι,
842 1424 876 1463 εἰ
899 1424 971 1473 μὲν
997 1423 1098 1463 ἰδίαν
1124 1423 1235 1473 δίκην
1259 1423 1492 1473 ἐδικαζόμην

164 1486 306 1533 αὐτοῖς,
337 1488 371 1529 εἰ
397 1489 485 1539 ἐμοὶ
515 1488 758 1539 ἐξεδίδοσαν,
792 1489 1105 1542 παρελάμβανον
1142 1489 1202 1536 ἄν,
1240 1493 1308 1530 νῦν
1346 1491 1387 1530 δὲ
1423 1492 1492 1540 τῆς

105 1572 146 1595 20
164 1555 320 1596 πόλεως
343 1555 402 1605 εἴη
423 1556 472 1596 τὰ
488 1556 715 1608 ἀνδράποδα
735 1558 798 1598 καὶ
816 1557 839 1608 ἡ
861 1557 1092 1609 ἀπογραφή·
1129 1560 1212 1598 δεῖν
1230 1557 1298 1597 οὖν
1323 1558 1493 1610 δημοσίᾳ

164 1622 468 1673 βασανίζεσθαι.
538 1623 716 1679 ἡγούμην
758 1625 833 1676 γὰρ
874 1624 919 1664 οὐ
962 1622 1178 1674 προσήκειν
1225 1625 1312 1674 ἐμοὶ
1360 1623 1492 1679 ἰδιώτῃ
1514 1636 1557 1668 24

165 1689 250 1730 ὄντι
285 1689 374 1732 τοὺς
410 1691 621 1741 δημοσίους
656 1692 905 1742 βασανίζειν·
957 1692 1046 1732 οὔτε
1081 1690 1158 1744 γὰρ
1198 1694 1267 1741 τῆς
1308 1690 1493 1742 βασάνου

167 1756 295 1808 κύριος
325 1758 552 1809 ἐγιγνόμην,
583 1758 672 1798 οὔτε
706 1763 834 1800 καλῶς
868 1759 976 1811 ἔχειν
1007 1760 1056 1798 τὰ
1087 1759 1286 1811 λεγόμενα
1316 1757 1392 1798 ὑπὸ
1414 1761 1493 1797 τῶν

166 1823 383 1875 ἀνθρώπων
417 1826 486 1875 ἐμὲ
514 1826 670 1877 κρίνειν,
699 1825 875 1877 ἡγούμην
910 1843 952 1866 τε
986 1828 1067 1866 δεῖν
1093 1825 1164 1876 τὴν
1195 1824 1323 1879 ἀρχὴν
1348 1821 1370 1872 ἢ
1404 1824 1494 1866 τοὺς

106 1907 144 1941 25
164 1888 378 1946 ᾑρημένους
414 1891 491 1932 ὑπὸ
532 1894 601 1942 τῆς
638 1895 791 1943 βουλῆς
828 1892 1071 1946 γράφεσθαι,
1113 1893 1176 1933 καὶ
1219 1909 1494 1943 κατασημηνα-

164 1956 306 2008 μένους
337 1955 408 1999 τὰς
437 1958 654 2009 βασάνους,
688 1960 711 2000 ὅ
734 1977 771 2000 τι
803 1962 949 2001 εἴποιεν
985 1962 1022 2001 οἱ
1058 1959 1271 2012 ἄνθρωποι,
1304 1959 1493 2012 παρέχειν

166 2024 222 2065 εἷς
253 2024 296 2064 τὸ
329 2025 593 2078 δικαστήριον,
622 2026 672 2067 ἵν’
701 2027 943 2070 ἀκούσαντες
972 2028 1014 2068 ἐκ
1047 2027 1196 2067 τούτων
1227 2028 1493 2079 ἐψηφίσασθε

165 2090 302 2132 ὁποῖόν
334 2109 371 2132 τι
401 2094 491 2144 ὑμῖν
527 2095 665 2134 ἐδόκει.
737 2095 816 2148 ἰδίᾳ
844 2095 916 2145 μὲν
947 2095 1023 2148 γὰρ
1056 2093 1386 2145 βασανιζομένων
1414 2098 1492 2133 τῶν
1512 2103 1554 2139 25

208 2208 228 2239 5
253 2213 413 2243 ανεροιντο
431 2201 455 2233 S
470 2202 499 2242 Q
519 2203 571 2234 D:
598 2204 635 2236 ἂν
652 2204 771 2246 ἔροιντο
788 2203 813 2234 F
979 2214 1002 2244 9
1024 2204 1085 2236 ὅσα
1110 2228 1116 2236 .
1143 2228 1150 2235 .
1177 2226 1184 2234 .
1212 2203 1366 2245 μαρτύρια
1386 2202 1410 2233 S
1423 2202 1448 2233 F
1461 2201 1491 2241 Q

168 2253 202 2273 11
230 2245 328 2276 εἰπεῖν
343 2255 407 2276 οιιι.
430 2245 480 2285 51,
499 2246 576 2277 add.
599 2247 632 2277 in
651 2258 716 2287 mg.
736 2248 808 2278 ead.
827 2258 870 2279 m.
991 2258 1029 2277 12
1053 2248 1113 2289 γὰρ
1132 2247 1185 2287 ἐμὲ
1203 2247 1235 2277 Α
1345 2257 1382 2286 14
1409 2248 1491 2286 αὐτῷ

166 2287 233 2326 ἐμοὶ
251 2287 281 2317 Α
371 2299 409 2328 19
433 2292 497 2322 νυνὶ
516 2290 582 2329 FQ
598 2291 627 2320 D
717 2302 757 2321 22
783 2291 1009 2332 βασανίζεσθαι
1027 2292 1051 2322 S
1141 2301 1182 2329 23
1209 2292 1296 2332 ἔχειν
1315 2290 1338 2320 5
1355 2290 1379 2320 F
1393 2290 1422 2328 Q
1439 2290 1469 2320 D
1484 2301 1491 2320 ἓ

165 2329 227 2370 ἕξοι
243 2330 274 2360 Α
289 2342 297 2362 τ
321 2332 410 2372 εἶχεν
427 2333 566 2374 Madvig
675 2336 714 2367 τὸ
730 2335 907 2376 λεγόμενον
925 2336 949 2365 F
966 2335 994 2364 D
1150 2345 1190 2374 24
1217 2334 1271 2374 ἐμὲ
1291 2336 1405 2374 κρίνειν
1422 2343 1485 2363 om.

166 2372 192 2403 F
204 2373 234 2412 Q
254 2374 336 2415 (non
355 2376 398 2416 D)
501 2392 538 2409 τε
554 2388 619 2410 om.
640 2379 705 2417 FQ
726 2379 806 2419 (non
826 2379 870 2418 D)
963 2382 1027 2411 δεῖν
1042 2379 1103 2416 τὴν
1120 2379 1225 2420 ἀρχὴν
1242 2377 1309 2408 SA
1322 2378 1370 2407 D:
1396 2378 1439 2416 μὴ
1456 2378 1490 2408 οὐ

164 2418 224 2456 τὴν
240 2418 346 2456 ἄλλην
365 2419 389 2450 F
401 2419 432 2459 Q
583 2424 624 2452 26
648 2424 764 2454 εἴποιεν
780 2422 811 2452 Α
827 2434 833 2453 :
858 2423 944 2454 εἶπεν
962 2422 985 2453 S
1001 2433 1008 2453 ε
1033 2424 1151 2454 εἴπαιεν
1167 2422 1256 2461 vulg.

230 2495 314 2516 ¹41=44
1363 2486 1401 2515 14
