1763 2778
106 128 245 183 [1074]

205 572 247 608 71

114 1432 252 1488 [1075]

212 1663 257 1700 72

675 122 1194 180 [ΔΗΜΟΣΘΕΝΟὙΣ]
1494 121 1601 180 μωι

822 225 1047 252 ΜΑΡΤΎΡῙΑῘ.

322 283 586 331 Μαρτυροῦσιν
625 281 881 331 ἀκολουθῆσαι
920 281 1158 331 Ἀραφῆνάδε
1195 283 1492 332 παρακληθέντες
1529 284 1602 321 ὑπὸ

268 336 457 376 Σωσιθέου
478 339 526 376 εἷς
545 336 630 377 τοὺς
647 337 798 388 εΑγνίου
813 336 958 388 ἀγρούς,
978 335 1102 386 ἐπειδὴ
1118 337 1340 386 Θεόπομπος
1356 337 1601 376 ἐπεδικάσατο

267 393 332 429 τοῦ
361 391 499 440 κλήρου
528 393 593 428 τοῦ
620 392 784 443 Ἀγνίου,
813 391 873 429 καὶ
902 390 1144 430 ἐπιδεικνύναι
1172 393 1295 432 αὑτοῖς
1325 391 1513 433 Σωσίθεον
1537 393 1603 433 τὰς

268 447 380 486 ἐλάας
399 446 688 496 πρεμνιζομένας
708 449 747 483 ἐκ
765 448 831 485 τοῦ
850 445 1002 498 “Αγνιόυ
1023 448 1148 498 ἀγροῦ.
1623 473 1640 503 5

340 553 388 593 Εἰ
427 554 502 603 μὲν
533 553 678 599 τοίνυν,
718 550 748 592 ὦ
785 551 923 603 ἄνδρες
957 553 1154 598 δικασταί,
1190 551 1259 593 τὸν
1297 552 1603 603 τετελευτηκότα

269 619 392 671 μόνον
416 619 580 672 ὕβριζον
603 622 726 660 ταῦτα
750 617 1071 671 διαπραξάμενοι,
1094 620 1202 660 δεινὰ
1226 620 1298 670 μὲν
1317 615 1402 672 <ἂν>
1427 621 1600 666 ἐποίουν,

269 686 386 737 ἧττον
412 686 466 727 δέ·
499 690 568 728 νῦν
593 689 634 728 δὲ
655 688 718 728 καὶ
745 688 801 729 εἰς
824 688 924 738 ὅλην
949 686 1021 737 τὴν
1046 687 1166 728 πόλιν
1190 686 1302 727 ταυτὶ
1322 687 1516 739 ὑβρίκασι
1541 687 1604 727 καὶ

270 752 652 806 παρανενομήκασιν.
725 754 935 806 γνώσεσθε
969 753 1022 801 δέ,
1051 755 1208 795 ἐπειδὰν
1233 757 1301 795 τοῦ
1333 754 1455 806 νόμου
1486 754 1602 795 ἀκού-

272 838 381 872 σητε,
446 822 723 874 ἀναγίγνωσκε
747 821 816 862 τὸν
841 822 973 873 νόμον.
1630 848 1668 869 ,0

861 937 1018 967 ΝΟΜΟΣ.

325 993 416 1032 Ἐάν
433 1010 488 1035 τις
508 994 621 1032 ἐλάαν
640 993 844 1044 Ἀθήνησιν
866 994 1090 1045 ἐξορύττῃ,’
1074 995 1136 1032 εὰν
1155 1012 1208 1062 μη
1226 997 1275 1035 εἷς
1291 994 1387 1044 ἱερὸν
1401 993 1607 1043 ΉΑθηναιων

273 1048 492 1099 δημόσιον
474 1067 497 1099 η
518 1048 766 1098 δημοτικόν,
747 1067 770 1098 η
791 1051 905 1099 ἑαυτῷ
930 1049 1095 1101 χρῆσθαι
1120 1050 1231 1100 μέχρι
1256 1049 1355 1088 δυοῖν
1384 1049 1513 1087 ἐλάαιν
1540 1051 1606 1087 τοῦ

273 1106 438 1142 ἐνιαυτοῦ
470 1105 639 1147 ἑκάστου,
669 1103 694 1153 ἢ
723 1104 781 1142 ἐπὶ
816 1103 1051 1142 ἀποθανόντα
1081 1104 1144 1154 δέῃ
1174 1103 1403 1155 χρήσασθαι,
1439 1103 1605 1152 ὀφείλειν

273 1159 402 1198 ἑκατὸν
421 1158 587 1210 δραχμάς
605 1161 656 1210 τῷ
676 1158 842 1210 δημοσίω
862 1160 928 1208 τῆς
948 1159 1094 1198 ἐλάας
1079 1159 1249 1208 εκάστης,
1269 1159 1314 1197 τὸ
1333 1158 1371 1197 δὲ
1391 1157 1605 1197 ἐπιδέκατον
1626 1174 1665 1206 15

271 1214 404 1253 τούτου
422 1215 488 1262 τῆς
507 1213 591 1252 θεοῦ
611 1213 711 1251 εἶναι.
772 1213 953 1262 ὀφειλέτω
975 1213 1013 1252 δὲ
1038 1213 1097 1252 καὶ
1122 1217 1172 1264 τῷ
1200 1213 1322 1264 ἰδιώτῃ
1348 1216 1399 1265 τῷ
1427 1213 1606 1259 ἐπεξιόντι

273 1269 403 1307 ἑκατὸν
431 1268 596 1320 δραχμὰς
626 1268 705 1307 καθ’
736 1269 897 1318 ἑκάστην
927 1269 1052 1306 ἐλάαν.
1111 1269 1176 1308 τὰς
1206 1268 1244 1307 δὲ
1275 1267 1376 1309 δίκας
1405 1267 1495 1306 εἶναι
1523 1268 1606 1318 περὶ

271 1323 410 1361 τούτων
427 1324 519 1373 πρὸς
537 1323 621 1363 τοὺς
637 1325 827 1375 ἄρχοντας,
847 1324 894 1361 ὧν
916 1324 1066 1362 ἕκαστοι
1083 1322 1259 1362 δικασταί
1271 1325 1354 1361 εἶσι.
1412 1325 1608 1373 πρυτανεῖα

273 1378 312 1417 δὲ
330 1378 495 1417 τιθέτω
480 1396 499 1416 0
521 1378 658 1416 διώκων
677 1381 742 1416 τοῦ
763 1380 874 1417 αυτοῦ
897 1379 1042 1429 μέρους.
1101 1378 1188 1417 ὅτου
1217 1377 1247 1417 δ’
1277 1377 1320 1416 ἂν
1350 1379 1606 1429 καταγνωσθῇ,

274 1432 538 1485 ἐγγραφόντων
558 1451 591 1471 οι
612 1434 797 1485 ἄρχοντες,
818 1434 910 1483 πρὸς
931 1433 992 1474 οὓς
1012 1432 1056 1471 ἂν
1075 1432 1099 1484 ᾗ
1119 1434 1142 1482 ἡ
1163 1433 1256 1482 δικη,
1272 1435 1348 1474 τοῖς
1366 1433 1606 1483 πράκτορσιν,
1629 1444 1668 1466 20

274 1488 294 1526 ὃ
312 1491 362 1540 τῷ
390 1488 557 1539 δημοσίῳ
582 1489 757 1540 γίγνεται
788 1487 825 1539 (ὃ
846 1488 884 1526 δὲ
903 1491 950 1540 τῇ
972 1488 1042 1539 θεῷ
1064 1486 1257 1540 γίγνεται),
1278 1490 1355 1528 τοῖς
1372 1504 1519 1538 ταμιαις
1537 1491 1609 1526 τῶν

272 1545 339 1593 τῆς
359 1543 455 1582 θεοῦ.
515 1545 578 1581 ἐὰν
597 1543 635 1582 δὲ
653 1543 706 1594 μὴ
727 1544 980 1595 ἐγγράφωσιν,
1002 1543 1106 1581 αὐτοὶ
1127 1543 1365 1592 ὀφειλόντων.

342 1648 392 1689 ‘O
417 1650 490 1700 μὲν
509 1649 628 1701 νόμος
654 1649 767 1692 οὗτος
791 1650 914 1691 οὕτως
940 1649 1117 1702 ἰσχυρός.
1172 1649 1298 1690 ἐκεῖνο
1323 1647 1356 1689 δ’
1377 1649 1609 1700 ἐνθυμεῖσθε

278 1715 375 1769 πρὸς
408 1717 508 1768 ὑμᾶς
544 1716 696 1764 αὐτούς,
723 1715 752 1757 ὦ
785 1716 924 1769 ἄνδρες
953 1716 1150 1762 δικασταί,
1178 1716 1218 1756 τί
1247 1714 1334 1757 ποτ’
1357 1715 1484 1757 οἴεσθ’
1506 1716 1608 1768 ἡμᾶς

278 1782 451 1837 πάσχειν
471 1785 514 1825 ἐν
532 1787 585 1839 τῷ
605 1784 898 1836 παρεληλυθότι
922 1784 1052 1838 χρόνῳ
1079 1777 1155 1824 ὑπὸ
1180 1783 1330 1824 τούτων
1355 1784 1418 1824 καὶ
1439 1785 1515 1825 ὑπὸ
1539 1786 1610 1835 τῆς
1631 1803 1669 1835 25

277 1852 432 1903 ὕβρεως
463 1853 532 1902 τῆς
557 1851 718 1898 τούτων,
745 1852 844 1892 ὅπου
869 1852 988 1902 ὑμῶν,
1016 1851 1172 1893 πόλεως
1197 1851 1467 1902 τηλικαυτησί,
1498 1868 1606 1891 κατε-

279 1918 489 1971 φρόνησαν
522 1918 587 1959 καὶ
616 1923 694 1960 τῶν
727 1919 859 1970 νόμων
890 1922 970 1959 τῶν
1000 1916 1211 1970 ὑμετέρων,
1244 1919 1306 1959 καὶ
1337 1918 1364 1960 ἃ
1399 1917 1610 1971 διαρρήδην

280 1985 596 2038 ἀπαγορεύουσιν
626 1987 665 2027 οἱ
697 1987 813 2038 νόμοι
841 1985 894 2038 μὴ
921 1989 1061 2033 ποιεῖν,
1089 1986 1237 2027 οὑτωσὶ
1263 1989 1610 2039 καταφρονητικῶς

279 2052 471 2108 ᾐκίσαντο
496 2055 544 2093 τὰ
568 2053 695 2107 χωρία
715 2054 740 2094 ἃ
758 2051 1163 2106 κατέλιπενξΑγνίας.
1219 2054 1240 2093 ὁ
1260 2055 1302 2095 δὲ
1321 2054 1439 2106 νόμος
1458 2055 1608 2107 ἀπαγο-

279 2120 384 2171 ρεύει
415 2119 505 2171 μηδ’
529 2121 571 2160 ἐκ
605 2124 675 2162 τοῦ
706 2122 824 2162 αὑτοῦ
851 2122 1000 2176 χωρίου
1023 2124 1092 2162 τοῦ
1115 2118 1295 2177 πατρῴου
1317 2124 1443 2173 μηδὲν
1461 2121 1612 2162 τούτων
1631 2142 1673 2174 50

324 2239 344 2259 2
367 2239 440 2268 sqq.
459 2229 584 2261 testim.
607 2240 670 2261 orn.
692 2230 716 2261 S
728 2230 752 2260 F
769 2230 799 2269 Q
813 2231 841 2260 D
969 2241 986 2270 7
1011 2230 1071 2270 μὲν
1085 2229 1158 2272 (ἂν)
1174 2230 1272 2261 Blass
1403 2231 1423 2261 8
1447 2231 1540 2262 ταυτὶ
1556 2229 1587 2259 Α
1604 2240 1612 2260 :

281 2272 403 2311 ταύτην
414 2273 438 2304 S
447 2273 470 2303 F
483 2274 533 2312 Q:
552 2288 683 2312 ταυτηνι
696 2274 796 2306 Blass
860 2277 900 2305 8-
884 2285 924 2313 —9
936 2275 989 2306 καὶ
1002 2276 1295 2315 παρανενομήκασιν
1305 2284 1369 2305 om.
1386 2273 1420 2307 S.
1438 2274 1471 2304 in
1482 2287 1523 2315 γρ
1533 2274 1608 2304 hab.

284 2316 351 2354 FQ
510 2327 548 2347 12
571 2328 645 2357 sqq.
666 2318 776 2358 legem
793 2329 858 2349 om.
878 2318 902 2349 S
917 2318 982 2356 FQ
999 2319 1028 2348 D
1191 2328 1230 2349 21
1257 2320 1299 2351 ἲ).
1343 2319 1518 2358 .’γι”γνεται
1534 2317 1609 2348 add.

284 2359 411 2390 Reiskc
555 2371 596 2398 23
621 2361 711 2393 οὑτος
729 2363 826 2394 οὕτως
843 2361 921 2400 SA,
941 2361 982 2393 cf.
1003 2361 1087 2392 Isae.
1110 2361 1130 2391 ii
1150 2372 1187 2391 21
1207 2372 1215 2392 ε
1240 2361 1331 2394 οὗτος
1349 2361 1437 2393 FD.
1464 2374 1563 2393 ουτως
1579 2359 1610 2415 Q

284 2406 325 2434 26
347 2402 497 2447 (οὑτωσὶ)
513 2414 644 2446 κατεφρ.
667 2405 779 2436 Nabe1
918 2416 961 2446 29
984 2405 1175 2438 κατέλειπεν
1191 2404 1215 2436 S
1357 2415 1400 2444 30
1422 2404 1524 2445 μηδὲν
1540 2404 1611 2437 τού-

283 2448 362 2489 των]
381 2451 482 2481 ταῦτα
498 2448 529 2479 Α
