1763 2778
135 538 153 570 5

117 875 156 897 10

119 1210 154 1241 15

119 1550 159 1573 20

173 154 249 210 nv]
579 156 740 194 ΚΑΤΑ
790 153 1096 193 ΚΟΝΩΝΟΣ
1519 151 1656 207 [1258]

173 273 212 300 τι
240 259 339 310 πρὸς
368 256 486 296 αὑτὸν
515 255 635 297 οὕτως
665 254 716 297 ὡς
744 253 793 295 ἂν
824 253 991 305 μεθύων,
1022 254 1128 294 ὥστε
1158 252 1210 304 μὴ
1243 254 1384 303 μαθεῖν
1416 251 1439 291 ὅ
1462 267 1499 291 τι

173 323 299 376 λέγοι,
326 325 506 374 παρῆλθε
528 321 625 375 πρὸς
653 323 831 372 Μελίτην
854 321 949 362 ἄνω.
1019 320 1154 371 ἔπινον
1187 319 1221 359 δ’
1247 318 1305 372 ἄρ’
1332 319 1498 358 ἐνταῦθα

239 394 257 403 Α
367 391 380 403 X
448 390 465 405 ΓΙ
646 390 655 404 5
752 389 762 402 Ι
998 387 1009 401 Χ
1180 388 1189 400 Ι
1301 386 1318 395 Λ
1484 388 1502 396 Α

172 390 307 442 (ταυτα
335 407 411 444 γαρ
441 406 606 442 υστερον
639 386 877 440 επυθομεθα)
908 405 1013 440 παρα
1040 391 1244 441 Παμφιλῳ
1268 403 1322 440 τῳ
1352 390 1498 437 γναφει
1519 382 1661 438 [1259]

175 458 315 499 Κόνων
351 456 501 503 οὑτοσί,
547 456 742 508 Θεότιμός
783 473 855 502 τις,
899 454 1178 508 Ἀρχεβιάδης,
1218 453 1437 504 Σπίνθαρος
1479 453 1499 491 6

176 525 400 577 Εὐβούλου,
444 524 648 577 Θεογένης
690 525 710 563 ὁ
751 522 1047 575 Ἀνδρομένους,
1091 520 1242 563 πολλοί
1281 537 1395 566 τινες,
1435 519 1498 560 οὓς

175 590 450 643 ἐξαναστήσας
486 592 506 631 6
544 592 721 642 Κτησίας
757 589 954 642 ἐπορεύετ’
992 591 1047 631 εἰς
1087 589 1159 640 τὴν
1202 586 1363 640 ἀγοράν.
1438 585 1539 627 καὶ8

173 659 266 711 ἡμῖν
297 659 513 711 συμβαίνει
544 657 869 710 ἀναστρέφουσιν
901 656 978 697 ἀπὸ
1008 660 1075 697 τοῦ
1107 655 1405 708 Φερρεφαττίου
1438 653 1500 694 καὶ

174 730 459 779 περιπατοῦσιν
483 724 606 766 πάλιν
636 724 718 765 κατ’
746 725 841 765 αὐτό
871 741 953 766 πως
980 723 1025 764 τὸ
1048 724 1272 775 Λεωκόριον
1299 722 1410 767 εἶναι,
1439 720 1501 761 καὶ

173 793 327 836 τούτοις
372 792 722 846 περιτυγχάνομεν.
797 792 849 834 ὡς
894 791 927 831 δ’
976 792 1278 844 ἀνεμείχθημεν,
1327 789 1382 830 εἷς
1429 790 1501 839 μὲν

174 860 315 907 αὐτῶν,
353 860 482 913 ἀγνώς
507 877 578 907 τις,
616 858 888 914 Φανοστράτῳ
931 860 1174 911 προσπίπτει
1215 856 1279 897 καὶ
1321 859 1502 909 κατεῖχεν

176 929 338 974 ἐκεῖνον,
378 928 517 968 Κόνων
558 926 591 967 δ’
627 927 765 967 οὑτοσὶ
798 927 859 967 καὶ
890 927 911 966 6
934 926 1015 967 υἱὸς
1044 925 1162 966 αὐτοῦ
1193 925 1255 965 καὶ
1285 924 1305 963 6
1339 923 1500 974 Ἀνδρο-

173 994 314 1047 μένους
350 997 429 1036 υῖός
467 995 553 1046 ἐμοὶ
584 995 886 1046 προσπεσόντες
921 993 965 1033 τὸ
1001 995 1074 1044 μὲν
1105 996 1261 1044 πρῶτον
1295 989 1500 1041 ἐξέδυσαν,

176 1061 249 1103 εἶθ’
283 1062 624 1104 ὑποσκελίσαντες
662 1061 725 1103 καὶ
753 1060 945 1115 ῥάξαντες
981 1061 1037 1102 εἷς
1070 1059 1139 1100 τὸν
1165 1060 1370 1111 βόρβορον
1403 1058 1502 1097 οὕτω

176 1128 359 1180 διέθηκαν
394 1129 658 1180 ἐναλλόμενοι
688 1128 751 1169 καὶ
783 1129 1025 1181 ὑβρίζοντες,
1057 1127 1162 1168 ὥστε
1192 1125 1237 1166 τὸ
1270 1128 1341 1177 μὲν
1367 1129 1503 1178 χεῖλος

175 1197 379 1250 διακόψαι,
415 1195 504 1238 τοὺς
541 1196 572 1236 δ’
608 1195 841 1250 ὀφθαλμοὺς
879 1199 1129 1248 συγκλεῖσαι·
1166 1194 1265 1233 οὕτω
1304 1194 1345 1233 δὲ
1379 1194 1504 1232 κακῶς

176 1264 323 1318 ἔχοντα
351 1263 579 1311 κατέλιπον,
614 1264 719 1304 ὥστε
747 1262 837 1315 μήτ’
870 1263 1088 1312 ἀναστῆναι
1122 1260 1222 1313 μήτε
1253 1258 1506 1313 φθέγξασθαι

177 1331 380 1372 δύνασθαι.
453 1332 627 1382 κείμενος
673 1329 709 1371 δ’
751 1329 877 1370 αὐτῶν
917 1329 1062 1381 ἤκουον
1103 1327 1238 1369 πολλὰ
1285 1326 1350 1368 καὶ
1397 1324 1504 1366 δεινὰ

176 1398 391 1451 λεγόντων.
462 1398 524 1438 καὶ
559 1399 607 1438 τὰ
640 1399 714 1450 μὲν
751 1397 857 1437 ἄλλα
895 1397 956 1437 καὶ
992 1396 1262 1449 βλασφημίαν
1299 1395 1384 1448 ἔχει
1418 1394 1504 1433 τινὰ
1525 1408 1546 1441 9

179 1465 241 1506 καὶ
259 1464 477 1516 ,ὀνομάζειν
506 1464 716 1516 ὀκνήσαιμ’
750 1464 797 1505 ἂν
831 1467 874 1506 ἐν
905 1466 996 1515 ὑμῖν
1023 1464 1119 1509 ἔνια,
1147 1462 1167 1502 ὃ
1193 1464 1235 1503 δὲ
1258 1463 1329 1513 τῆς
1352 1460 1505 1513 ὕβρεώς

178 1533 265 1573 ἐστι
299 1534 367 1583 τῆς
400 1532 538 1573 τούτου
571 1535 738 1583 σημεῖον
772 1532 835 1572 καὶ
858 1530 1067 1583 τεκμήριον
1093 1534 1160 1570 τοῦ
1186 1533 1264 1570 πᾶν
1289 1528 1332 1569 τὸ
1358 1526 1504 1580 πρᾶγμ’

177 1599 254 1641 ὑπὸ
292 1599 433 1641 τούτου
472 1601 726 1652 γεγενῆσθαι,
770 1598 875 1639 τοῦθ’
915 1600 1006 1650 ὑμῖν
1048 1599 1136 1650 ἐρῶ·
1188 1595 1257 1653 ᾖδε
1299 1596 1375 1648 γὰρ
1414 1593 1506 1635 τοὺς

179 1667 442 1719 ἀλεκτρυόνας
476 1667 714 1719 μιμούμενος
750 1666 840 1708 τοὺς
882 1665 1148 1716 νενικηκότας,
1191 1665 1229 1704 οἳ
1269 1664 1311 1704 δὲ
1352 1664 1506 1714 κροτεῖν

177 1737 260 1776 τοῖς
301 1735 478 1787 ἀγκῶσιν
520 1734 638 1775 αὐτὸν
679 1733 814 1785 ἠξίουν
851 1734 938 1774 ἀντὶ
972 1733 1177 1785 πτερύγων
1212 1732 1282 1772 τὰς
1318 1727 1500 1781 πλευράς.

179 1802 242 1843 καὶ
270 1803 370 1853 μετὰ
401 1800 508 1842 ταῦτ’
538 1802 616 1853 ἐγὼ
644 1803 718 1853 μὲν
747 1801 1019 1852 ἀπεκομίσθην
1051 1799 1127 1840 ὑπὸ
1150 1801 1229 1839 τῶν
1258 1795 1503 1850 παρατυχόν-

225 1920 240 1941 Ι
258 1909 382 1952 (μὴμὴ
397 1910 510 1942 Naber
598 1921 617 1941 2
642 1913 668 1943 δ’
686 1911 733 1952 ἄρ’
748 1911 779 1941 A
795 1911 835 1950 D,
858 1911 957 1941 Dion.
977 1920 984 1940 :
1006 1910 1068 1951 ’γὰρ
1086 1908 1110 1939 S
1125 1907 1192 1947 FQ
1281 1916 1301 1946 3
1325 1908 1427 1938 ταῦτα
1444 1928 1452 1937 .
1470 1928 1478 1937 .
1497 1927 1505 1935 .

181 1954 355 1995 ἐπυθόμεθα
371 1965 436 1986 om.
453 1955 495 1993 A,
516 1954 617 1987 Dion.
706 1958 829 1996 ’γναφεῖ
843 1955 943 1987 Dion.
961 1966 967 1985 :
991 1955 1109 1993 κναφεῖ
1121 1952 1218 1983 codd.
1310 1962 1329 1989 4
1350 1947 1507 1990 Θεόδωρός

179 2011 239 2038 τις,
258 1997 466 2037 Ἀλκιβιάδης
484 1998 583 2030 Dion.
679 1999 701 2029 6
716 1999 777 2038 τὴν
789 2008 855 2030 om.
868 1997 899 2027 A
982 2007 999 2036 7
1025 1997 1194 2036 συμβαίνει
1206 1995 1229 2026 S
1246 1994 1269 2024 F
1281 1994 1310 2033 Q
1325 1994 1364 2033 D,
1382 1993 1480 2023 Dion.
1499 2002 1508 2022 t

180 2041 415 2079 συνεβαίνενΑ
463 2041 541 2083 ἀπὸ]
562 2045 598 2074 ἐκ
617 2041 718 2074 Dion.
779 2042 995 2083 Φερεφαττίου
1010 2039 1043 2070 Α
1057 2040 1098 2080 D,
1119 2039 1221 2070 Dion.
1349 2046 1389 2067 10
1411 2041 1507 2067 Φανο-

180 2085 309 2126 στράτῳ
327 2085 372 2116 S:
397 2089 441 2126 τῷ
457 2091 491 2118 Φ.
511 2085 614 2124 vulg„
634 2086 731 2116 Dion.
844 2087 1011 2117 καθεῖλκεν
1025 2083 1058 2113 Α
1207 2092 1246 2113 12
1270 2079 1509 2123 προσπεσόντες

180 2128 280 2159 Blass
297 2139 305 2160 z
327 2142 431 2170 περιπ.
451 2130 562 2167 codd.y
578 2129 689 2167 Dion.5
704 2129 746 2162 cf.
766 2129 824 2162 Ar.
842 2129 979 2159 Thesm.
1000 2137 1060 2167 271
1190 2126 1315 2166 ἐξέδυον
1333 2124 1375 2163 Α,
1404 2124 1504 2154 Dion.

183 2182 221 2211 13
238 2172 538 2205 ὑποσκελλισαντες
556 2173 579 2203 S
662 2183 700 2212 14
718 2173 901 2213 ὑβρίζοντες
913 2172 1021 2210 codd„
1037 2171 1136 2202 Dion.
1156 2181 1163 2201 τ
1189 2171 1335 2201 παίοντες
1348 2167 1506 2197 Aristeid-

179 2226 212 2256 p.
230 2217 295 2254 380
452 2225 491 2255 15
517 2219 708 2258 συγκλεῖσαι
725 2217 838 2255 codd.,
858 2216 972 2255 Dion„
991 2215 1109 2246 Pollux
1127 2214 1148 2243 ii
1165 2215 1206 2253 67
1224 2224 1231 2243 :
1257 2210 1439 2252 συγκλάσαι
1453 2210 1506 2240 vel

180 2259 356 2291 συνθλάσαι
374 2258 490 2290 Naber
624 2262 663 2290 16
686 2261 861 2292 κατέλιπον
880 2259 1036 2298 Dionysii
1054 2258 1128 2289 cod.
1145 2257 1177 2287 M
1192 2256 1359 2297 QBekker)
1376 2266 1383 2285 ι
1408 2266 1506 2285 κατα-

179 2303 301 2335 λείπειν
316 2303 347 2333 Α
364 2314 372 2335 =
395 2306 583 2336 καταλιπεῖν
601 2303 625 2334 S
643 2304 733 2343 (sine
750 2306 907 2344 accentu)
931 2302 956 2333 F
967 2302 998 2342 Q
1014 2302 1044 2331 D
1152 2302 1189 2330 18
1213 2301 1263 2332 καὶ
1277 2296 1505 2338 βλασφημίαν]

180 2348 393 2388 Βλασφημίαν
410 2347 477 2386 FQ
490 2347 519 2376 D
535 2358 542 2378 :
567 2348 776 2388 βλασφημίας
794 2347 895 2378 Dion.
1034 2347 1138 2383 18—19
1160 2345 1231 2376 τινὰ
1247 2342 1314 2382 καὶ]
1333 2342 1403 2373 τινὰ
1421 2340 1439 2372 ἃ
1455 2340 1505 2371 καὶ

179 2389 234 2421 A:
257 2391 345 2422 τινὰς
362 2390 398 2422 ἃς
414 2391 473 2422 κᾶν
491 2390 591 2421 Dion.
641 2400 680 2430 19
693 2390 857 2431 ὀνομάζειν
869 2391 892 2421 S
907 2389 985 2428 FQ,
998 2389 1097 2419 Dion.
1113 2399 1120 2419 :
1145 2387 1257 2427 λέγειν
1269 2386 1299 2415 Α
1349 2396 1506 2421 οκνισαιμι

182 2433 206 2464 S
263 2433 300 2466 ἃν
318 2457 325 2464 .
347 2457 354 2464 .
371 2457 378 2464 .
401 2434 467 2466 ἔνια
482 2444 546 2466 om.
567 2434 666 2465 Dion.
771 2444 875 2465 20-21
901 2436 958 2465 τοῦ
977 2459 983 2465 .
1002 2456 1008 2464 .
1030 2457 1036 2463 .
1055 2429 1263 2472 γεγενῆσθαι]
1284 2431 1323 2461 ὡς
1338 2451 1345 2459 .
1367 2452 1374 2459 .
1393 2451 1399 2458 .
1417 2425 1505 2467 ’γενό-

178 2490 275 2517 μενον
287 2476 386 2508 Dion.
472 2487 510 2508 21
527 2479 602 2510 τοὺς
616 2488 681 2510 om.
697 2478 796 2509 Dion.
888 2487 928 2516 23
946 2477 1041 2508 αὐτὸν
1052 2476 1157 2516 ἠξίουν
1173 2476 1240 2507 τοῖς
1250 2474 1392 2513 ἀγκῶσιν
1406 2470 1503 2500 Dion.
