<?xml version="1.0" encoding="UTF-8"?>
<!DOCTYPE html PUBLIC "-//W3C//DTD XHTML 1.0 Transitional//EN"
    "http://www.w3.org/TR/xhtml1/DTD/xhtml1-transitional.dtd">
<html xmlns="http://www.w3.org/1999/xhtml" xml:lang="en" lang="en">
 <head>
  <title>
</title>
<meta http-equiv="Content-Type" content="text/html;charset=utf-8" />
  <meta name='ocr-system' content='tesseract 3.04.00' />
  <meta name='ocr-capabilities' content='ocr_page ocr_carea ocr_par ocr_line ocrx_word'/>
</head>
<body>
  <div class='ocr_page' id='page_1' title='image "./orationesrecog03demouoft_0426.png"; bbox 0 0 1746 2774; ppageno 0'>
   <div class='ocr_carea' id='block_1_1' title="bbox 672 330 1223 465">
    <p class='ocr_par' dir='ltr' id='par_1_1' title="bbox 672 330 1223 465">
     <span class='ocr_line' id='line_1_1' title="bbox 672 330 1223 378; baseline -0.002 0"><span class='ocrx_word' id='word_1_1' title='bbox 672 330 1223 378; x_wconf 80' lang='grc' dir='ltr'>ΔΗΜΟΣΘΕΝΟΥΣ</span> 
     </span>
     <span class='ocr_line' id='line_1_2' title="bbox 756 416 1143 465; baseline 0 -1"><span class='ocrx_word' id='word_1_2' title='bbox 756 416 1143 465; x_wconf 83' lang='grc' dir='ltr'>ΕΠΙΣΤΟΛΑΙ</span> 
     </span>
    </p>
   </div>
   <div class='ocr_carea' id='block_1_2' title="bbox 634 537 1244 674">
    <p class='ocr_par' dir='ltr' id='par_1_2' title="bbox 634 537 1244 674">
     <span class='ocr_line' id='line_1_3' title="bbox 928 537 961 573; baseline 0 0"><span class='ocrx_word' id='word_1_3' title='bbox 928 537 961 573; x_wconf 84' lang='grc' dir='ltr'>Α</span> 
     </span>
     <span class='ocr_line' id='line_1_4' title="bbox 634 636 1244 674; baseline -0.002 0"><span class='ocrx_word' id='word_1_4' title='bbox 634 637 759 674; x_wconf 85' lang='grc' dir='ltr'>ΠΕΡΙ</span> <span class='ocrx_word' id='word_1_5' title='bbox 798 637 912 674; x_wconf 82' lang='grc' dir='ltr'>ΤΗΣ</span> <span class='ocrx_word' id='word_1_6' title='bbox 946 636 1244 674; x_wconf 74' lang='grc' dir='ltr'>ΟΜΟΝΟΙΑΣ</span> 
     </span>
    </p>
   </div>
   <div class='ocr_carea' id='block_1_3' title="bbox 124 739 1668 2367">
    <p class='ocr_par' dir='ltr' id='par_1_3' title="bbox 281 739 1645 930">
     <span class='ocr_line' id='line_1_5' title="bbox 349 739 1645 795; baseline -0.001 -14"><span class='ocrx_word' id='word_1_7' title='bbox 349 741 507 783; x_wconf 85' lang='grc' dir='ltr'>Παντὸς</span> <span class='ocrx_word' id='word_1_8' title='bbox 536 739 743 795; x_wconf 79' lang='grc' dir='ltr'>ἀρχομένῳ</span> <span class='ocrx_word' id='word_1_9' title='bbox 777 743 992 781; x_wconf 79' lang='grc' dir='ltr'>σπουδαίου</span> <span class='ocrx_word' id='word_1_10' title='bbox 1031 741 1091 781; x_wconf 88' lang='grc' dir='ltr'>καὶ</span> <span class='ocrx_word' id='word_1_11' title='bbox 1127 746 1250 793; x_wconf 91' lang='grc' dir='ltr'>λογου</span> <span class='ocrx_word' id='word_1_12' title='bbox 1285 740 1348 781; x_wconf 89' lang='grc' dir='ltr'>καὶ</span> <span class='ocrx_word' id='word_1_13' title='bbox 1377 740 1493 793; x_wconf 85' lang='grc' dir='ltr'>ἔργου</span> <span class='ocrx_word' id='word_1_14' title='bbox 1529 740 1606 780; x_wconf 80' lang='grc' dir='ltr'>ἀπὸ</span> <span class='ocrx_word' id='word_1_15' title='bbox 1626 757 1645 791; x_wconf 83' lang='grc'>5</span> 
     </span>
     <span class='ocr_line' id='line_1_6' title="bbox 282 806 1605 861; baseline -0.002 -12"><span class='ocrx_word' id='word_1_16' title='bbox 282 813 359 849; x_wconf 85' lang='grc' dir='ltr'>τῶν</span> <span class='ocrx_word' id='word_1_17' title='bbox 385 811 484 848; x_wconf 86' lang='grc' dir='ltr'>θεῶν</span> <span class='ocrx_word' id='word_1_18' title='bbox 509 808 783 858; x_wconf 83' lang='grc' dir='ltr'>ὑπολαμβάνω</span> <span class='ocrx_word' id='word_1_19' title='bbox 810 806 1024 860; x_wconf 83' lang='grc' dir='ltr'>προσήκειν</span> <span class='ocrx_word' id='word_1_20' title='bbox 1051 812 1205 859; x_wconf 84' lang='grc' dir='ltr'>πρῶτον</span> <span class='ocrx_word' id='word_1_21' title='bbox 1231 807 1438 861; x_wconf 80' lang='grc' dir='ltr'>ἄρχεσθαι.</span> <span class='ocrx_word' id='word_1_22' title='bbox 1492 808 1605 861; x_wconf 75' lang='grc' dir='ltr'>εὔχο-</span> 
     </span>
     <span class='ocr_line' id='line_1_7' title="bbox 281 874 1605 930; baseline -0.002 -14"><span class='ocrx_word' id='word_1_23' title='bbox 281 893 350 927; x_wconf 90' lang='grc' dir='ltr'>μαι</span> <span class='ocrx_word' id='word_1_24' title='bbox 375 875 420 925; x_wconf 78' lang='grc' dir='ltr'>δὴ</span> <span class='ocrx_word' id='word_1_25' title='bbox 445 880 527 916; x_wconf 83' lang='grc' dir='ltr'>τοῖς</span> <span class='ocrx_word' id='word_1_26' title='bbox 553 878 656 916; x_wconf 80' lang='grc' dir='ltr'>θεοῖς</span> <span class='ocrx_word' id='word_1_27' title='bbox 682 878 781 916; x_wconf 77' lang='grc' dir='ltr'>πᾶσι</span> <span class='ocrx_word' id='word_1_28' title='bbox 808 875 868 915; x_wconf 86' lang='grc' dir='ltr'>καὶ</span> <span class='ocrx_word' id='word_1_29' title='bbox 889 875 1048 922; x_wconf 82' lang='grc' dir='ltr'>πάσαις,</span> <span class='ocrx_word' id='word_1_30' title='bbox 1077 876 1098 914; x_wconf 87' lang='grc' dir='ltr'>ὅ</span> <span class='ocrx_word' id='word_1_31' title='bbox 1122 892 1158 916; x_wconf 88' lang='grc' dir='ltr'>τι</span> <span class='ocrx_word' id='word_1_32' title='bbox 1183 879 1236 930; x_wconf 80' lang='grc' dir='ltr'>τῷ</span> <span class='ocrx_word' id='word_1_33' title='bbox 1269 874 1376 930; x_wconf 79' lang='grc' dir='ltr'>δήμῳ</span> <span class='ocrx_word' id='word_1_34' title='bbox 1402 879 1454 929; x_wconf 80' lang='grc' dir='ltr'>τῷ</span> <span class='ocrx_word' id='word_1_35' title='bbox 1488 874 1605 925; x_wconf 89' lang='grc' dir='ltr'>Ἀθη-</span> 
     </span>
    </p>

    <p class='ocr_par' dir='ltr' id='par_1_4' title="bbox 124 941 1668 1259">
     <span class='ocr_line' id='line_1_8' title="bbox 124 941 1608 1007; baseline -0.001 -24"><span class='ocrx_word' id='word_1_36' title='bbox 124 952 262 1007; x_wconf 57' lang='lat'><strong>[1463]</strong></span> <span class='ocrx_word' id='word_1_37' title='bbox 283 943 402 983; x_wconf 86' lang='grc' dir='ltr'>ναίων</span> <span class='ocrx_word' id='word_1_38' title='bbox 427 942 591 995; x_wconf 75' lang='grc' dir='ltr'>ἄριστόν</span> <span class='ocrx_word' id='word_1_39' title='bbox 617 944 704 983; x_wconf 90' lang='grc' dir='ltr'>ἐστι</span> <span class='ocrx_word' id='word_1_40' title='bbox 731 942 794 983; x_wconf 87' lang='grc' dir='ltr'>καὶ</span> <span class='ocrx_word' id='word_1_41' title='bbox 817 947 899 985; x_wconf 81' lang='grc' dir='ltr'>τοῖς</span> <span class='ocrx_word' id='word_1_42' title='bbox 925 943 1107 983; x_wconf 77' lang='grc' dir='ltr'>εὐνοοῦσι</span> <span class='ocrx_word' id='word_1_43' title='bbox 1131 946 1183 997; x_wconf 78' lang='grc' dir='ltr'>τῷ</span> <span class='ocrx_word' id='word_1_44' title='bbox 1216 941 1322 997; x_wconf 79' lang='grc' dir='ltr'>δήμῳ</span> <span class='ocrx_word' id='word_1_45' title='bbox 1350 942 1412 982; x_wconf 87' lang='grc' dir='ltr'>καὶ</span> <span class='ocrx_word' id='word_1_46' title='bbox 1443 946 1513 983; x_wconf 76' lang='grc' dir='ltr'>νῦν</span> <span class='ocrx_word' id='word_1_47' title='bbox 1546 942 1608 982; x_wconf 88' lang='grc' dir='ltr'>καὶ</span> 
     </span>
     <span class='ocr_line' id='line_1_9' title="bbox 284 1009 1608 1063; baseline -0.001 -13"><span class='ocrx_word' id='word_1_48' title='bbox 284 1011 339 1052; x_wconf 83' lang='grc' dir='ltr'>εἷς</span> <span class='ocrx_word' id='word_1_49' title='bbox 376 1009 443 1050; x_wconf 84' lang='grc' dir='ltr'>τὸν</span> <span class='ocrx_word' id='word_1_50' title='bbox 484 1010 620 1050; x_wconf 82' lang='grc' dir='ltr'>ἔπειτα</span> <span class='ocrx_word' id='word_1_51' title='bbox 660 1011 819 1063; x_wconf 77' lang='grc' dir='ltr'>χρόνον,</span> <span class='ocrx_word' id='word_1_52' title='bbox 863 1009 965 1050; x_wconf 79' lang='grc' dir='ltr'>τοῦτ’</span> <span class='ocrx_word' id='word_1_53' title='bbox 1006 1011 1091 1061; x_wconf 86' lang='grc' dir='ltr'>ἐμοὶ</span> <span class='ocrx_word' id='word_1_54' title='bbox 1132 1011 1206 1060; x_wconf 82' lang='grc' dir='ltr'>μὲν</span> <span class='ocrx_word' id='word_1_55' title='bbox 1244 1009 1309 1049; x_wconf 87' lang='grc' dir='ltr'>ἐπὶ</span> <span class='ocrx_word' id='word_1_56' title='bbox 1347 1011 1439 1050; x_wconf 87' lang='grc' dir='ltr'>νοῦν</span> <span class='ocrx_word' id='word_1_57' title='bbox 1475 1010 1608 1050; x_wconf 85' lang='grc' dir='ltr'>ἐλθεῖν</span> 
     </span>
     <span class='ocr_line' id='line_1_10' title="bbox 282 1075 1668 1130; baseline -0.001 -12"><span class='ocrx_word' id='word_1_58' title='bbox 282 1077 449 1130; x_wconf 80' lang='grc' dir='ltr'>γράψαι,</span> <span class='ocrx_word' id='word_1_59' title='bbox 481 1081 563 1119; x_wconf 88' lang='grc' dir='ltr'>τοῖς</span> <span class='ocrx_word' id='word_1_60' title='bbox 594 1077 626 1118; x_wconf 83' lang='grc' dir='ltr'>δ’</span> <span class='ocrx_word' id='word_1_61' title='bbox 653 1077 972 1128; x_wconf 71' lang='grc' dir='ltr'>ἐκκλησιάσασιν</span> <span class='ocrx_word' id='word_1_62' title='bbox 998 1077 1218 1127; x_wconf 84' lang='grc' dir='ltr'>Ἀθηναίων</span> <span class='ocrx_word' id='word_1_63' title='bbox 1245 1075 1421 1117; x_wconf 81' lang='grc' dir='ltr'>ἑλέσθαι.</span> <span class='ocrx_word' id='word_1_64' title='bbox 1494 1076 1604 1127; x_wconf 80' lang='grc' dir='ltr'>εὐξά-</span> <span class='ocrx_word' id='word_1_65' title='bbox 1628 1096 1668 1121; x_wconf 84' lang='lat'>10</span> 
     </span>
     <span class='ocr_line' id='line_1_11' title="bbox 280 1143 1607 1198; baseline -0.001 -13"><span class='ocrx_word' id='word_1_66' title='bbox 280 1162 399 1197; x_wconf 88' lang='grc' dir='ltr'>μενος</span> <span class='ocrx_word' id='word_1_67' title='bbox 424 1147 465 1186; x_wconf 80' lang='grc' dir='ltr'>δὲ</span> <span class='ocrx_word' id='word_1_68' title='bbox 489 1149 623 1192; x_wconf 82' lang='grc' dir='ltr'>ταῦτα,</span> <span class='ocrx_word' id='word_1_69' title='bbox 649 1147 717 1196; x_wconf 85' lang='grc' dir='ltr'>τῆς</span> <span class='ocrx_word' id='word_1_70' title='bbox 743 1146 892 1197; x_wconf 81' lang='grc' dir='ltr'>ἀγαθῆς</span> <span class='ocrx_word' id='word_1_71' title='bbox 918 1145 1093 1187; x_wconf 86' lang='grc' dir='ltr'>ἐπινοίας</span> <span class='ocrx_word' id='word_1_72' title='bbox 1118 1143 1245 1185; x_wconf 83' lang='grc' dir='ltr'>ἐλπίδ’</span> <span class='ocrx_word' id='word_1_73' title='bbox 1271 1144 1375 1198; x_wconf 81' lang='grc' dir='ltr'>ἔχων</span> <span class='ocrx_word' id='word_1_74' title='bbox 1401 1145 1505 1196; x_wconf 78' lang='grc' dir='ltr'>παρὰ</span> <span class='ocrx_word' id='word_1_75' title='bbox 1530 1147 1607 1184; x_wconf 83' lang='grc' dir='ltr'>τῶν</span> 
     </span>
     <span class='ocr_line' id='line_1_12' title="bbox 283 1211 772 1259; baseline 0 -7"><span class='ocrx_word' id='word_1_76' title='bbox 283 1215 394 1259; x_wconf 79' lang='grc' dir='ltr'>θεῶν,</span> <span class='ocrx_word' id='word_1_77' title='bbox 421 1211 506 1252; x_wconf 87' lang='grc' dir='ltr'>τάδ’</span> <span class='ocrx_word' id='word_1_78' title='bbox 531 1212 772 1253; x_wconf 80' lang='grc' dir='ltr'>ἐπιστέλλω.</span> 
     </span>
    </p>

    <p class='ocr_par' dir='ltr' id='par_1_5' title="bbox 241 1279 1665 1805">
     <span class='ocr_line' id='line_1_13' title="bbox 241 1279 1607 1336; baseline 0.001 -19"><span class='ocrx_word' id='word_1_79' title='bbox 241 1294 260 1317; x_wconf 84' lang='grc'><strong>2</strong></span> <span class='ocrx_word' id='word_1_80' title='bbox 349 1279 610 1331; x_wconf 81' lang='grc' dir='ltr'>Δημοσθένης</span> <span class='ocrx_word' id='word_1_81' title='bbox 635 1285 680 1336; x_wconf 80' lang='grc' dir='ltr'>τῇ</span> <span class='ocrx_word' id='word_1_82' title='bbox 705 1284 836 1336; x_wconf 79' lang='grc' dir='ltr'>βουλῇ</span> <span class='ocrx_word' id='word_1_83' title='bbox 862 1280 924 1320; x_wconf 84' lang='grc' dir='ltr'>καὶ</span> <span class='ocrx_word' id='word_1_84' title='bbox 949 1284 1001 1335; x_wconf 79' lang='grc' dir='ltr'>τῷ</span> <span class='ocrx_word' id='word_1_85' title='bbox 1035 1282 1141 1334; x_wconf 82' lang='grc' dir='ltr'>δημῳ</span> <span class='ocrx_word' id='word_1_86' title='bbox 1175 1280 1342 1333; x_wconf 80' lang='grc' dir='ltr'>χαίρειν.</span> <span class='ocrx_word' id='word_1_87' title='bbox 1413 1280 1501 1331; x_wconf 86' lang='grc' dir='ltr'>περὶ</span> <span class='ocrx_word' id='word_1_88' title='bbox 1535 1281 1607 1330; x_wconf 80' lang='grc' dir='ltr'>μὲν</span> 
     </span>
     <span class='ocr_line' id='line_1_14' title="bbox 282 1345 1607 1399; baseline -0.001 -12"><span class='ocrx_word' id='word_1_89' title='bbox 282 1348 350 1397; x_wconf 84' lang='grc' dir='ltr'>τῆς</span> <span class='ocrx_word' id='word_1_90' title='bbox 385 1348 480 1398; x_wconf 88' lang='grc' dir='ltr'>ἐμῆς</span> <span class='ocrx_word' id='word_1_91' title='bbox 513 1345 634 1387; x_wconf 82' lang='grc' dir='ltr'>οἴκαδ’</span> <span class='ocrx_word' id='word_1_92' title='bbox 673 1346 845 1399; x_wconf 78' lang='grc' dir='ltr'>ἀφίξεως</span> <span class='ocrx_word' id='word_1_93' title='bbox 879 1347 940 1388; x_wconf 82' lang='grc' dir='ltr'>ἀεὶ</span> <span class='ocrx_word' id='word_1_94' title='bbox 976 1347 1119 1398; x_wconf 75' lang='grc' dir='ltr'>νομίζω</span> <span class='ocrx_word' id='word_1_95' title='bbox 1157 1349 1279 1387; x_wconf 75' lang='grc' dir='ltr'>πᾶσιν</span> <span class='ocrx_word' id='word_1_96' title='bbox 1314 1348 1403 1398; x_wconf 85' lang='grc' dir='ltr'>ὑμῖν</span> <span class='ocrx_word' id='word_1_97' title='bbox 1439 1346 1607 1387; x_wconf 85' lang='grc' dir='ltr'>ἔσεσθαι</span> 
     </span>
     <span class='ocr_line' id='line_1_15' title="bbox 282 1412 1665 1467; baseline 0 -14"><span class='ocrx_word' id='word_1_98' title='bbox 282 1414 597 1465; x_wconf 84' lang='grc' dir='ltr'>βουλεύσασθαι,</span> <span class='ocrx_word' id='word_1_99' title='bbox 633 1415 767 1466; x_wconf 82' lang='grc' dir='ltr'>διόπερ</span> <span class='ocrx_word' id='word_1_100' title='bbox 800 1419 870 1456; x_wconf 78' lang='grc' dir='ltr'>νῦν</span> <span class='ocrx_word' id='word_1_101' title='bbox 902 1415 1016 1455; x_wconf 79' lang='grc' dir='ltr'>οὐδὲν</span> <span class='ocrx_word' id='word_1_102' title='bbox 1048 1414 1137 1466; x_wconf 88' lang='grc' dir='ltr'>περὶ</span> <span class='ocrx_word' id='word_1_103' title='bbox 1161 1415 1280 1465; x_wconf 82' lang='grc' dir='ltr'>αὐτῆς</span> <span class='ocrx_word' id='word_1_104' title='bbox 1304 1413 1501 1467; x_wconf 79' lang='grc' dir='ltr'>γέγραφα·</span> <span class='ocrx_word' id='word_1_105' title='bbox 1539 1412 1606 1454; x_wconf 82' lang='grc' dir='ltr'>τὸν</span> <span class='ocrx_word' id='word_1_106' title='bbox 1629 1430 1665 1462; x_wconf 92' lang='lat'>15</span> 
     </span>
     <span class='ocr_line' id='line_1_16' title="bbox 283 1480 1607 1534; baseline 0 -14"><span class='ocrx_word' id='word_1_107' title='bbox 283 1484 324 1522; x_wconf 81' lang='grc' dir='ltr'>δὲ</span> <span class='ocrx_word' id='word_1_108' title='bbox 349 1482 524 1534; x_wconf 82' lang='grc' dir='ltr'>παρόντα</span> <span class='ocrx_word' id='word_1_109' title='bbox 550 1485 682 1534; x_wconf 78' lang='grc' dir='ltr'>καιρὸν</span> <span class='ocrx_word' id='word_1_110' title='bbox 709 1482 809 1534; x_wconf 78' lang='grc' dir='ltr'>ὁρῶν</span> <span class='ocrx_word' id='word_1_111' title='bbox 835 1483 1034 1533; x_wconf 80' lang='grc' dir='ltr'>ἑλομένων</span> <span class='ocrx_word' id='word_1_112' title='bbox 1059 1484 1132 1533; x_wconf 79' lang='grc' dir='ltr'>μὲν</span> <span class='ocrx_word' id='word_1_113' title='bbox 1156 1483 1263 1533; x_wconf 82' lang='grc' dir='ltr'>ὑμῶν</span> <span class='ocrx_word' id='word_1_114' title='bbox 1287 1483 1335 1522; x_wconf 76' lang='grc' dir='ltr'>τὰ</span> <span class='ocrx_word' id='word_1_115' title='bbox 1361 1480 1500 1521; x_wconf 84' lang='grc' dir='ltr'>δέοντα</span> <span class='ocrx_word' id='word_1_116' title='bbox 1528 1480 1607 1532; x_wconf 78' lang='grc' dir='ltr'>ἅμα</span> 
     </span>
     <span class='ocr_line' id='line_1_17' title="bbox 282 1547 1607 1601; baseline 0.001 -14"><span class='ocrx_word' id='word_1_117' title='bbox 282 1547 400 1599; x_wconf 80' lang='grc' dir='ltr'>δόξαν</span> <span class='ocrx_word' id='word_1_118' title='bbox 426 1548 488 1589; x_wconf 82' lang='grc' dir='ltr'>καὶ</span> <span class='ocrx_word' id='word_1_119' title='bbox 514 1550 713 1600; x_wconf 86' lang='grc' dir='ltr'>σωτηρίαν</span> <span class='ocrx_word' id='word_1_120' title='bbox 739 1550 801 1589; x_wconf 85' lang='grc' dir='ltr'>καὶ</span> <span class='ocrx_word' id='word_1_121' title='bbox 828 1551 1054 1601; x_wconf 86' lang='grc' dir='ltr'>ἐλευθερίαν</span> <span class='ocrx_word' id='word_1_122' title='bbox 1080 1549 1295 1600; x_wconf 86' lang='grc' dir='ltr'>δυνάμει·ον</span> <span class='ocrx_word' id='word_1_123' title='bbox 1315 1547 1537 1599; x_wconf 86' lang='grc' dir='ltr'>κτήσασθαι</span> <span class='ocrx_word' id='word_1_124' title='bbox 1562 1548 1607 1588; x_wconf 86' lang='grc' dir='ltr'>οὐ</span> 
     </span>
     <span class='ocr_line' id='line_1_18' title="bbox 281 1615 1605 1668; baseline 0 -13"><span class='ocrx_word' id='word_1_125' title='bbox 281 1616 403 1666; x_wconf 89' lang='grc' dir='ltr'>μόνον</span> <span class='ocrx_word' id='word_1_126' title='bbox 434 1617 525 1667; x_wconf 86' lang='grc' dir='ltr'>ὑμῖν</span> <span class='ocrx_word' id='word_1_127' title='bbox 558 1616 664 1656; x_wconf 79' lang='grc' dir='ltr'>ἀλλὰ</span> <span class='ocrx_word' id='word_1_128' title='bbox 691 1616 753 1657; x_wconf 86' lang='grc' dir='ltr'>καὶ</span> <span class='ocrx_word' id='word_1_129' title='bbox 776 1620 858 1657; x_wconf 91' lang='grc' dir='ltr'>τοῖς</span> <span class='ocrx_word' id='word_1_130' title='bbox 883 1616 1022 1658; x_wconf 82' lang='grc' dir='ltr'>ἄλλοις</span> <span class='ocrx_word' id='word_1_131' title='bbox 1047 1615 1197 1656; x_wconf 73' lang='grc' dir='ltr'>ἅπασιν</span> <span class='ocrx_word' id='word_1_132' title='bbox 1216 1615 1434 1666; x_wconf 68' lang='grc' dir='ltr'>“Ελλησιν,</span> <span class='ocrx_word' id='word_1_133' title='bbox 1462 1617 1605 1668; x_wconf 79' lang='grc' dir='ltr'>ἀγνοη-</span> 
     </span>
     <span class='ocr_line' id='line_1_19' title="bbox 283 1679 1606 1737; baseline -0.001 -14"><span class='ocrx_word' id='word_1_134' title='bbox 283 1683 441 1724; x_wconf 83' lang='grc' dir='ltr'>σάντων</span> <span class='ocrx_word' id='word_1_135' title='bbox 469 1682 503 1724; x_wconf 81' lang='grc' dir='ltr'>δ’</span> <span class='ocrx_word' id='word_1_136' title='bbox 537 1679 560 1734; x_wconf 79' lang='grc' dir='ltr'>ἢ</span> <span class='ocrx_word' id='word_1_137' title='bbox 593 1683 976 1736; x_wconf 83' lang='grc' dir='ltr'>παρακρουσθέντων</span> <span class='ocrx_word' id='word_1_138' title='bbox 1011 1683 1057 1723; x_wconf 82' lang='grc' dir='ltr'>οὐ</span> <span class='ocrx_word' id='word_1_139' title='bbox 1087 1681 1222 1737; x_wconf 75' lang='grc' dir='ltr'>ῥᾴδιον</span> <span class='ocrx_word' id='word_1_140' title='bbox 1255 1684 1365 1724; x_wconf 72' lang='grc' dir='ltr'>αὖθις</span> <span class='ocrx_word' id='word_1_141' title='bbox 1395 1683 1465 1723; x_wconf 83' lang='grc' dir='ltr'>τὸν</span> <span class='ocrx_word' id='word_1_142' title='bbox 1489 1681 1606 1722; x_wconf 83' lang='grc' dir='ltr'>αὐτὸν</span> 
     </span>
     <span class='ocr_line' id='line_1_20' title="bbox 282 1749 1665 1805; baseline -0.001 -15"><span class='ocrx_word' id='word_1_143' title='bbox 282 1750 517 1802; x_wconf 81' lang='grc' dir='ltr'>ἀναλαβεῖν,</span> <span class='ocrx_word' id='word_1_144' title='bbox 544 1749 672 1805; x_wconf 80' lang='grc' dir='ltr'>ᾠήθην</span> <span class='ocrx_word' id='word_1_145' title='bbox 695 1753 840 1803; x_wconf 80' lang='grc' dir='ltr'>χρῆναι</span> <span class='ocrx_word' id='word_1_146' title='bbox 864 1750 934 1800; x_wconf 71' lang='grc' dir='ltr'>τὴν</span> <span class='ocrx_word' id='word_1_147' title='bbox 961 1752 1128 1801; x_wconf 76' lang='grc' dir='ltr'>ἐμαυτοῦ</span> <span class='ocrx_word' id='word_1_148' title='bbox 1153 1750 1310 1803; x_wconf 84' lang='grc' dir='ltr'>γνώμην</span> <span class='ocrx_word' id='word_1_149' title='bbox 1336 1749 1388 1792; x_wconf 82' lang='grc' dir='ltr'>ὡς</span> <span class='ocrx_word' id='word_1_150' title='bbox 1411 1749 1491 1803; x_wconf 81' lang='grc' dir='ltr'>ἔχω</span> <span class='ocrx_word' id='word_1_151' title='bbox 1517 1749 1605 1802; x_wconf 86' lang='grc' dir='ltr'>περὶ</span> <span class='ocrx_word' id='word_1_152' title='bbox 1626 1765 1665 1788; x_wconf 74' lang='lat'>20</span> 
     </span>
    </p>

    <p class='ocr_par' dir='ltr' id='par_1_6' title="bbox 242 1816 1666 2139">
     <span class='ocr_line' id='line_1_21' title="bbox 242 1816 1606 1870; baseline 0.002 -14"><span class='ocrx_word' id='word_1_153' title='bbox 242 1832 262 1865; x_wconf 88' lang='lat'>3</span> <span class='ocrx_word' id='word_1_154' title='bbox 282 1818 430 1857; x_wconf 81' lang='grc' dir='ltr'>τούτων</span> <span class='ocrx_word' id='word_1_155' title='bbox 455 1819 510 1859; x_wconf 82' lang='grc' dir='ltr'>εἷς</span> <span class='ocrx_word' id='word_1_156' title='bbox 534 1818 661 1869; x_wconf 86' lang='grc' dir='ltr'>μέσον</span> <span class='ocrx_word' id='word_1_157' title='bbox 687 1821 824 1858; x_wconf 83' lang='grc' dir='ltr'>θεῖναι.</span> <span class='ocrx_word' id='word_1_158' title='bbox 885 1818 972 1858; x_wconf 84' lang='grc' dir='ltr'>ἔστι</span> <span class='ocrx_word' id='word_1_159' title='bbox 995 1819 1068 1869; x_wconf 83' lang='grc' dir='ltr'>μὲν</span> <span class='ocrx_word' id='word_1_160' title='bbox 1086 1817 1154 1857; x_wconf 69' lang='grc' dir='ltr'>οὖν</span> <span class='ocrx_word' id='word_1_161' title='bbox 1179 1817 1295 1870; x_wconf 86' lang='grc' dir='ltr'>ἔργον</span> <span class='ocrx_word' id='word_1_162' title='bbox 1321 1816 1369 1868; x_wconf 81' lang='grc' dir='ltr'>ἐξ</span> <span class='ocrx_word' id='word_1_163' title='bbox 1387 1818 1606 1867; x_wconf 80' lang='grc' dir='ltr'>ἐπιστολῆς</span> 
     </span>
     <span class='ocr_line' id='line_1_22' title="bbox 283 1883 1607 1941; baseline 0.002 -18"><span class='ocrx_word' id='word_1_164' title='bbox 283 1885 459 1935; x_wconf 87' lang='grc' dir='ltr'>ἐμμεῖναι</span> <span class='ocrx_word' id='word_1_165' title='bbox 497 1889 721 1941; x_wconf 81' lang='grc' dir='ltr'>συμβουλῇ·</span> <span class='ocrx_word' id='word_1_166' title='bbox 772 1888 939 1926; x_wconf 81' lang='grc' dir='ltr'>πολλοῖς</span> <span class='ocrx_word' id='word_1_167' title='bbox 975 1883 1052 1936; x_wconf 82' lang='grc' dir='ltr'>γὰρ</span> <span class='ocrx_word' id='word_1_168' title='bbox 1088 1883 1241 1924; x_wconf 86' lang='grc' dir='ltr'>εἰώθατ’</span> <span class='ocrx_word' id='word_1_169' title='bbox 1278 1885 1456 1925; x_wconf 77' lang='grc' dir='ltr'>ἀπαντᾶν</span> <span class='ocrx_word' id='word_1_170' title='bbox 1498 1884 1607 1935; x_wconf 82' lang='grc' dir='ltr'>ὑμεῖς</span> 
     </span>
     <span class='ocr_line' id='line_1_23' title="bbox 283 1950 1604 2004; baseline 0 -13"><span class='ocrx_word' id='word_1_171' title='bbox 283 1955 356 2003; x_wconf 84' lang='grc' dir='ltr'>πρὸ</span> <span class='ocrx_word' id='word_1_172' title='bbox 388 1955 455 1991; x_wconf 82' lang='grc' dir='ltr'>τοῦ</span> <span class='ocrx_word' id='word_1_173' title='bbox 492 1955 712 2004; x_wconf 83' lang='grc' dir='ltr'>περιμεῖναι</span> <span class='ocrx_word' id='word_1_174' title='bbox 745 1954 899 2003; x_wconf 89' lang='grc' dir='ltr'>μαθεῖν.</span> <span class='ocrx_word' id='word_1_175' title='bbox 956 1951 1119 2004; x_wconf 88' lang='grc' dir='ltr'>λέγοντι</span> <span class='ocrx_word' id='word_1_176' title='bbox 1142 1953 1215 2002; x_wconf 79' lang='grc' dir='ltr'>μὲν</span> <span class='ocrx_word' id='word_1_177' title='bbox 1239 1951 1306 1992; x_wconf 73' lang='grc' dir='ltr'>οὖν</span> <span class='ocrx_word' id='word_1_178' title='bbox 1333 1952 1445 1992; x_wconf 89' lang='grc' dir='ltr'>ἔστιν</span> <span class='ocrx_word' id='word_1_179' title='bbox 1468 1950 1604 1991; x_wconf 82' lang='grc' dir='ltr'>αἰσθέ-</span> 
     </span>
     <span class='ocr_line' id='line_1_24' title="bbox 283 2016 1604 2072; baseline 0.002 -16"><span class='ocrx_word' id='word_1_180' title='bbox 283 2021 378 2059; x_wconf 91' lang='grc' dir='ltr'>σθαι</span> <span class='ocrx_word' id='word_1_181' title='bbox 395 2020 436 2059; x_wconf 91' lang='grc' dir='ltr'>τί</span> <span class='ocrx_word' id='word_1_182' title='bbox 450 2019 653 2070; x_wconf 87' lang='grc' dir='ltr'>βούλεσθε</span> <span class='ocrx_word' id='word_1_183' title='bbox 679 2019 741 2059; x_wconf 87' lang='grc' dir='ltr'>καὶ</span> <span class='ocrx_word' id='word_1_184' title='bbox 765 2019 1060 2071; x_wconf 84' lang='grc' dir='ltr'>διορθώσασθαι</span> <span class='ocrx_word' id='word_1_185' title='bbox 1084 2019 1355 2071; x_wconf 82' lang='grc' dir='ltr'>τᾶγνοούμενα</span> <span class='ocrx_word' id='word_1_186' title='bbox 1377 2016 1522 2072; x_wconf 78' lang='grc' dir='ltr'>ῥᾴδιον·</span> <span class='ocrx_word' id='word_1_187' title='bbox 1559 2021 1604 2058; x_wconf 85' lang='grc' dir='ltr'>τὸ</span> 
     </span>
     <span class='ocr_line' id='line_1_25' title="bbox 282 2085 1666 2139; baseline -0.001 -13"><span class='ocrx_word' id='word_1_188' title='bbox 282 2087 323 2126; x_wconf 82' lang='grc' dir='ltr'>δὲ</span> <span class='ocrx_word' id='word_1_189' title='bbox 348 2087 516 2137; x_wconf 84' lang='grc' dir='ltr'>βιβλίον</span> <span class='ocrx_word' id='word_1_190' title='bbox 542 2086 725 2136; x_wconf 80' lang='grc' dir='ltr'>οὐδεμίαν</span> <span class='ocrx_word' id='word_1_191' title='bbox 745 2086 831 2139; x_wconf 80' lang='grc' dir='ltr'>ἔχει</span> <span class='ocrx_word' id='word_1_192' title='bbox 852 2085 1044 2138; x_wconf 84' lang='grc' dir='ltr'>βοήθειαν</span> <span class='ocrx_word' id='word_1_193' title='bbox 1063 2085 1247 2136; x_wconf 86' lang='grc' dir='ltr'>τοιαύτην</span> <span class='ocrx_word' id='word_1_194' title='bbox 1267 2085 1362 2138; x_wconf 83' lang='grc' dir='ltr'>πρὸς</span> <span class='ocrx_word' id='word_1_195' title='bbox 1381 2086 1470 2127; x_wconf 80' lang='grc' dir='ltr'>τοὺς</span> <span class='ocrx_word' id='word_1_196' title='bbox 1490 2088 1601 2138; x_wconf 90' lang='grc' dir='ltr'>θορυ-</span> <span class='ocrx_word' id='word_1_197' title='bbox 1628 2102 1666 2134; x_wconf 87' lang='lat'>25</span> 
     </span>
    </p>

    <p class='ocr_par' dir='ltr' id='par_1_7' title="bbox 283 2194 1607 2367">
     <span class='ocr_line' id='line_1_26' title="bbox 324 2194 1604 2238; baseline 0 -12"><span class='ocrx_word' id='word_1_198' title='bbox 324 2195 483 2227; x_wconf 74' lang='lat' dir='ltr'>TxToLth</span> <span class='ocrx_word' id='word_1_199' title='bbox 498 2207 504 2226; x_wconf 77' lang='grc' dir='ltr'>ε</span> <span class='ocrx_word' id='word_1_200' title='bbox 531 2198 564 2228; x_wconf 86' lang='grc' dir='ltr'>ἐν</span> <span class='ocrx_word' id='word_1_201' title='bbox 582 2197 673 2236; x_wconf 75' lang='grc' dir='ltr'>ἄλλῳ</span> <span class='ocrx_word' id='word_1_202' title='bbox 689 2197 756 2238; x_wconf 79' lang='grc' dir='ltr'>περὶ</span> <span class='ocrx_word' id='word_1_203' title='bbox 770 2198 971 2236; x_wconf 83' lang='grc' dir='ltr'>παρασκευῆς</span> <span class='ocrx_word' id='word_1_204' title='bbox 985 2194 1008 2225; x_wconf 88' lang='lat' dir='ltr'>S</span> <span class='ocrx_word' id='word_1_205' title='bbox 1024 2205 1088 2234; x_wconf 85' lang='lat' dir='ltr'>mg.</span> <span class='ocrx_word' id='word_1_206' title='bbox 1103 2194 1144 2225; x_wconf 88' lang='lat' dir='ltr'>ab</span> <span class='ocrx_word' id='word_1_207' title='bbox 1157 2194 1222 2226; x_wconf 86' lang='lat' dir='ltr'>alia</span> <span class='ocrx_word' id='word_1_208' title='bbox 1236 2205 1334 2226; x_wconf 84' lang='lat' dir='ltr'>manu</span> <span class='ocrx_word' id='word_1_209' title='bbox 1428 2205 1467 2225; x_wconf 92' lang='lat'>10</span> <span class='ocrx_word' id='word_1_210' title='bbox 1491 2196 1604 2233; x_wconf 82' lang='grc' dir='ltr'>ἐκκλη-</span> 
     </span>
     <span class='ocr_line' id='line_1_27' title="bbox 283 2237 1605 2281; baseline -0.002 -10"><span class='ocrx_word' id='word_1_211' title='bbox 283 2239 451 2271; x_wconf 80' lang='grc' dir='ltr'>σιάσουσιν</span> <span class='ocrx_word' id='word_1_212' title='bbox 470 2238 634 2270; x_wconf 81' lang='lat' dir='ltr'>Schaeser</span> <span class='ocrx_word' id='word_1_213' title='bbox 769 2249 806 2277; x_wconf 85' lang='lat'>13</span> <span class='ocrx_word' id='word_1_214' title='bbox 830 2239 889 2279; x_wconf 82' lang='grc' dir='ltr'>μὲν</span> <span class='ocrx_word' id='word_1_215' title='bbox 900 2239 960 2276; x_wconf 86' lang='lat' dir='ltr'>FQ</span> <span class='ocrx_word' id='word_1_216' title='bbox 976 2250 982 2269; x_wconf 91' lang='lat'>:</span> <span class='ocrx_word' id='word_1_217' title='bbox 1008 2239 1041 2270; x_wconf 82' lang='grc' dir='ltr'>δὲ</span> <span class='ocrx_word' id='word_1_218' title='bbox 1056 2238 1080 2269; x_wconf 87' lang='lat' dir='ltr'>S</span> <span class='ocrx_word' id='word_1_219' title='bbox 1216 2248 1253 2277; x_wconf 80' lang='lat'>14</span> <span class='ocrx_word' id='word_1_220' title='bbox 1277 2237 1460 2281; x_wconf 76' lang='grc' dir='ltr'>(ἐπιμελὲς)</span> <span class='ocrx_word' id='word_1_221' title='bbox 1478 2238 1605 2270; x_wconf 84' lang='grc' dir='ltr'>ἔσεσθαι</span> 
     </span>
     <span class='ocr_line' id='line_1_28' title="bbox 283 2281 1607 2325; baseline 0 -13"><span class='ocrx_word' id='word_1_222' title='bbox 283 2283 424 2313; x_wconf 86' lang='lat' dir='ltr'>Nitsche</span> <span class='ocrx_word' id='word_1_223' title='bbox 533 2293 571 2322; x_wconf 82' lang='lat'>19</span> <span class='ocrx_word' id='word_1_224' title='bbox 593 2282 701 2325; x_wconf 72' lang='grc' dir='ltr'>ῥᾴδιον</span> <span class='ocrx_word' id='word_1_225' title='bbox 715 2282 783 2325; x_wconf 69' lang='grc' dir='ltr'>(ὃν)</span> <span class='ocrx_word' id='word_1_226' title='bbox 799 2282 963 2313; x_wconf 83' lang='lat' dir='ltr'>Schaefer</span> <span class='ocrx_word' id='word_1_227' title='bbox 1071 2292 1108 2312; x_wconf 81' lang='lat'>21</span> <span class='ocrx_word' id='word_1_228' title='bbox 1135 2287 1210 2321; x_wconf 83' lang='lat' dir='ltr'>post</span> <span class='ocrx_word' id='word_1_229' title='bbox 1228 2285 1323 2314; x_wconf 82' lang='grc' dir='ltr'>θεῖναι</span> <span class='ocrx_word' id='word_1_230' title='bbox 1341 2281 1468 2312; x_wconf 82' lang='lat' dir='ltr'>dimidii</span> <span class='ocrx_word' id='word_1_231' title='bbox 1486 2291 1607 2312; x_wconf 84' lang='lat' dir='ltr'>versus</span> 
     </span>
     <span class='ocr_line' id='line_1_29' title="bbox 283 2325 1603 2367; baseline -0.002 -11"><span class='ocrx_word' id='word_1_232' title='bbox 283 2327 428 2366; x_wconf 77' lang='lat' dir='ltr'>spatium</span> <span class='ocrx_word' id='word_1_233' title='bbox 448 2327 480 2357; x_wconf 88' lang='lat' dir='ltr'>in</span> <span class='ocrx_word' id='word_1_234' title='bbox 501 2326 523 2357; x_wconf 89' lang='lat' dir='ltr'>S</span> <span class='ocrx_word' id='word_1_235' title='bbox 540 2337 682 2357; x_wconf 83' lang='lat' dir='ltr'><strong>vacuum</strong></span> <span class='ocrx_word' id='word_1_236' title='bbox 700 2327 850 2357; x_wconf 84' lang='lat' dir='ltr'>relictum</span> <span class='ocrx_word' id='word_1_237' title='bbox 977 2336 1018 2355; x_wconf 84' lang='lat'>22</span> <span class='ocrx_word' id='word_1_238' title='bbox 1044 2328 1184 2365; x_wconf 82' lang='grc' dir='ltr'>ἐμμεῖναι</span> <span class='ocrx_word' id='word_1_239' title='bbox 1216 2327 1385 2367; x_wconf 82' lang='grc' dir='ltr'>συμβουλῇ</span> <span class='ocrx_word' id='word_1_240' title='bbox 1399 2325 1456 2355; x_wconf 80' lang='lat' dir='ltr'>vix</span> <span class='ocrx_word' id='word_1_241' title='bbox 1472 2334 1603 2355; x_wconf 82' lang='lat' dir='ltr'>sanum.</span> 
     </span>
    </p>
   </div>
   <div class='ocr_carea' id='block_1_4' title="bbox 283 2367 1604 2455">
    <p class='ocr_par' dir='ltr' id='par_1_8' title="bbox 283 2367 1604 2455">
     <span class='ocr_line' id='line_1_30' title="bbox 284 2367 1604 2412; baseline -0.001 -13"><span class='ocrx_word' id='word_1_242' title='bbox 284 2380 362 2400; x_wconf 84' lang='lat' dir='ltr'>num</span> <span class='ocrx_word' id='word_1_243' title='bbox 387 2371 538 2409; x_wconf 81' lang='grc' dir='ltr'>ἐπαμῦναι</span> <span class='ocrx_word' id='word_1_244' title='bbox 562 2373 733 2412; x_wconf 82' lang='grc' dir='ltr'>συμβουλῇ</span> <span class='ocrx_word' id='word_1_245' title='bbox 755 2370 990 2401; x_wconf 73' lang='lat' dir='ltr'>scribendum?</span> <span class='ocrx_word' id='word_1_246' title='bbox 1015 2370 1055 2400; x_wconf 86' lang='lat' dir='ltr'>cf.</span> <span class='ocrx_word' id='word_1_247' title='bbox 1077 2369 1168 2399; x_wconf 85' lang='lat' dir='ltr'>Isocr</span> <span class='ocrx_word' id='word_1_248' title='bbox 1204 2369 1266 2408; x_wconf 84' lang='lat' dir='ltr'>Ep.</span> <span class='ocrx_word' id='word_1_249' title='bbox 1285 2369 1294 2399; x_wconf 96' lang='lat' dir='ltr'><strong>i</strong></span> <span class='ocrx_word' id='word_1_250' title='bbox 1311 2378 1343 2406; x_wconf 83' lang='lat'>3,</span> <span class='ocrx_word' id='word_1_251' title='bbox 1362 2368 1444 2399; x_wconf 82' lang='lat' dir='ltr'>Plat.</span> <span class='ocrx_word' id='word_1_252' title='bbox 1464 2367 1604 2398; x_wconf 84' lang='lat' dir='ltr'>Phaedr.</span> 
     </span>
     <span class='ocr_line' id='line_1_31' title="bbox 283 2412 1109 2455; baseline 0.001 -13"><span class='ocrx_word' id='word_1_253' title='bbox 283 2423 344 2452; x_wconf 81' lang='lat'>275</span> <span class='ocrx_word' id='word_1_254' title='bbox 363 2413 388 2443; x_wconf 80' lang='grc' dir='ltr'>Ε</span> <span class='ocrx_word' id='word_1_255' title='bbox 407 2419 439 2444; x_wconf 76' lang='lat' dir='ltr'>et</span> <span class='ocrx_word' id='word_1_256' title='bbox 457 2414 604 2451; x_wconf 71' lang='grc' dir='ltr'>βοήθειαν</span> <span class='ocrx_word' id='word_1_257' title='bbox 620 2414 704 2444; x_wconf 78' lang='lat' dir='ltr'>infra</span> <span class='ocrx_word' id='word_1_258' title='bbox 806 2423 847 2452; x_wconf 80' lang='lat'>23</span> <span class='ocrx_word' id='word_1_259' title='bbox 871 2416 1055 2455; x_wconf 81' lang='grc' dir='ltr'>παραμεῖναι</span> <span class='ocrx_word' id='word_1_260' title='bbox 1073 2412 1109 2443; x_wconf 78' lang='lat' dir='ltr'>S¹</span> 
     </span>
    </p>
   </div>
  </div>
 </body>
</html>
