1746 2774
897 337 932 373 Δ

466 447 630 494 ΠΕΡΙ
674 447 817 496 ΤΗΣ
859 448 1356 496 ΘΗΡΑΜΕΝΟΥΣ

680 522 1148 571 ΒΛΑΣΦΗΜΙΑΣ

321 643 583 695 Δημοσθένης
621 650 668 702 τῇ
709 650 840 703 βουλῇ
881 647 942 686 καὶ
981 649 1032 700 τῷ
1073 649 1180 700 δημῷ
1220 647 1386 699 χαίρειν.
1450 646 1575 686 ἀκούω

253 711 340 763 περὶ
366 711 460 762 ἐμοῦ
485 711 724 763 Θηραμένην
749 713 897 755 ἄλλους
929 730 972 754 τε
995 714 1140 764 λόγους
1170 711 1443 765 βλασφήμους
1473 714 1573 765 εἰρη-

254 777 362 817 κέναι
388 777 450 817 καὶ
475 779 692 831 δυστυχίαν
715 780 943 832 προφέρειν.
1008 779 1051 819 τὸ
1067 782 1139 831 μὲν
1165 780 1233 820 οὖν
1255 783 1395 820 τοῦτον
1419 781 1577 832 ἀγνοεῖν

252 845 313 884 ὅτι
336 846 548 896 λοιδορίας,
571 844 593 896 ἢ
620 848 812 897 μηδεμίαν
840 848 991 894 κακίαν,
1013 846 1097 887 καθ’
1119 848 1212 887 ὅτου
1233 847 1407 900 λέγεται,
1427 848 1576 887 δείκνυ-

254 928 330 957 σιν,
359 911 471 951 οὐδέν
497 912 581 952 ἐστ’
615 915 764 966 ὄφελος
795 914 883 966 παρ’
911 914 951 954 εὖ
982 917 1199 966 φρονοῦσιν
1231 915 1462 967 ἀνθρώποις,
1489 914 1577 968 οὐχὶ

254 978 447 1029 θαυμάζω·
486 979 553 1020 τὸν
586 982 662 1033 γὰρ
685 981 836 1033 θρασὺν
860 984 932 1033 μὲν
957 985 1009 1036 τῷ
1045 982 1136 1036 βίῳ,
1163 981 1217 1032 μὴ
1242 982 1409 1032 πολίτην
1443 984 1484 1022 δὲ
1507 981 1578 1031 τὴν

253 1046 390 1098 φύσιν,
420 1047 461 1086 ἐν
491 1048 737 1103 ἐργαστηρίῳ
771 1050 814 1089 δὲ
846 1047 1113 1101 τεθραμμένον
1140 1050 1181 1089 ἐκ
1213 1050 1366 1096 παιδός,
1391 1047 1576 1089 αἰσθάνε-

253 1114 352 1153 σθαί
372 1130 409 1153 τι
434 1118 512 1154 τῶν
535 1115 725 1166 τοιούτων
746 1116 995 1168 ἀλογώτερον
1015 1115 1063 1166 ἦν
1085 1112 1110 1167 ἢ
1134 1116 1188 1168 μὴ
1205 1116 1393 1157 συνιέναι.
1454 1116 1577 1170 τούτῳ

250 1182 323 1231 μὲν
348 1180 430 1227 οὖν,
455 1181 525 1221 ἐὰν
559 1182 765 1234 ἀφίκωμαί
794 1200 890 1224 ποτε
919 1182 982 1224 καὶ
1018 1185 1147 1230 σωθῶ,
1175 1183 1413 1235 πειράσομαι
1444 1185 1576 1223 διαλε-

251 1249 394 1300 χθῆναι
430 1249 518 1300 περὶ
554 1249 608 1290 ὧν
645 1251 699 1292 εἷς
737 1250 804 1301 ἐμὲ
841 1251 904 1291 καὶ
939 1252 1028 1302 περὶ
1069 1251 1123 1291 ὧν
1160 1252 1215 1292 εἰς
1252 1252 1350 1302 ὑμᾶς
1387 1254 1576 1303 παροινεῖ,

254 1316 314 1355 καὶ
340 1316 496 1366 νομίζω,
517 1318 654 1369 καίπερ
669 1317 781 1357 οὐδὲν
797 1317 1018 1371 μετέχοντα
1031 1321 1100 1358 τοῦ
1119 1318 1396 1370 αἰσχύνεσθαι,
1413 1317 1576 1370 μετριώ-

252 1399 364 1433 τερον
391 1382 508 1423 αὐτὸν
534 1382 731 1434 ποιήσειν·
769 1385 859 1435 ὑμῖν
879 1387 919 1425 δὲ
940 1388 1009 1424 τοῦ
1036 1391 1144 1442 κοινῇ
1166 1385 1441 1438 συμφέροντος
1467 1385 1580 1426 ἕνεκα

251 1450 452 1501 βούλομαι
485 1450 533 1490 δι’
561 1452 791 1501 ἐπιστολῆς,
819 1452 884 1493 οὓς
917 1452 1004 1504 περὶ
1042 1451 1190 1492 τούτων
1225 1451 1303 1506 ἔχω
1330 1453 1488 1504 λόγους,
1514 1454 1579 1502 δη-

252 1520 394 1557 λῶσαι.
468 1518 526 1559 οἷς
551 1517 651 1558 πάνυ
681 1517 752 1559 τὸν
784 1522 875 1559 νοῦν
904 1518 1172 1572 προσέχοντες
1205 1520 1413 1560 ἀκούσατε·
1451 1520 1581 1570 οἴομαι

253 1585 328 1636 γὰρ
353 1584 493 1626 αὐτοὺς
516 1584 586 1626 οὐκ
610 1585 731 1635 ἆκοῆς
754 1587 887 1637 μόνον,
909 1587 1014 1626 ἀλλὰ
1043 1586 1104 1626 καὶ
1127 1585 1281 1638 μνήμης
1308 1583 1441 1635 ἀξίους
1467 1585 1578 1627 εἶναι.

320 1650 425 1703 Ἐγὼ
440 1650 512 1701 τὴν
528 1652 646 1693 πόλιν
666 1652 739 1703 τὴν
753 1652 942 1705 ὑμετέραν
961 1652 1251 1706 εὐτυχεστάτην
1268 1657 1408 1694 πασῶν
1425 1654 1581 1694 πόλεων

1129 1719 1180 1733 Αἱ
1230 1720 1264 1733 ’ἔκ

93 1710 230 1765 [1487]
252 1718 526 1769 ὑπολαμβάνω
552 1720 614 1760 καὶ
635 1719 967 1772 θεοφιλεστάτην,
988 1720 1049 1759 καὶ
1075 1737 1169 1760 ταυτ
1209 1730 1294 1760 οιοα
1318 1721 1382 1761 καὶ
1408 1719 1476 1761 τὸν
1502 1721 1581 1761 Δία

252 1784 320 1825 τὸν
338 1788 578 1826 Δωδωναῖον
605 1787 666 1826 καὶ
698 1786 770 1836 τὴν
801 1787 960 1837 Διώνην
987 1786 1049 1826 καὶ
1077 1787 1147 1828 τὸν
1176 1786 1366 1828 Ἀπόλλω
1401 1787 1470 1828 τὸν
1500 1787 1581 1827 Πύ-

255 1855 340 1893 θιον
369 1853 430 1893 ἀεὶ
452 1853 648 1906 λέγοντας
679 1854 722 1893 ἐν
753 1857 839 1895 ταῖς
868 1855 1070 1904 μαντείαις
1096 1854 1158 1894 καὶ
1184 1854 1578 1906 προσεπισφραγιζο-

252 1919 391 1970 μένους
411 1920 481 1970 τὴν
501 1920 654 1972 ἀγαθὴν
677 1920 802 1973 τύχην
829 1922 870 1961 ἐν
889 1921 936 1977 τῇ
960 1921 1079 1961 πόλει
1102 1921 1202 1961 εἶναι
1225 1920 1316 1972 παρ’
1340 1922 1443 1972 ὑμῖν.
1500 1922 1581 1961 ὅσα

253 1987 385 2027 τοίνυν
409 1989 497 2039 περὶ
533 1992 610 2028 τῶν
635 1988 830 2029 ἐπιόντων
861 1991 1053 2038 δηλοῦσιν
1077 1989 1115 2029 οἱ
1139 1989 1234 2034 θεοί,
1261 1990 1383 2038 δῆλον
1410 1988 1460 2030 ὡς
1483 2005 1579 2040 προ-

254 2053 456 2105 λέγουσιν·
495 2056 562 2096 τίις
587 2055 620 2095 δ’
646 2055 724 2096 ἀπὸ
747 2059 825 2096 τῶν
860 2056 1195 2107 παρεληλυθότων
1223 2055 1492 2108 προσηγορίας
1517 2055 1581 2095 ἐπὶ

1086 2122 1097 2135 N

214 2137 235 2170 4
255 2125 339 2162 ταῖς
368 2123 592 2173 γεγονυίαις
620 2121 792 2174 πράξεσι
823 2123 1008 2164 τίθενται.
1079 2129 1104 2162 ὰ
1140 2123 1270 2163 τοίνυν
1303 2123 1380 2175 ἐγὼ
1413 2122 1577 2163 πεπολί-

298 2229 456 2260 Tantus
473 2241 480 2261 z
514 2232 580 2271 περὶ
613 2233 670 2268 τῆς
703 2232 746 2262 S:
793 2233 868 2272 πρὸς
905 2234 962 2264 τὰς
999 2231 1089 2272 vulg.
1130 2237 1165 2263 et
1203 2232 1226 2262 S
1265 2232 1298 2262 in
1334 2232 1581 2271 subscriptione

255 2274 276 2302 6
299 2273 466 2314 προφέρειν
492 2273 517 2304 F
541 2284 652 2305 corn:
684 2282 876 2316 προσφερειν
906 2276 929 2305 S
950 2273 996 2305 ΡΙ
1015 2275 1044 2314 Q
1245 2286 1265 2314 9
1289 2276 1346 2307 τὸν
1371 2275 1417 2306 S:
1449 2277 1487 2306 τὸ
1514 2274 1581 2313 FQ

259 2326 296 2345 10
318 2320 525 2357 τεθρεμμενον
542 2318 566 2348 S
683 2328 715 2348 11
745 2319 949 2359 ἀλογώτερον
967 2319 990 2349 S
1006 2330 1012 2348 :
1038 2318 1254 2359 εὐλογώτερον
1272 2318 1339 2357 FQ
1450 2329 1490 2348 22
1507 2319 1582 2359 πρὸς

256 2362 367 2400 ἐπισφ.
387 2360 410 2390 S
522 2370 562 2398 24
586 2362 694 2392 τοίνυν
710 2362 806 2393 codd.
827 2373 833 2392 :
857 2361 916 2402 μὲν
931 2364 1038 2394 τοίνυν
1055 2362 1152 2393 Blass
1199 2362 1368 2402 ἐπιόντων]
1387 2362 1540 2394 εἷπόντων
1557 2360 1581 2391 S

256 2412 296 2440 25
320 2404 584 2444 προεληλυθότων
604 2404 750 2435 Dindors
764 2406 878 2435 nescio
895 2415 936 2436 an
955 2406 1153 2445 typothetae
1170 2415 1285 2436 errore

1597 736 1615 766 0·

1603 1067 1640 1089 10

1601 1742 1641 1764 20
