1763 2778
156 138 232 193 nx]
581 142 742 180 ΚΑΤΑ
791 141 1061 179 ΝΕΑΙΡΑΣ
1505 134 1640 191 [1382]

158 240 208 292 ἦν
239 240 301 281 καὶ
338 241 403 281 οἶα
432 239 648 292 ἠσέβηκεν,
675 239 723 280 τὰ
759 242 831 291 μὲν
869 239 1089 290 ἀδικήματα
1124 240 1266 290 ταύτης
1303 238 1363 290 ἦν,
1390 240 1413 291 ἡ
1447 239 1479 279 δ’

159 307 323 359 ἀμέλεια
354 310 423 358 τῆς
456 308 623 349 πόλεως·
662 307 724 347 καὶ
752 309 789 347 οἱ
822 309 894 358 μὲν
931 306 998 346 οὐκ
1034 306 1184 363 ᾔδεσαν
1215 307 1337 358 ὑμῶν,
1365 308 1402 348 οἱ
1439 309 1481 348 δὲ

159 375 372 426 πυθόμενοι
396 377 450 430 τῷ
473 376 547 426 μὲν
568 374 678 428 λόγῳ
711 373 970 426 ἠγανάκτουν,
992 377 1046 429 τῷ
1080 373 1113 414 δ’
1139 374 1241 428 ἔργῳ
1271 374 1340 414 οὐκ
1369 373 1481 427 εἶχον

158 442 181 482 ὅ
204 459 242 482 τι
266 440 486 495 χρήσαιντο
519 440 627 498 αὐτῇ,
655 440 814 483 οὐδενὸς
844 442 900 483 εἷς
933 442 1069 493 ἀγῶνα
1100 440 1360 482 καθιστάντος
1392 440 1480 482 οὐδὲ

120 525 135 557 5
158 509 332 550 διδόντος
381 509 469 560 περὶ
518 508 637 558 αὐτῆς
673 507 746 558 τὴν
792 510 949 561 ψῆφον.
1022 508 1156 559 ἐπειδὴ
1205 510 1246 549 δὲ
1289 509 1351 549 καὶ
1393 509 1481 549 ἵστε

157 574 303 618 πάντες
328 575 390 616 καὶ
416 576 528 629 ἔχετε
554 575 619 627 ἐφ’
644 576 734 626 ὑμῖν
760 575 890 618 αὐτοῖς
917 575 981 616 καὶ
1013 575 1139 628 κύριοί
1171 577 1263 616 ἐστε
1294 574 1478 622 κολάσαι,

155 642 343 695 ὑμέτερον
367 642 441 694 ἤδη
464 646 507 683 τὸ
533 641 723 694 ἀσέβημα
748 643 926 695 γίγνεται
951 642 995 683 τὸ
1021 642 1119 695 πρὸς
1143 642 1233 684 τοὺς
1259 642 1383 688 θεούς,
1410 642 1480 683 ἐὰν

155 709 209 761 μὴ
233 710 378 761 ταύτην
405 709 615 760 κολάσητε.
686 711 728 750 τί
756 711 798 749 δὲ
825 711 886 750 καὶ
913 708 1084 762 φήσειεν
1103 709 1151 750 ἂν
1175 710 1283 761 ὑμῶν
1314 710 1480 751 ἕκαστος
1503 724 1571 750 110

157 778 293 818 εἰσιὼν
311 777 408 830 πρὸς
424 776 496 828 τὴν
512 778 651 817 ἑαυτοῦ
670 776 819 829 γυναῖκ’
837 773 860 827 ἢ
881 776 1078 829 θυγατέρα
1094 773 1117 827 ἢ
1136 777 1298 829 μητέρα,
1316 777 1477 829 ἀποψη-

99 860 139 884 ῐο
158 843 378 897 φισάμενος
397 845 551 894 ταύτης,
570 843 730 884 ἐπειδὰν
749 837 885 896 ἔρηται
901 845 1002 895 ὑμᾶς
1024 847 1118 885 (ποῦ
1138 843 1244 894 ἧτε;’
1266 844 1328 884 καὶ
1345 845 1481 894 εἴπητε

706 909 716 924 ’
740 909 928 962 ἐρήσεται
951 912 1076 953 εὐθύς.
1135 910 1146 929 ‘
1164 910 1333 966 Νεαίρᾳ’
1359 913 1480 961 δῆλον
1503 911 1638 966 [1383]

157 979 220 1020 ὅτι
242 978 398 1031 φήσετε
419 975 478 1028 (οὐ
503 977 579 1031 γάρ
590 976 620 1029 5)
648 980 657 995 ‘
673 979 733 1018 ὅτι
757 976 851 1029 ξένη
885 978 987 1019 οὖσα
1021 979 1130 1033 ἀστῷ
1165 982 1344 1019 συνοικεῖ
1376 977 1481 1030 παρὰ

157 1045 225 1086 τὸν
259 1046 393 1097 νόμον,
421 1046 484 1086 καὶ
514 1046 575 1085 ὅτι
607 1044 679 1095 τὴν
713 1044 906 1098 θυγατέρα
940 1046 1256 1099 μεμοιχευμένην
1288 1044 1480 1096 ἐξέδωκεν

156 912 217 952 ὅτι
244 913 256 930 ‘
270 910 522 963 ἐδικάζομεν;
540 909 551 925 ’
577 913 588 930 ‘
606 915 660 966 τῷ
675 927 688 958 ‚·

159 1112 351 1165 Θεογένει
392 1117 446 1169 τῷ
486 1113 796 1164 βασιλεύσαντι,
835 1113 897 1152 καὶ
938 1113 1034 1163 αὕτη
1073 1112 1191 1153 ἔθυσε
1226 1112 1274 1153 τὰ
1312 1112 1395 1165 ἱερὰ
1431 1111 1480 1152 τὰ

100 1194 137 1227 15
158 1179 308 1233 ἄρρητα
327 1181 427 1233 ὑπὲρ
449 1182 519 1230 τῆς
545 1180 699 1222 πόλεως
727 1179 789 1219 καὶ
813 1183 867 1234 τῷ
899 1179 1087 1235 Διονύσῳ
1118 1180 1214 1232 γυνὴ
1246 1179 1389 1230 ἐδόθη’,
1417 1180 1480 1221 καὶ

158 1246 290 1288 τᾶλλα
312 1247 562 1300 διηγούμενοι
583 1247 657 1298 τὴν
675 1247 914 1299 κατηγορίαν
934 1247 1065 1298 αὐτῆς,
1087 1246 1139 1289 ὡς
1156 1248 1219 1288 καὶ
1234 1251 1481 1299 μνημονικῶς

160 1314 225 1356 καὶ
247 1316 443 1365 ἐπιμελῶς
463 1315 552 1366 περὶ
577 1313 746 1355 ἑκάστου
771 1313 1035 1368 κατηγορήθη.
1108 1316 1148 1356 αἱ
1183 1317 1224 1356 δὲ
1258 1314 1481 1355 ἀκούσασαι
1505 1329 1566 1355 111

158 1380 372 1434 ἐρήσονται
395 1382 462 1422 στί
483 1381 552 1423 οὖν
572 1380 814 1432 ἐποιήσατε,·
832 1381 842 1396 ’
865 1383 976 1433 ὑμεῖς
1003 1384 1044 1423 δὲ
1069 1380 1225 1435 φήσετε
1250 1383 1261 1400 ‘
1277 1381 1481 1434 ἀπεψηφί-

159 1447 315 1500 σμεθα.’
384 1448 524 1490 οὐκοῦν
547 1448 621 1500 ἤδη
647 1451 686 1489 αἱ
711 1451 786 1500 μὲν
810 1448 1148 1502 σωφρονέσταται
1176 1453 1256 1491 τῶν
1284 1452 1481 1502 γυναικῶν

97 1540 138 1561 20
157 1514 470 1568 ὀργισθήσονται
492 1516 596 1567 ὑμῖν,
625 1517 724 1557 διότι
749 1516 892 1568 ὁμοίως
924 1517 1060 1558 αὐταῖς
1084 1517 1231 1568 ταύτην
1257 1516 1482 1567 κατηξιοῦτε

157 1582 339 1636 μετέχειν
369 1587 448 1624 τῶν
478 1586 548 1634 τῆς
579 1584 734 1626 πόλεως
767 1584 830 1625 καὶ
860 1587 938 1624 τῶν
964 1585 1090 1637 ἱερῶν·
1129 1585 1224 1624 ὅσαι
1249 1583 1280 1624 δ’
1307 1584 1479 1634 ἀνόητοι,

159 1654 340 1703 φανερῶς
371 1652 613 1692 ἐπιδείκνυτε
641 1654 769 1691 ποιεῖν
803 1652 826 1691 ὅ
854 1668 891 1691 τι
921 1651 970 1692 ἂν
999 1651 1240 1702 βούλωνται,
1268 1650 1320 1692 ὡς
1348 1650 1483 1691 ἄδειαν

157 1718 265 1768 ὑμῶν
292 1718 353 1758 καὶ
377 1721 456 1758 τῶν
481 1718 612 1769 νόμων
638 1719 876 1759 δεδωκότων·
915 1717 1049 1769 δόξετε
1082 1720 1159 1771 γὰρ
1186 1718 1389 1771 ὀλιγώρως
1420 1717 1482 1758 καὶ

156 1784 339 1838 ῥᾳθύμως
362 1784 555 1838 φέροντες
579 1786 857 1839 ὁμογνώμονες
883 1786 947 1827 καὶ
973 1785 1083 1826 αὐτοὶ
1104 1786 1205 1827 εἶναι
1227 1789 1310 1827 τοῖς
1340 1784 1482 1835 ταύτης

99 1874 137 1906 25
158 1851 328 1904 τρόποις.
400 1852 505 1893 ὥστε
536 1853 638 1893 πολὺ
664 1856 820 1904 μᾶλλον
853 1852 1081 1894 ἐλυσιτέλει
1111 1852 1163 1905 μὴ
1196 1852 1384 1905 γενέσθαι
1414 1854 1483 1892 τὸν
1506 1863 1569 1890 112

158 1919 295 1970 ἆγῶνα
319 1919 474 1960 τουτονὶ
499 1916 522 1970 ἢ
548 1920 762 1973 γενομένου
787 1922 1135 1973 ἀποψηφίσασθαι
1161 1921 1273 1971 ὑμᾶς.
1347 1922 1483 1976 κομιδῇ

158 1983 236 2038 γὰρ
255 1985 326 2037 ἤδη
356 1983 586 2039 [παντελῶς]
615 1987 777 2038 ἐξουσία
813 1988 927 2028 ἔσται
962 1991 1049 2030 ταῖς
1086 1988 1251 2040 πόρναις
1287 1989 1484 2027 συνοικεῖν

160 2052 219 2094 οἷς
243 2051 293 2094 ἂν
313 2053 557 2106 βούλωνται,
588 2055 649 2095 καὶ
674 2055 765 2098 τοὺς
790 2058 932 2098 παῖδας
956 2054 1130 2108 φάσκειν
1156 2054 1200 2095 οὗ
1233 2054 1283 2096 ἂν
1307 2055 1485 2107 τύχωσιν

207 2171 221 2191 1
247 2163 405 2201 ἠσεβήκει
422 2163 525 2194 Hude
599 2164 638 2202 ἧν
655 2173 694 2196 r:
718 2164 757 2203 ἧν
770 2166 808 2197 ἂν
820 2170 897 2197 cett.
1033 2174 1053 2203 3
1077 2170 1154 2205 post
1167 2165 1249 2206 ἔργῳ
1259 2174 1323 2195 sex
1338 2163 1401 2195 litt.
1413 2163 1446 2193 in
1461 2162 1485 2193 S

160 2215 278 2236 erasae
368 2216 389 2246 9
413 2208 518 2238 εἰσιὼν
532 2206 557 2238 S
569 2207 599 2238 D
612 2207 638 2238 F
650 2220 700 2249 γρ.
715 2219 722 2240 :
749 2210 848 2240 ἀπιὼν
864 2209 889 2238 F
904 2208 934 2247 Q
1029 2218 1066 2240 10
1090 2222 1180 2250 ερητε
1192 2208 1217 2240 S
1230 2208 1255 2239 F
1349 2217 1386 2247 15
1412 2207 1487 2248 ὑπὲρ

160 2247 253 2287 FQ:
277 2251 344 2291 περὶ
370 2250 506 2281 SYrD
628 2253 666 2282 16
690 2251 745 2292 ὡς]
781 2254 820 2286 ὡς
850 2252 885 2284 εὖ
918 2252 942 2283 F
953 2251 994 2291 Q,
1028 2253 1087 2283 sed
1120 2253 1161 2283 cs.
1194 2252 1357 2283 Aeschin.
1393 2250 1413 2280 ii
1444 2251 1487 2289 48

161 2302 198 2322 21
226 2292 369 2334 ἀνόητοι]
388 2295 596 2335 ἀναίσχυντοι
615 2295 705 2336 Βγρ.
893 2306 934 2326 22
958 2301 1034 2335 post
1051 2298 1245 2328 ἐπιδείκνυτε
1262 2296 1338 2326 add.
1357 2294 1486 2326 ταύταις

163 2334 250 2377 F'yp.
264 2336 294 2375 Q
309 2350 359 2378 γρ.
375 2337 406 2368 Y
417 2350 469 2379 γρ.
483 2338 512 2368 D
662 2340 704 2368 26
728 2338 898 2380 ’γενομένου
916 2339 1031 2370 Wolf:
1055 2340 1228 2382 ’γενόμενον
1243 2339 1355 2376 codd.‚
1376 2338 1484 2368 Funk-

162 2378 283 2410 haenel
306 2380 382 2411 coll.
408 2381 568 2412 Aeschin.
595 2381 629 2412 iii
654 2392 718 2421 230
851 2393 890 2422 27
916 2386 976 2421 ἤδη
995 2394 1058 2414 om.
1082 2383 1106 2414 S
1121 2383 1179 2413 rD
1321 2384 1485 2413 παντελῶς

161 2422 227 2454 del.
247 2423 417 2464 Schaeser,
437 2425 513 2456 coll.
534 2425 687 2466 Hesych.
706 2428 831 2469 κομιδῇ·
847 2430 1023 2460 παντελῶς.
1042 2426 1083 2458 Cf.
1103 2429 1267 2459 παντελῶς
1284 2428 1345 2464 ἤδη
1363 2427 1379 2463 ἕ
1403 2434 1461 2462 ¹¹3
