<?xml version="1.0" encoding="UTF-8"?>
<!DOCTYPE html PUBLIC "-//W3C//DTD XHTML 1.0 Transitional//EN"
    "http://www.w3.org/TR/xhtml1/DTD/xhtml1-transitional.dtd">
<html xmlns="http://www.w3.org/1999/xhtml" xml:lang="en" lang="en">
 <head>
  <title>
</title>
<meta http-equiv="Content-Type" content="text/html;charset=utf-8" />
  <meta name='ocr-system' content='tesseract 3.04.00' />
  <meta name='ocr-capabilities' content='ocr_page ocr_carea ocr_par ocr_line ocrx_word'/>
</head>
<body>
  <div class='ocr_page' id='page_1' title='image "./orationesrecog03demouoft_0368.png"; bbox 0 0 1763 2778; ppageno 0'>
   <div class='ocr_carea' id='block_1_1' title="bbox 91 110 1583 170">
    <p class='ocr_par' dir='ltr' id='par_1_1' title="bbox 91 110 1583 170">
     <span class='ocr_line' id='line_1_1' title="bbox 91 110 1583 170; baseline -0.007 -8"><span class='ocrx_word' id='word_1_1' title='bbox 91 110 237 166; x_wconf 85' lang='lat'>[1403]</span> <span class='ocrx_word' id='word_1_2' title='bbox 648 110 1173 168; x_wconf 72' lang='grc' dir='ltr'>[ΔΗΜΟΣΘΕΝΟΎΣ]</span> <span class='ocrx_word' id='word_1_3' title='bbox 1508 113 1583 170; x_wconf 76' lang='lat' dir='ltr'>[m</span> 
     </span>
    </p>
   </div>
   <div class='ocr_carea' id='block_1_2' title="bbox 97 215 1647 2147">
    <p class='ocr_par' dir='ltr' id='par_1_2' title="bbox 97 215 1647 2147">
     <span class='ocr_line' id='line_1_2' title="bbox 258 215 1583 268; baseline 0.002 -11"><span class='ocrx_word' id='word_1_4' title='bbox 258 217 412 268; x_wconf 82' lang='grc' dir='ltr'>ἀγαπῶ·</span> <span class='ocrx_word' id='word_1_5' title='bbox 450 216 757 267; x_wconf 78' lang='grc' dir='ltr'>συμβουλεύσας</span> <span class='ocrx_word' id='word_1_6' title='bbox 782 215 815 256; x_wconf 76' lang='grc' dir='ltr'>δ’</span> <span class='ocrx_word' id='word_1_7' title='bbox 839 216 863 256; x_wconf 72' lang='grc' dir='ltr'>ἃ</span> <span class='ocrx_word' id='word_1_8' title='bbox 886 216 1063 267; x_wconf 90' lang='grc' dir='ltr'>μάλιστα</span> <span class='ocrx_word' id='word_1_9' title='bbox 1089 217 1321 268; x_wconf 84' lang='grc' dir='ltr'>κατεπείγει,</span> <span class='ocrx_word' id='word_1_10' title='bbox 1348 217 1490 267; x_wconf 78' lang='grc' dir='ltr'>νομίζω</span> <span class='ocrx_word' id='word_1_11' title='bbox 1513 218 1583 267; x_wconf 85' lang='grc' dir='ltr'>τῆς</span> 
     </span>
     <span class='ocr_line' id='line_1_3' title="bbox 257 283 1585 335; baseline -0.001 -11"><span class='ocrx_word' id='word_1_12' title='bbox 257 286 331 335; x_wconf 83' lang='grc' dir='ltr'>μὲν</span> <span class='ocrx_word' id='word_1_13' title='bbox 355 283 506 325; x_wconf 77' lang='grc' dir='ltr'>εὐνοίας</span> <span class='ocrx_word' id='word_1_14' title='bbox 530 285 599 333; x_wconf 85' lang='grc' dir='ltr'>τῆς</span> <span class='ocrx_word' id='word_1_15' title='bbox 623 284 717 334; x_wconf 82' lang='grc' dir='ltr'>ἐμῆς</span> <span class='ocrx_word' id='word_1_16' title='bbox 741 286 893 335; x_wconf 84' lang='grc' dir='ltr'>δεῖγμα,</span> <span class='ocrx_word' id='word_1_17' title='bbox 919 285 987 333; x_wconf 86' lang='grc' dir='ltr'>τῆς</span> <span class='ocrx_word' id='word_1_18' title='bbox 1013 286 1053 324; x_wconf 81' lang='grc' dir='ltr'>δὲ</span> <span class='ocrx_word' id='word_1_19' title='bbox 1082 285 1213 333; x_wconf 84' lang='grc' dir='ltr'>κοινῆς</span> <span class='ocrx_word' id='word_1_20' title='bbox 1237 284 1375 335; x_wconf 82' lang='grc' dir='ltr'>φιλίας</span> <span class='ocrx_word' id='word_1_21' title='bbox 1400 283 1585 335; x_wconf 75' lang='grc' dir='ltr'>ἀφορμὴν</span> 
     </span>
     <span class='ocr_line' id='line_1_4' title="bbox 218 349 1585 404; baseline 0.001 -13"><span class='ocrx_word' id='word_1_22' title='bbox 218 365 237 400; x_wconf 93' lang='grc'><em>7</em></span> <span class='ocrx_word' id='word_1_23' title='bbox 259 349 498 403; x_wconf 83' lang='grc' dir='ltr'>ἀμφοτέροις</span> <span class='ocrx_word' id='word_1_24' title='bbox 531 351 734 391; x_wconf 82' lang='grc' dir='ltr'>εἰσοίσειν.</span> <span class='ocrx_word' id='word_1_25' title='bbox 807 351 930 390; x_wconf 90' lang='grc' dir='ltr'>καίτοι</span> <span class='ocrx_word' id='word_1_26' title='bbox 964 349 1003 400; x_wconf 88' lang='grc' dir='ltr'>μ’</span> <span class='ocrx_word' id='word_1_27' title='bbox 1039 350 1084 391; x_wconf 85' lang='grc' dir='ltr'>οὐ</span> <span class='ocrx_word' id='word_1_28' title='bbox 1114 350 1285 400; x_wconf 85' lang='grc' dir='ltr'>λέληθεν</span> <span class='ocrx_word' id='word_1_29' title='bbox 1314 351 1373 391; x_wconf 88' lang='grc' dir='ltr'>ὅτι</span> <span class='ocrx_word' id='word_1_30' title='bbox 1405 350 1585 404; x_wconf 73' lang='grc' dir='ltr'>χαλεπὸν</span> 
     </span>
     <span class='ocr_line' id='line_1_5' title="bbox 257 416 1582 471; baseline 0 -13"><span class='ocrx_word' id='word_1_31' title='bbox 257 417 331 468; x_wconf 88' lang='grc' dir='ltr'>μέν</span> <span class='ocrx_word' id='word_1_32' title='bbox 355 419 466 458; x_wconf 90' lang='grc' dir='ltr'>ἐστιν</span> <span class='ocrx_word' id='word_1_33' title='bbox 493 417 555 457; x_wconf 89' lang='grc' dir='ltr'>καὶ</span> <span class='ocrx_word' id='word_1_34' title='bbox 579 417 650 468; x_wconf 80' lang='grc' dir='ltr'>τὴν</span> <span class='ocrx_word' id='word_1_35' title='bbox 676 417 752 468; x_wconf 77' lang='grc' dir='ltr'>σὴν</span> <span class='ocrx_word' id='word_1_36' title='bbox 779 418 903 470; x_wconf 88' lang='grc' dir='ltr'>φύσιν</span> <span class='ocrx_word' id='word_1_37' title='bbox 932 416 1048 468; x_wconf 81' lang='grc' dir='ltr'>ἀξίως</span> <span class='ocrx_word' id='word_1_38' title='bbox 1081 420 1158 457; x_wconf 91' lang='grc' dir='ltr'>τῶν</span> <span class='ocrx_word' id='word_1_39' title='bbox 1189 418 1450 471; x_wconf 85' lang='grc' dir='ltr'>ὑπαρχόντων</span> <span class='ocrx_word' id='word_1_40' title='bbox 1478 420 1582 458; x_wconf 83' lang='grc' dir='ltr'>διελ-</span> 
     </span>
     <span class='ocr_line' id='line_1_6' title="bbox 259 483 1622 537; baseline 0 -13"><span class='ocrx_word' id='word_1_41' title='bbox 259 487 353 530; x_wconf 82' lang='grc' dir='ltr'>θεῖν,</span> <span class='ocrx_word' id='word_1_42' title='bbox 397 484 454 525; x_wconf 86' lang='grc' dir='ltr'>ἔτι</span> <span class='ocrx_word' id='word_1_43' title='bbox 502 483 535 524; x_wconf 88' lang='grc' dir='ltr'>δ’</span> <span class='ocrx_word' id='word_1_44' title='bbox 583 485 920 536; x_wconf 84' lang='grc' dir='ltr'>ἐπικινδυνότερον</span> <span class='ocrx_word' id='word_1_45' title='bbox 965 484 1011 525; x_wconf 84' lang='grc' dir='ltr'>τὸ</span> <span class='ocrx_word' id='word_1_46' title='bbox 1058 484 1350 536; x_wconf 82' lang='grc' dir='ltr'>συμβουλεύειν</span> <span class='ocrx_word' id='word_1_47' title='bbox 1395 483 1583 535; x_wconf 83' lang='grc' dir='ltr'>μέλλονθ’</span> <span class='ocrx_word' id='word_1_48' title='bbox 1604 504 1622 537; x_wconf 89' lang='lat'><strong>5</strong></span> 
     </span>
     <span class='ocr_line' id='line_1_7' title="bbox 259 550 1584 606; baseline 0 -15"><span class='ocrx_word' id='word_1_49' title='bbox 259 551 377 592; x_wconf 87' lang='grc' dir='ltr'>αὑτὸν</span> <span class='ocrx_word' id='word_1_50' title='bbox 407 551 625 592; x_wconf 83' lang='grc' dir='ltr'>ὑπεύθυνον</span> <span class='ocrx_word' id='word_1_51' title='bbox 656 555 709 606; x_wconf 81' lang='grc' dir='ltr'>τῷ</span> <span class='ocrx_word' id='word_1_52' title='bbox 743 550 948 592; x_wconf 86' lang='grc' dir='ltr'>πεισθέντι</span> <span class='ocrx_word' id='word_1_53' title='bbox 977 553 1239 602; x_wconf 89' lang='grc' dir='ltr'>καταστῆσαι.</span> <span class='ocrx_word' id='word_1_54' title='bbox 1311 552 1418 592; x_wconf 78' lang='grc' dir='ltr'>ἀλλὰ</span> <span class='ocrx_word' id='word_1_55' title='bbox 1442 551 1584 603; x_wconf 79' lang='grc' dir='ltr'>νομίζω</span> 
     </span>
     <span class='ocr_line' id='line_1_8' title="bbox 258 618 1584 671; baseline 0.001 -13"><span class='ocrx_word' id='word_1_56' title='bbox 258 622 341 660; x_wconf 83' lang='grc' dir='ltr'>τοῖς</span> <span class='ocrx_word' id='word_1_57' title='bbox 367 620 437 669; x_wconf 78' lang='grc' dir='ltr'>μὲν</span> <span class='ocrx_word' id='word_1_58' title='bbox 475 619 630 660; x_wconf 85' lang='grc' dir='ltr'>δικαίως</span> <span class='ocrx_word' id='word_1_59' title='bbox 661 619 863 671; x_wconf 83' lang='grc' dir='ltr'>ἐγκωμίων</span> <span class='ocrx_word' id='word_1_60' title='bbox 899 618 1167 671; x_wconf 82' lang='grc' dir='ltr'>τυγχάνουσιν</span> <span class='ocrx_word' id='word_1_61' title='bbox 1204 618 1482 671; x_wconf 85' lang='grc' dir='ltr'>περιγενέσθαι</span> <span class='ocrx_word' id='word_1_62' title='bbox 1517 620 1584 668; x_wconf 87' lang='grc' dir='ltr'>τῆς</span> 
     </span>
     <span class='ocr_line' id='line_1_9' title="bbox 259 685 1586 743; baseline 0.002 -18"><span class='ocrx_word' id='word_1_63' title='bbox 259 689 336 725; x_wconf 87' lang='grc' dir='ltr'>τῶν</span> <span class='ocrx_word' id='word_1_64' title='bbox 377 685 643 726; x_wconf 84' lang='grc' dir='ltr'>ἐπαινούντων</span> <span class='ocrx_word' id='word_1_65' title='bbox 688 685 887 736; x_wconf 88' lang='grc' dir='ltr'>δυνάμεως</span> <span class='ocrx_word' id='word_1_66' title='bbox 928 685 1144 738; x_wconf 84' lang='grc' dir='ltr'>προσήκειν</span> <span class='ocrx_word' id='word_1_67' title='bbox 1189 691 1237 743; x_wconf 78' lang='grc' dir='ltr'>τῇ</span> <span class='ocrx_word' id='word_1_68' title='bbox 1282 687 1351 736; x_wconf 85' lang='grc' dir='ltr'>τῆς</span> <span class='ocrx_word' id='word_1_69' title='bbox 1399 685 1586 735; x_wconf 83' lang='grc' dir='ltr'>ἀληθείας</span> 
     </span>
     <span class='ocr_line' id='line_1_10' title="bbox 258 751 1586 808; baseline 0.001 -16"><span class='ocrx_word' id='word_1_70' title='bbox 258 753 477 808; x_wconf 80' lang='grc' dir='ltr'>ὑπερβολῇ,</span> <span class='ocrx_word' id='word_1_71' title='bbox 504 754 573 803; x_wconf 88' lang='grc' dir='ltr'>τῆς</span> <span class='ocrx_word' id='word_1_72' title='bbox 607 755 648 792; x_wconf 81' lang='grc' dir='ltr'>δὲ</span> <span class='ocrx_word' id='word_1_73' title='bbox 679 755 912 803; x_wconf 79' lang='grc' dir='ltr'>συμβουλῆς</span> <span class='ocrx_word' id='word_1_74' title='bbox 938 752 984 793; x_wconf 86' lang='grc' dir='ltr'>οὐ</span> <span class='ocrx_word' id='word_1_75' title='bbox 1013 751 1364 804; x_wconf 88' lang='grc' dir='ltr'>διαμαρτήσεσθαι,</span> <span class='ocrx_word' id='word_1_76' title='bbox 1398 752 1586 794; x_wconf 82' lang='grc' dir='ltr'>συνειδὼς</span> 
     </span>
     <span class='ocr_line' id='line_1_11' title="bbox 259 818 1647 872; baseline 0 -13"><span class='ocrx_word' id='word_1_77' title='bbox 259 819 320 860; x_wconf 85' lang='grc' dir='ltr'>ὅτι</span> <span class='ocrx_word' id='word_1_78' title='bbox 351 821 415 859; x_wconf 78' lang='grc' dir='ltr'>διὰ</span> <span class='ocrx_word' id='word_1_79' title='bbox 446 821 519 870; x_wconf 79' lang='grc' dir='ltr'>μὲν</span> <span class='ocrx_word' id='word_1_80' title='bbox 550 818 728 870; x_wconf 85' lang='grc' dir='ltr'>ἀνοήτων</span> <span class='ocrx_word' id='word_1_81' title='bbox 762 821 824 860; x_wconf 82' lang='grc' dir='ltr'>καὶ</span> <span class='ocrx_word' id='word_1_82' title='bbox 858 823 1061 861; x_wconf 84' lang='grc' dir='ltr'>παντελῶς</span> <span class='ocrx_word' id='word_1_83' title='bbox 1089 819 1154 860; x_wconf 92' lang='grc' dir='ltr'>ὑπ’</span> <span class='ocrx_word' id='word_1_84' title='bbox 1180 820 1371 872; x_wconf 88' lang='grc' dir='ltr'>ἀκρασίας</span> <span class='ocrx_word' id='word_1_85' title='bbox 1396 822 1583 872; x_wconf 88' lang='grc' dir='ltr'>διεφθαρ-</span> <span class='ocrx_word' id='word_1_86' title='bbox 1607 837 1647 860; x_wconf 84' lang='grc' dir='ltr'>ιο</span> 
     </span>
     <span class='ocr_line' id='line_1_12' title="bbox 257 885 1645 939; baseline 0 -13"><span class='ocrx_word' id='word_1_87' title='bbox 257 885 388 937; x_wconf 89' lang='grc' dir='ltr'>μένων</span> <span class='ocrx_word' id='word_1_88' title='bbox 411 885 501 928; x_wconf 81' lang='grc' dir='ltr'>οὐδὲ</span> <span class='ocrx_word' id='word_1_89' title='bbox 522 889 600 927; x_wconf 91' lang='grc' dir='ltr'>τῶν</span> <span class='ocrx_word' id='word_1_90' title='bbox 625 885 711 926; x_wconf 82' lang='grc' dir='ltr'>καθ’</span> <span class='ocrx_word' id='word_1_91' title='bbox 733 886 965 939; x_wconf 76' lang='grc' dir='ltr'>ὑπερβολὴν</span> <span class='ocrx_word' id='word_1_92' title='bbox 989 887 1113 939; x_wconf 86' lang='grc' dir='ltr'>ὀρθῶς</span> <span class='ocrx_word' id='word_1_93' title='bbox 1145 886 1445 938; x_wconf 85' lang='grc' dir='ltr'>βουλευθέντων</span> <span class='ocrx_word' id='word_1_94' title='bbox 1472 886 1586 927; x_wconf 80' lang='grc' dir='ltr'>οὐδὲν</span> <span class='ocrx_word' id='word_1_95' title='bbox 1642 911 1645 914; x_wconf 86' lang='grc'><em>·</em></span> 
     </span>
     <span class='ocr_line' id='line_1_13' title="bbox 259 951 1586 1007; baseline 0.002 -14"><span class='ocrx_word' id='word_1_96' title='bbox 259 952 306 993; x_wconf 81' lang='grc' dir='ltr'>ἂν</span> <span class='ocrx_word' id='word_1_97' title='bbox 343 957 471 994; x_wconf 85' lang='grc' dir='ltr'>καλῶς</span> <span class='ocrx_word' id='word_1_98' title='bbox 509 951 748 1007; x_wconf 85' lang='grc' dir='ltr'>ἐξενεχθείη,</span> <span class='ocrx_word' id='word_1_99' title='bbox 774 956 838 994; x_wconf 81' lang='grc' dir='ltr'>διὰ</span> <span class='ocrx_word' id='word_1_100' title='bbox 874 955 915 994; x_wconf 83' lang='grc' dir='ltr'>δὲ</span> <span class='ocrx_word' id='word_1_101' title='bbox 949 957 1027 995; x_wconf 90' lang='grc' dir='ltr'>τῶν</span> <span class='ocrx_word' id='word_1_102' title='bbox 1063 954 1281 1006; x_wconf 85' lang='grc' dir='ltr'>σωφρόνως</span> <span class='ocrx_word' id='word_1_103' title='bbox 1318 954 1380 994; x_wconf 87' lang='grc' dir='ltr'>καὶ</span> <span class='ocrx_word' id='word_1_104' title='bbox 1410 955 1586 1005; x_wconf 84' lang='grc' dir='ltr'>καθαρῶς</span> 
     </span>
     <span class='ocr_line' id='line_1_14' title="bbox 261 1019 1587 1073; baseline 0 -12"><span class='ocrx_word' id='word_1_105' title='bbox 261 1020 328 1071; x_wconf 81' lang='grc' dir='ltr'>ζῆν</span> <span class='ocrx_word' id='word_1_106' title='bbox 361 1019 600 1073; x_wconf 83' lang='grc' dir='ltr'>αἱρουμένων</span> <span class='ocrx_word' id='word_1_107' title='bbox 629 1021 719 1062; x_wconf 81' lang='grc' dir='ltr'>οὐδὲ</span> <span class='ocrx_word' id='word_1_108' title='bbox 743 1022 793 1061; x_wconf 81' lang='grc' dir='ltr'>τὰ</span> <span class='ocrx_word' id='word_1_109' title='bbox 814 1022 982 1073; x_wconf 88' lang='grc' dir='ltr'>μετρίως</span> <span class='ocrx_word' id='word_1_110' title='bbox 1007 1020 1230 1072; x_wconf 88' lang='grc' dir='ltr'>ἐσκεμμένα</span> <span class='ocrx_word' id='word_1_111' title='bbox 1255 1020 1587 1072; x_wconf 84' lang='grc' dir='ltr'>διαμαρτάνεσθαι</span> 
     </span>
     <span class='ocr_line' id='line_1_15' title="bbox 218 1086 1585 1142; baseline 0 -15"><span class='ocrx_word' id='word_1_112' title='bbox 218 1094 238 1127; x_wconf 91' lang='grc'><strong>8</strong></span> <span class='ocrx_word' id='word_1_113' title='bbox 259 1086 446 1140; x_wconf 88' lang='grc' dir='ltr'>πέφυκεν.</span> <span class='ocrx_word' id='word_1_114' title='bbox 517 1089 587 1130; x_wconf 78' lang='grc' dir='ltr'>τὰς</span> <span class='ocrx_word' id='word_1_115' title='bbox 619 1090 692 1139; x_wconf 79' lang='grc' dir='ltr'>μὲν</span> <span class='ocrx_word' id='word_1_116' title='bbox 716 1088 785 1128; x_wconf 73' lang='grc' dir='ltr'>οὖν</span> <span class='ocrx_word' id='word_1_117' title='bbox 817 1089 980 1131; x_wconf 86' lang='grc' dir='ltr'>ἐλπίδας</span> <span class='ocrx_word' id='word_1_118' title='bbox 1013 1088 1118 1141; x_wconf 83' lang='grc' dir='ltr'>ἔχων</span> <span class='ocrx_word' id='word_1_119' title='bbox 1142 1089 1322 1130; x_wconf 86' lang='grc' dir='ltr'>τοιαύτας</span> <span class='ocrx_word' id='word_1_120' title='bbox 1342 1088 1507 1141; x_wconf 85' lang='grc' dir='ltr'>ἐγχειρῶ</span> <span class='ocrx_word' id='word_1_121' title='bbox 1532 1090 1585 1142; x_wconf 80' lang='grc' dir='ltr'>τῷ</span> 
     </span>
     <span class='ocr_line' id='line_1_16' title="bbox 258 1154 1645 1209; baseline -0.001 -16"><span class='ocrx_word' id='word_1_122' title='bbox 258 1155 383 1209; x_wconf 82' lang='grc' dir='ltr'>λόγῳ·</span> <span class='ocrx_word' id='word_1_123' title='bbox 414 1154 586 1206; x_wconf 80' lang='grc' dir='ltr'>ἡγοῦμαι</span> <span class='ocrx_word' id='word_1_124' title='bbox 613 1157 657 1196; x_wconf 82' lang='grc' dir='ltr'>δὲ</span> <span class='ocrx_word' id='word_1_125' title='bbox 684 1155 834 1198; x_wconf 86' lang='grc' dir='ltr'>πάντας</span> <span class='ocrx_word' id='word_1_126' title='bbox 863 1154 910 1196; x_wconf 80' lang='grc' dir='ltr'>ἂν</span> <span class='ocrx_word' id='word_1_127' title='bbox 936 1155 1187 1208; x_wconf 80' lang='grc' dir='ltr'>ὁμολογῆσαί</span> <span class='ocrx_word' id='word_1_128' title='bbox 1206 1172 1272 1207; x_wconf 95' lang='grc' dir='ltr'>μοι</span> <span class='ocrx_word' id='word_1_129' title='bbox 1296 1158 1378 1197; x_wconf 85' lang='grc' dir='ltr'>τοῖς</span> <span class='ocrx_word' id='word_1_130' title='bbox 1401 1154 1583 1206; x_wconf 86' lang='grc' dir='ltr'>τηλικού-</span> <span class='ocrx_word' id='word_1_131' title='bbox 1608 1169 1645 1202; x_wconf 87' lang='lat'>15</span> 
     </span>
     <span class='ocr_line' id='line_1_17' title="bbox 258 1221 1584 1275; baseline 0.002 -13"><span class='ocrx_word' id='word_1_132' title='bbox 258 1238 339 1263; x_wconf 93' lang='grc' dir='ltr'>τοις</span> <span class='ocrx_word' id='word_1_133' title='bbox 384 1221 564 1272; x_wconf 90' lang='grc' dir='ltr'>μάλιστα</span> <span class='ocrx_word' id='word_1_134' title='bbox 609 1224 854 1275; x_wconf 85' lang='grc' dir='ltr'>κατεπείγειν</span> <span class='ocrx_word' id='word_1_135' title='bbox 900 1222 1048 1265; x_wconf 88' lang='grc' dir='ltr'>κάλλος</span> <span class='ocrx_word' id='word_1_136' title='bbox 1094 1225 1166 1273; x_wconf 82' lang='grc' dir='ltr'>μὲν</span> <span class='ocrx_word' id='word_1_137' title='bbox 1213 1223 1277 1263; x_wconf 86' lang='grc' dir='ltr'>ἐπὶ</span> <span class='ocrx_word' id='word_1_138' title='bbox 1323 1223 1392 1272; x_wconf 76' lang='grc' dir='ltr'>τῆς</span> <span class='ocrx_word' id='word_1_139' title='bbox 1435 1223 1584 1274; x_wconf 77' lang='grc' dir='ltr'>ὅψεως,</span> 
     </span>
     <span class='ocr_line' id='line_1_18' title="bbox 259 1287 1586 1343; baseline 0.002 -15"><span class='ocrx_word' id='word_1_140' title='bbox 259 1289 528 1342; x_wconf 84' lang='grc' dir='ltr'>σωφροσύνην</span> <span class='ocrx_word' id='word_1_141' title='bbox 559 1289 594 1330; x_wconf 89' lang='grc' dir='ltr'>δ’</span> <span class='ocrx_word' id='word_1_142' title='bbox 624 1290 689 1330; x_wconf 90' lang='grc' dir='ltr'>ἐπὶ</span> <span class='ocrx_word' id='word_1_143' title='bbox 717 1292 786 1340; x_wconf 89' lang='grc' dir='ltr'>τῆς</span> <span class='ocrx_word' id='word_1_144' title='bbox 815 1291 962 1343; x_wconf 76' lang='grc' dir='ltr'>ψυχῆς,</span> <span class='ocrx_word' id='word_1_145' title='bbox 990 1290 1174 1341; x_wconf 86' lang='grc' dir='ltr'>ἀνδρείαν</span> <span class='ocrx_word' id='word_1_146' title='bbox 1206 1288 1239 1330; x_wconf 91' lang='grc' dir='ltr'>δ’</span> <span class='ocrx_word' id='word_1_147' title='bbox 1264 1288 1325 1330; x_wconf 84' lang='grc' dir='ltr'>ἐπ’</span> <span class='ocrx_word' id='word_1_148' title='bbox 1350 1287 1586 1341; x_wconf 88' lang='grc' dir='ltr'>ἀμφοτέρων</span> 
     </span>
     <span class='ocr_line' id='line_1_19' title="bbox 257 1355 1585 1410; baseline -0.001 -14"><span class='ocrx_word' id='word_1_149' title='bbox 257 1356 420 1403; x_wconf 90' lang='grc' dir='ltr'>τούτων,</span> <span class='ocrx_word' id='word_1_150' title='bbox 439 1356 558 1410; x_wconf 87' lang='grc' dir='ltr'>χάριν</span> <span class='ocrx_word' id='word_1_151' title='bbox 582 1355 616 1397; x_wconf 85' lang='grc' dir='ltr'>δ’</span> <span class='ocrx_word' id='word_1_152' title='bbox 641 1357 705 1397; x_wconf 86' lang='grc' dir='ltr'>ἐπὶ</span> <span class='ocrx_word' id='word_1_153' title='bbox 730 1360 808 1397; x_wconf 87' lang='grc' dir='ltr'>τῶν</span> <span class='ocrx_word' id='word_1_154' title='bbox 832 1357 965 1409; x_wconf 89' lang='grc' dir='ltr'>λόγων</span> <span class='ocrx_word' id='word_1_155' title='bbox 990 1360 1186 1397; x_wconf 85' lang='grc' dir='ltr'>διατελεῖν</span> <span class='ocrx_word' id='word_1_156' title='bbox 1212 1356 1388 1409; x_wconf 85' lang='grc' dir='ltr'>ἔχοντας.</span> <span class='ocrx_word' id='word_1_157' title='bbox 1458 1356 1512 1396; x_wconf 79' lang='grc' dir='ltr'>ὧν</span> <span class='ocrx_word' id='word_1_158' title='bbox 1535 1357 1585 1396; x_wconf 78' lang='grc' dir='ltr'>τὰ</span> 
     </span>
     <span class='ocr_line' id='line_1_20' title="bbox 258 1422 1585 1477; baseline -0.001 -13"><span class='ocrx_word' id='word_1_159' title='bbox 258 1426 330 1474; x_wconf 81' lang='grc' dir='ltr'>μὲν</span> <span class='ocrx_word' id='word_1_160' title='bbox 353 1425 422 1474; x_wconf 85' lang='grc' dir='ltr'>τῆς</span> <span class='ocrx_word' id='word_1_161' title='bbox 447 1424 608 1476; x_wconf 91' lang='grc' dir='ltr'>φύσεως</span> <span class='ocrx_word' id='word_1_162' title='bbox 631 1425 731 1464; x_wconf 81' lang='grc' dir='ltr'>οὕτω</span> <span class='ocrx_word' id='word_1_163' title='bbox 758 1427 887 1466; x_wconf 90' lang='grc' dir='ltr'>καλῶς</span> <span class='ocrx_word' id='word_1_164' title='bbox 910 1424 933 1475; x_wconf 88' lang='grc' dir='ltr'>ἡ</span> <span class='ocrx_word' id='word_1_165' title='bbox 959 1424 1058 1477; x_wconf 80' lang='grc' dir='ltr'>τύχη</span> <span class='ocrx_word' id='word_1_166' title='bbox 1088 1440 1153 1464; x_wconf 91' lang='grc' dir='ltr'>σοι</span> <span class='ocrx_word' id='word_1_167' title='bbox 1179 1423 1454 1475; x_wconf 86' lang='grc' dir='ltr'>παραδέδωκεν</span> <span class='ocrx_word' id='word_1_168' title='bbox 1477 1422 1585 1463; x_wconf 83' lang='grc' dir='ltr'>ὥστε</span> 
     </span>
     <span class='ocr_line' id='line_1_21' title="bbox 97 1486 1647 1542; baseline 0.001 -12"><span class='ocrx_word' id='word_1_169' title='bbox 97 1486 238 1541; x_wconf 87' lang='grc'>[1404]</span> <span class='ocrx_word' id='word_1_170' title='bbox 258 1492 528 1542; x_wconf 87' lang='grc' dir='ltr'>περίβλεπτον</span> <span class='ocrx_word' id='word_1_171' title='bbox 553 1491 616 1532; x_wconf 88' lang='grc' dir='ltr'>καὶ</span> <span class='ocrx_word' id='word_1_172' title='bbox 644 1491 937 1542; x_wconf 81' lang='grc' dir='ltr'>θαυμαζόμενον</span> <span class='ocrx_word' id='word_1_173' title='bbox 965 1494 1172 1537; x_wconf 84' lang='grc' dir='ltr'>διατελεῖν,</span> <span class='ocrx_word' id='word_1_174' title='bbox 1200 1492 1249 1530; x_wconf 76' lang='grc' dir='ltr'>τὰ</span> <span class='ocrx_word' id='word_1_175' title='bbox 1272 1489 1304 1530; x_wconf 86' lang='grc' dir='ltr'>δ’</span> <span class='ocrx_word' id='word_1_176' title='bbox 1338 1489 1451 1532; x_wconf 83' lang='grc' dir='ltr'>αὐτὸς</span> <span class='ocrx_word' id='word_1_177' title='bbox 1480 1491 1586 1541; x_wconf 79' lang='grc' dir='ltr'>παρὰ</span> <span class='ocrx_word' id='word_1_178' title='bbox 1607 1509 1647 1531; x_wconf 88' lang='lat'>20</span> 
     </span>
     <span class='ocr_line' id='line_1_22' title="bbox 258 1556 1586 1610; baseline 0.001 -14"><span class='ocrx_word' id='word_1_179' title='bbox 258 1556 329 1607; x_wconf 79' lang='grc' dir='ltr'>τὴν</span> <span class='ocrx_word' id='word_1_180' title='bbox 362 1557 592 1609; x_wconf 87' lang='grc' dir='ltr'>ἐπιμέλειαν</span> <span class='ocrx_word' id='word_1_181' title='bbox 625 1559 678 1599; x_wconf 82' lang='grc' dir='ltr'>εἰς</span> <span class='ocrx_word' id='word_1_182' title='bbox 707 1562 822 1599; x_wconf 86' lang='grc' dir='ltr'>τοῦτο</span> <span class='ocrx_word' id='word_1_183' title='bbox 852 1558 1091 1610; x_wconf 86' lang='grc' dir='ltr'>προαγαγὼν</span> <span class='ocrx_word' id='word_1_184' title='bbox 1120 1558 1225 1608; x_wconf 88' lang='grc' dir='ltr'>ἥκεις</span> <span class='ocrx_word' id='word_1_185' title='bbox 1250 1557 1355 1598; x_wconf 83' lang='grc' dir='ltr'>ὥστε</span> <span class='ocrx_word' id='word_1_186' title='bbox 1377 1556 1513 1608; x_wconf 89' lang='grc' dir='ltr'>μηδέν’</span> <span class='ocrx_word' id='word_1_187' title='bbox 1538 1556 1586 1597; x_wconf 84' lang='grc' dir='ltr'>ἄν</span> 
     </span>
     <span class='ocr_line' id='line_1_23' title="bbox 217 1623 1586 1678; baseline -0.001 -14"><span class='ocrx_word' id='word_1_188' title='bbox 217 1643 239 1678; x_wconf 88' lang='grc'>9</span> <span class='ocrx_word' id='word_1_189' title='bbox 259 1642 325 1665; x_wconf 88' lang='grc' dir='ltr'>σοι</span> <span class='ocrx_word' id='word_1_190' title='bbox 348 1628 425 1665; x_wconf 90' lang='grc' dir='ltr'>τῶν</span> <span class='ocrx_word' id='word_1_191' title='bbox 451 1625 492 1666; x_wconf 76' lang='grc' dir='ltr'>εὖ</span> <span class='ocrx_word' id='word_1_192' title='bbox 518 1625 773 1678; x_wconf 89' lang='grc' dir='ltr'>φρονούντων</span> <span class='ocrx_word' id='word_1_193' title='bbox 797 1627 1041 1676; x_wconf 85' lang='grc' dir='ltr'>ἐπιτιμῆσαι.</span> <span class='ocrx_word' id='word_1_194' title='bbox 1104 1626 1227 1665; x_wconf 91' lang='grc' dir='ltr'>καίτοι</span> <span class='ocrx_word' id='word_1_195' title='bbox 1251 1625 1293 1665; x_wconf 88' lang='grc' dir='ltr'>τί</span> <span class='ocrx_word' id='word_1_196' title='bbox 1311 1623 1388 1677; x_wconf 82' lang='grc' dir='ltr'>χρὴ</span> <span class='ocrx_word' id='word_1_197' title='bbox 1413 1623 1483 1664; x_wconf 84' lang='grc' dir='ltr'>τὸν</span> <span class='ocrx_word' id='word_1_198' title='bbox 1506 1627 1586 1664; x_wconf 86' lang='grc' dir='ltr'>τῶν</span> 
     </span>
     <span class='ocr_line' id='line_1_24' title="bbox 255 1690 1584 1746; baseline -0.002 -14"><span class='ocrx_word' id='word_1_199' title='bbox 255 1692 456 1744; x_wconf 87' lang='grc' dir='ltr'>μεγίστων</span> <span class='ocrx_word' id='word_1_200' title='bbox 489 1694 660 1733; x_wconf 87' lang='grc' dir='ltr'>ἐπαίνων</span> <span class='ocrx_word' id='word_1_201' title='bbox 692 1691 823 1743; x_wconf 79' lang='grc' dir='ltr'>ἄξιον;</span> <span class='ocrx_word' id='word_1_202' title='bbox 861 1693 935 1746; x_wconf 81' lang='grc' dir='ltr'>οὐχ</span> <span class='ocrx_word' id='word_1_203' title='bbox 970 1691 1045 1732; x_wconf 84' lang='grc' dir='ltr'>ὑπὸ</span> <span class='ocrx_word' id='word_1_204' title='bbox 1081 1694 1152 1743; x_wconf 82' lang='grc' dir='ltr'>μὲν</span> <span class='ocrx_word' id='word_1_205' title='bbox 1187 1695 1265 1732; x_wconf 90' lang='grc' dir='ltr'>τῶν</span> <span class='ocrx_word' id='word_1_206' title='bbox 1300 1693 1401 1732; x_wconf 87' lang='grc' dir='ltr'>θεῶν</span> <span class='ocrx_word' id='word_1_207' title='bbox 1433 1690 1584 1743; x_wconf 89' lang='grc' dir='ltr'>ἠγαπη-</span> 
     </span>
     <span class='ocr_line' id='line_1_25' title="bbox 255 1756 1582 1812; baseline -0.001 -13"><span class='ocrx_word' id='word_1_208' title='bbox 255 1757 377 1810; x_wconf 89' lang='grc' dir='ltr'>μένον</span> <span class='ocrx_word' id='word_1_209' title='bbox 406 1761 635 1812; x_wconf 81' lang='grc' dir='ltr'>φαίνεσθαι,</span> <span class='ocrx_word' id='word_1_210' title='bbox 662 1759 768 1812; x_wconf 82' lang='grc' dir='ltr'>παρὰ</span> <span class='ocrx_word' id='word_1_211' title='bbox 796 1762 838 1800; x_wconf 83' lang='grc' dir='ltr'>δὲ</span> <span class='ocrx_word' id='word_1_212' title='bbox 863 1763 946 1802; x_wconf 84' lang='grc' dir='ltr'>τοῖς</span> <span class='ocrx_word' id='word_1_213' title='bbox 970 1759 1190 1812; x_wconf 84' lang='grc' dir='ltr'>ἀνθρώποις</span> <span class='ocrx_word' id='word_1_214' title='bbox 1213 1757 1262 1798; x_wconf 80' lang='grc' dir='ltr'>τὰ</span> <span class='ocrx_word' id='word_1_215' title='bbox 1279 1760 1351 1809; x_wconf 80' lang='grc' dir='ltr'>μὲν</span> <span class='ocrx_word' id='word_1_216' title='bbox 1377 1756 1426 1798; x_wconf 89' lang='grc' dir='ltr'>δι’</span> <span class='ocrx_word' id='word_1_217' title='bbox 1450 1758 1582 1803; x_wconf 86' lang='grc' dir='ltr'>αὑτόν,</span> 
     </span>
     <span class='ocr_line' id='line_1_26' title="bbox 256 1824 1644 1880; baseline 0.001 -15"><span class='ocrx_word' id='word_1_218' title='bbox 256 1827 304 1865; x_wconf 78' lang='grc' dir='ltr'>τὰ</span> <span class='ocrx_word' id='word_1_219' title='bbox 337 1828 380 1868; x_wconf 76' lang='grc' dir='ltr'>δὲ</span> <span class='ocrx_word' id='word_1_220' title='bbox 414 1828 478 1867; x_wconf 78' lang='grc' dir='ltr'>διὰ</span> <span class='ocrx_word' id='word_1_221' title='bbox 509 1827 580 1877; x_wconf 79' lang='grc' dir='ltr'>τὴν</span> <span class='ocrx_word' id='word_1_222' title='bbox 615 1826 740 1880; x_wconf 91' lang='grc' dir='ltr'>τύχην</span> <span class='ocrx_word' id='word_1_223' title='bbox 778 1826 1063 1878; x_wconf 81' lang='grc' dir='ltr'>θαυμάζεσθαι;</span> <span class='ocrx_word' id='word_1_224' title='bbox 1104 1824 1187 1865; x_wconf 77' lang='grc' dir='ltr'>καθ’</span> <span class='ocrx_word' id='word_1_225' title='bbox 1221 1826 1317 1865; x_wconf 89' lang='grc' dir='ltr'>ὅλου</span> <span class='ocrx_word' id='word_1_226' title='bbox 1352 1827 1424 1876; x_wconf 79' lang='grc' dir='ltr'>μὲν</span> <span class='ocrx_word' id='word_1_227' title='bbox 1452 1825 1585 1865; x_wconf 88' lang='grc' dir='ltr'>τοίνυν</span> <span class='ocrx_word' id='word_1_228' title='bbox 1606 1844 1644 1876; x_wconf 84' lang='lat'>²5</span> 
     </span>
     <span class='ocr_line' id='line_1_27' title="bbox 257 1890 1586 1946; baseline -0.001 -13"><span class='ocrx_word' id='word_1_229' title='bbox 257 1896 336 1933; x_wconf 88' lang='grc' dir='ltr'>τῶν</span> <span class='ocrx_word' id='word_1_230' title='bbox 358 1893 617 1946; x_wconf 83' lang='grc' dir='ltr'>ὑπαρχόντων</span> <span class='ocrx_word' id='word_1_231' title='bbox 644 1910 711 1934; x_wconf 90' lang='grc' dir='ltr'>σοι</span> <span class='ocrx_word' id='word_1_232' title='bbox 734 1893 831 1946; x_wconf 88' lang='grc' dir='ltr'>πρὸς</span> <span class='ocrx_word' id='word_1_233' title='bbox 856 1893 997 1946; x_wconf 79' lang='grc' dir='ltr'>ἀρετὴν</span> <span class='ocrx_word' id='word_1_234' title='bbox 1020 1894 1117 1934; x_wconf 85' lang='grc' dir='ltr'>ἴσως</span> <span class='ocrx_word' id='word_1_235' title='bbox 1144 1892 1312 1944; x_wconf 80' lang='grc' dir='ltr'>ὕστερον</span> <span class='ocrx_word' id='word_1_236' title='bbox 1343 1892 1508 1943; x_wconf 82' lang='grc' dir='ltr'>ἁρμόσει</span> <span class='ocrx_word' id='word_1_237' title='bbox 1535 1890 1586 1932; x_wconf 78' lang='grc' dir='ltr'>τὰ</span> 
     </span>
     <span class='ocr_line' id='line_1_28' title="bbox 257 1958 1583 2012; baseline -0.001 -12"><span class='ocrx_word' id='word_1_238' title='bbox 257 1961 383 2001; x_wconf 86' lang='grc' dir='ltr'>πλείω</span> <span class='ocrx_word' id='word_1_239' title='bbox 410 1962 594 2001; x_wconf 84' lang='grc' dir='ltr'>διελθεῖν·</span> <span class='ocrx_word' id='word_1_240' title='bbox 632 1961 656 2001; x_wconf 74' lang='grc' dir='ltr'><strong><em>ἃ</em></strong></span> <span class='ocrx_word' id='word_1_241' title='bbox 685 1960 718 2001; x_wconf 89' lang='grc' dir='ltr'>δ’</span> <span class='ocrx_word' id='word_1_242' title='bbox 752 1961 922 2001; x_wconf 82' lang='grc' dir='ltr'>ἑκάστου</span> <span class='ocrx_word' id='word_1_243' title='bbox 951 1961 1100 2001; x_wconf 90' lang='grc' dir='ltr'>τούτων</span> <span class='ocrx_word' id='word_1_244' title='bbox 1135 1958 1294 2012; x_wconf 85' lang='grc' dir='ltr'>ἐγκώμι’</span> <span class='ocrx_word' id='word_1_245' title='bbox 1329 1960 1453 2000; x_wconf 81' lang='grc' dir='ltr'>εἰπεῖν</span> <span class='ocrx_word' id='word_1_246' title='bbox 1488 1958 1583 2012; x_wconf 77' lang='grc' dir='ltr'>ἔχω,</span> 
     </span>
     <span class='ocr_line' id='line_1_29' title="bbox 257 2026 1174 2080; baseline 0 -14"><span class='ocrx_word' id='word_1_247' title='bbox 257 2030 378 2067; x_wconf 85' lang='grc' dir='ltr'>ταῦτα</span> <span class='ocrx_word' id='word_1_248' title='bbox 400 2030 579 2078; x_wconf 89' lang='grc' dir='ltr'>δηλῶσαι</span> <span class='ocrx_word' id='word_1_249' title='bbox 604 2027 844 2080; x_wconf 88' lang='grc' dir='ltr'>πειράσομαι</span> <span class='ocrx_word' id='word_1_250' title='bbox 866 2027 952 2079; x_wconf 88' lang='grc' dir='ltr'>μετ’</span> <span class='ocrx_word' id='word_1_251' title='bbox 975 2026 1174 2077; x_wconf 87' lang='grc' dir='ltr'>ἀληθείας.</span> 
     </span>
     <span class='ocr_line' id='line_1_30' title="bbox 197 2093 1585 2147; baseline -0.004 -9"><span class='ocrx_word' id='word_1_252' title='bbox 197 2112 240 2138; x_wconf 91' lang='lat'>10</span> <span class='ocrx_word' id='word_1_253' title='bbox 318 2093 513 2146; x_wconf 79' lang='grc' dir='ltr'>’Άρξομαι</span> <span class='ocrx_word' id='word_1_254' title='bbox 559 2097 600 2136; x_wconf 81' lang='grc' dir='ltr'>δὲ</span> <span class='ocrx_word' id='word_1_255' title='bbox 647 2099 803 2147; x_wconf 89' lang='grc' dir='ltr'>πρῶτον</span> <span class='ocrx_word' id='word_1_256' title='bbox 850 2096 1037 2141; x_wconf 83' lang='grc' dir='ltr'>ἐπαινεῖν,</span> <span class='ocrx_word' id='word_1_257' title='bbox 1085 2095 1183 2146; x_wconf 87' lang='grc' dir='ltr'>ὅπερ</span> <span class='ocrx_word' id='word_1_258' title='bbox 1230 2096 1386 2145; x_wconf 89' lang='grc' dir='ltr'>πρῶτον</span> <span class='ocrx_word' id='word_1_259' title='bbox 1433 2093 1585 2133; x_wconf 78' lang='grc' dir='ltr'>ἰδοῦσιν</span> 
     </span>
    </p>
   </div>
   <div class='ocr_carea' id='block_1_3' title="bbox 306 2199 1583 2244">
    <p class='ocr_par' dir='ltr' id='par_1_3' title="bbox 306 2199 1583 2244">
     <span class='ocr_line' id='line_1_31' title="bbox 306 2199 1583 2244; baseline -0.003 -10"><span class='ocrx_word' id='word_1_260' title='bbox 306 2212 325 2240; x_wconf 88' lang='grc'>3</span> <span class='ocrx_word' id='word_1_261' title='bbox 349 2203 498 2235; x_wconf 77' lang='grc' dir='ltr'>εἰσοίσειν</span> <span class='ocrx_word' id='word_1_262' title='bbox 509 2203 698 2244; x_wconf 80' lang='grc' dir='ltr'>ἀμφοτέροις</span> <span class='ocrx_word' id='word_1_263' title='bbox 709 2203 740 2233; x_wconf 91' lang='lat' dir='ltr'><strong>Y</strong></span> <span class='ocrx_word' id='word_1_264' title='bbox 752 2214 768 2234; x_wconf 91' lang='lat' dir='ltr'>r</span> <span class='ocrx_word' id='word_1_265' title='bbox 781 2203 811 2233; x_wconf 93' lang='lat' dir='ltr'>D</span> <span class='ocrx_word' id='word_1_266' title='bbox 891 2213 929 2233; x_wconf 84' lang='lat'>12</span> <span class='ocrx_word' id='word_1_267' title='bbox 954 2202 1125 2244; x_wconf 75' lang='grc' dir='ltr'>σωφρόνων</span> <span class='ocrx_word' id='word_1_268' title='bbox 1138 2213 1154 2232; x_wconf 89' lang='lat'>1·</span> <span class='ocrx_word' id='word_1_269' title='bbox 1169 2202 1199 2232; x_wconf 95' lang='lat' dir='ltr'>D</span> <span class='ocrx_word' id='word_1_270' title='bbox 1278 2212 1314 2240; x_wconf 91' lang='lat'>17</span> <span class='ocrx_word' id='word_1_271' title='bbox 1339 2202 1480 2241; x_wconf 82' lang='grc' dir='ltr'>ἀνδρείαν</span> <span class='ocrx_word' id='word_1_272' title='bbox 1494 2200 1518 2231; x_wconf 87' lang='lat' dir='ltr'>S</span> <span class='ocrx_word' id='word_1_273' title='bbox 1532 2199 1583 2231; x_wconf 85' lang='lat' dir='ltr'>D:</span> 
     </span>
    </p>
   </div>
   <div class='ocr_carea' id='block_1_4' title="bbox 258 2243 1584 2374">
    <p class='ocr_par' dir='ltr' id='par_1_4' title="bbox 258 2243 1584 2374">
     <span class='ocr_line' id='line_1_32' title="bbox 259 2243 1581 2288; baseline -0.003 -11"><span class='ocrx_word' id='word_1_274' title='bbox 259 2246 385 2287; x_wconf 81' lang='grc' dir='ltr'>ἀνδρίαν</span> <span class='ocrx_word' id='word_1_275' title='bbox 404 2246 496 2286; x_wconf 82' lang='lat' dir='ltr'><strong>vulg.</strong></span> <span class='ocrx_word' id='word_1_276' title='bbox 516 2257 523 2278; x_wconf 75' lang='grc' dir='ltr'><strong>ε</strong></span> <span class='ocrx_word' id='word_1_277' title='bbox 551 2247 666 2277; x_wconf 84' lang='lat' dir='ltr'>itidem</span> <span class='ocrx_word' id='word_1_278' title='bbox 689 2247 773 2277; x_wconf 81' lang='lat' dir='ltr'>infra</span> <span class='ocrx_word' id='word_1_279' title='bbox 865 2248 903 2277; x_wconf 91' lang='lat'>18</span> <span class='ocrx_word' id='word_1_280' title='bbox 928 2247 1064 2288; x_wconf 83' lang='grc' dir='ltr'>ἔχοντας</span> <span class='ocrx_word' id='word_1_281' title='bbox 1081 2246 1199 2278; x_wconf 86' lang='lat' dir='ltr'>codd.:</span> <span class='ocrx_word' id='word_1_282' title='bbox 1227 2245 1360 2286; x_wconf 83' lang='grc' dir='ltr'>ἔχουσιν</span> <span class='ocrx_word' id='word_1_283' title='bbox 1378 2244 1470 2275; x_wconf 86' lang='lat' dir='ltr'>Stob.</span> <span class='ocrx_word' id='word_1_284' title='bbox 1490 2243 1581 2274; x_wconf 83' lang='lat' dir='ltr'>Flor.</span> 
     </span>
     <span class='ocr_line' id='line_1_33' title="bbox 258 2286 1584 2330; baseline -0.002 -10"><span class='ocrx_word' id='word_1_285' title='bbox 258 2290 309 2329; x_wconf 89' lang='lat'>89.</span> <span class='ocrx_word' id='word_1_286' title='bbox 329 2298 348 2327; x_wconf 89' lang='lat'>3</span> <span class='ocrx_word' id='word_1_287' title='bbox 441 2300 480 2328; x_wconf 85' lang='lat'>19</span> <span class='ocrx_word' id='word_1_288' title='bbox 502 2289 597 2330; x_wconf 80' lang='grc' dir='ltr'>οὕτω]</span> <span class='ocrx_word' id='word_1_289' title='bbox 615 2290 681 2322; x_wconf 80' lang='grc' dir='ltr'>ουτ’</span> <span class='ocrx_word' id='word_1_290' title='bbox 693 2303 791 2322; x_wconf 87' lang='grc' dir='ltr'>ουτως</span> <span class='ocrx_word' id='word_1_291' title='bbox 807 2290 849 2321; x_wconf 86' lang='lat' dir='ltr'>S:</span> <span class='ocrx_word' id='word_1_292' title='bbox 875 2290 938 2322; x_wconf 76' lang='grc' dir='ltr'>οὔθ’</span> <span class='ocrx_word' id='word_1_293' title='bbox 957 2292 1054 2323; x_wconf 73' lang='grc' dir='ltr'>οὕτως</span> <span class='ocrx_word' id='word_1_294' title='bbox 1067 2299 1083 2319; x_wconf 83' lang='grc' dir='ltr'><strong><em>Γ</em></strong></span> <span class='ocrx_word' id='word_1_295' title='bbox 1098 2290 1127 2319; x_wconf 89' lang='lat' dir='ltr'>D</span> <span class='ocrx_word' id='word_1_296' title='bbox 1218 2298 1255 2319; x_wconf 86' lang='lat'>21</span> <span class='ocrx_word' id='word_1_297' title='bbox 1284 2287 1431 2330; x_wconf 75' lang='grc' dir='ltr'>προάγων</span> <span class='ocrx_word' id='word_1_298' title='bbox 1448 2287 1471 2318; x_wconf 89' lang='lat' dir='ltr'>S</span> <span class='ocrx_word' id='word_1_299' title='bbox 1483 2287 1513 2317; x_wconf 93' lang='lat' dir='ltr'>Y</span> <span class='ocrx_word' id='word_1_300' title='bbox 1525 2297 1541 2317; x_wconf 85' lang='lat' dir='ltr'>r</span> <span class='ocrx_word' id='word_1_301' title='bbox 1553 2286 1584 2317; x_wconf 93' lang='lat' dir='ltr'>D</span> 
     </span>
     <span class='ocr_line' id='line_1_34' title="bbox 259 2330 1583 2374; baseline -0.001 -12"><span class='ocrx_word' id='word_1_302' title='bbox 259 2343 301 2362; x_wconf 84' lang='lat'>22</span> <span class='ocrx_word' id='word_1_303' title='bbox 322 2334 355 2365; x_wconf 80' lang='grc' dir='ltr'>τί</span> <span class='ocrx_word' id='word_1_304' title='bbox 370 2343 436 2364; x_wconf 89' lang='lat' dir='ltr'>om.</span> <span class='ocrx_word' id='word_1_305' title='bbox 456 2333 481 2364; x_wconf 92' lang='lat' dir='ltr'>F</span> <span class='ocrx_word' id='word_1_306' title='bbox 499 2343 507 2370; x_wconf 89' lang='lat'>;</span> <span class='ocrx_word' id='word_1_307' title='bbox 530 2334 602 2364; x_wconf 85' lang='lat' dir='ltr'><strong>sed.</strong></span> <span class='ocrx_word' id='word_1_308' title='bbox 622 2333 662 2364; x_wconf 84' lang='lat' dir='ltr'>cs.</span> <span class='ocrx_word' id='word_1_309' title='bbox 684 2333 785 2364; x_wconf 78' lang='lat' dir='ltr'>Isocr.</span> <span class='ocrx_word' id='word_1_310' title='bbox 805 2334 859 2364; x_wconf 89' lang='lat' dir='ltr'>xvi</span> <span class='ocrx_word' id='word_1_311' title='bbox 877 2343 920 2372; x_wconf 88' lang='lat'>30</span> <span class='ocrx_word' id='word_1_312' title='bbox 1023 2335 1064 2363; x_wconf 86' lang='lat'>26</span> <span class='ocrx_word' id='word_1_313' title='bbox 1088 2332 1234 2374; x_wconf 81' lang='grc' dir='ltr'>ἁρμόσει]</span> <span class='ocrx_word' id='word_1_314' title='bbox 1258 2331 1412 2373; x_wconf 82' lang='grc' dir='ltr'>ἂρμόσσει</span> <span class='ocrx_word' id='word_1_315' title='bbox 1432 2330 1457 2362; x_wconf 88' lang='lat' dir='ltr'>S</span> <span class='ocrx_word' id='word_1_316' title='bbox 1470 2339 1556 2361; x_wconf 88' lang='lat' dir='ltr'>corr.</span> <span class='ocrx_word' id='word_1_317' title='bbox 1575 2340 1583 2361; x_wconf 90' lang='lat'><strong>:</strong></span> 
     </span>
    </p>
   </div>
   <div class='ocr_carea' id='block_1_5' title="bbox 258 2375 1259 2418">
    <p class='ocr_par' dir='ltr' id='par_1_5' title="bbox 258 2375 1259 2418">
     <span class='ocr_line' id='line_1_35' title="bbox 258 2375 1259 2418; baseline -0.003 -10"><span class='ocrx_word' id='word_1_318' title='bbox 258 2375 407 2418; x_wconf 79' lang='grc' dir='ltr'>ἁρμόττει</span> <span class='ocrx_word' id='word_1_319' title='bbox 429 2376 456 2407; x_wconf 86' lang='lat' dir='ltr'><strong>F</strong></span> <span class='ocrx_word' id='word_1_320' title='bbox 468 2387 554 2408; x_wconf 82' lang='lat' dir='ltr'>corr.</span> <span class='ocrx_word' id='word_1_321' title='bbox 569 2376 600 2416; x_wconf 85' lang='lat' dir='ltr'>Q</span> <span class='ocrx_word' id='word_1_322' title='bbox 683 2377 725 2407; x_wconf 83' lang='lat'>28</span> <span class='ocrx_word' id='word_1_323' title='bbox 747 2375 837 2409; x_wconf 80' lang='grc' dir='ltr'>ταῦτ’</span> <span class='ocrx_word' id='word_1_324' title='bbox 856 2379 916 2415; x_wconf 83' lang='grc' dir='ltr'>ἥδη</span> <span class='ocrx_word' id='word_1_325' title='bbox 934 2379 1077 2415; x_wconf 82' lang='grc' dir='ltr'>δηλῶσαι</span> <span class='ocrx_word' id='word_1_326' title='bbox 1094 2375 1259 2407; x_wconf 86' lang='lat' dir='ltr'>Schaefer</span> 
     </span>
    </p>
   </div>
  </div>
 </body>
</html>
