1763 2778
95 141 231 195 [128⁵]

660 133 1175 190 [ΔΙΙΜΟΣΘΕΝΟΎΣ]
1496 133 1572 189 [ινῐ

255 240 487 291 εὐωνότερος
523 239 698 291 γένηται,
731 241 786 280 εἰς
819 238 920 278 ἄλλο
953 254 988 278 τι
1015 238 1347 278 καταπλεύσωσιν
1371 237 1571 289 ἐμπόριον.

253 308 344 347 ὅθεν
378 324 450 358 περ
486 307 559 360 οὐχ
594 306 750 357 ἥκιστα,
781 304 811 346 ὦ
847 305 982 356 ἄνδρες
1019 306 1213 350 δικασταί,
1250 303 1488 355 συνετιμήθη
1525 303 1573 344 τὰ

253 373 341 426 περὶ
365 373 434 413 τὸν
457 377 571 414 σῖτον
597 374 638 413 ἐκ
663 376 739 413 τῶν
769 373 955 412 τοιούτων
989 373 1214 412 ἐπιστολῶν
1248 372 1311 412 καὶ
1343 375 1572 423 συνεργιῶν.

212 455 234 490 9
254 442 317 480 ὅτε
348 442 421 491 μὲν
444 440 513 480 οὗν
547 439 703 480 ἐνθένδε
736 439 989 480 ἀπέστελλον
1021 439 1130 479 οὗτοι
1157 438 1228 489 τὴν
1256 441 1364 485 ναῦν,
1396 439 1574 481 ἐπιεικῶς

253 507 411 558 ἔντιμον
435 506 649 547 κατέλιπον
671 506 739 547 τὸν
766 510 890 546 σῖτον·
927 505 986 546 διὸ
1012 506 1074 546 καὶ
1097 505 1310 557 ὑπέμειναν
1333 507 1377 547 ἐν
1400 511 1448 563 τῇ
1474 523 1570 558 συγ-

252 578 387 630 γραφῇ
422 573 657 626 γράψασθαι
693 575 747 615 εἰς
783 571 954 623 Ἀθήνας
988 577 1118 619 πλεῖν,
1156 574 1211 615 εἰς
1245 572 1279 613 δ’
1314 572 1419 613 ἄλλο
1453 574 1575 624 μηδὲν

254 641 453 692 ἐμπόριον.
522 642 621 691 μετὰ
659 643 701 682 δὲ
739 644 872 686 ταῦτα,
910 637 939 679 ὦ
975 639 1113 692 ἄνδρες
1150 641 1346 687 δικασταί,
1382 639 1517 690 ἐπειδὴ
1554 640 1575 679 ὁ

253 707 457 750 Σικελικὸς
490 706 714 750 κατάπλους
748 707 908 760 ἐγένετο
945 707 1006 747 καὶ
1045 709 1083 748 αἱ
1119 707 1227 759 τιμαὶ
1261 711 1330 748 τοῦ
1365 708 1478 748 σίτου
1514 706 1575 747 ἐπ’

253 774 418 814 ἔλαττον
444 773 629 825 ἐβάδιζον
648 774 711 815 καὶ
735 774 759 825 ἡ
784 777 877 816 ναῦς
899 773 923 825 ἡ
948 775 1097 815 τούτων
1121 775 1266 825 ἀνῆκτο
1285 775 1340 817 εἰς
1358 775 1574 826 Αἴγυπτον,

254 840 396 883 εὐθέως
420 841 532 883 οὗτος
560 841 805 882 ἀποστέλλει
831 843 918 882 τινὰ
945 843 999 883 εἰς
1022 841 1094 892 τὴν
1117 841 1253 882 Ῥόδον
1273 842 1576 893 ἀπαγγελοῦντα

253 912 305 963 τῷ
333 910 596 964 Παρμενίσκῳ
623 913 676 963 τῷ
701 912 872 963 κοινωνῷ
897 911 944 949 τὰ
975 908 1132 950 ἐνθένδε
1161 909 1441 959 καθεστηκότα,
1466 908 1574 959 ἀκρι-

253 979 339 1027 βῶς
364 976 473 1017 εἰδὼς
498 976 558 1016 ὅτι
581 976 797 1028 ἀναγκαῖον
829 977 886 1027 εἴη
920 981 968 1033 τῇ
1000 977 1064 1026 νηὶ
1095 978 1320 1029 προσσχεῖν
1347 976 1401 1017 εἷς
1423 974 1574 1015 Ῥόδον.

194 1058 236 1085 10
254 1041 374 1095 πέρας
397 1041 431 1082 δ’
456 1043 538 1090 οὖν,
562 1044 705 1094 λαβὼν
729 1042 807 1096 γὰρ
829 1043 851 1083 ὁ
879 1044 1154 1095 Παρμενίσκος
1175 1043 1195 1081 ὁ
1213 1042 1366 1083 τουτουὶ
1393 1041 1577 1085 κοινωνὸς

254 1111 301 1149 τὰ
330 1109 539 1162 γράμματα
569 1112 619 1150 τὰ
651 1112 756 1163 παρὰ
788 1110 926 1151 τούτου
951 1109 1245 1156 ἀποσταλέντα,
1272 1111 1333 1150 καὶ
1358 1109 1577 1161 πυθόμενος

95 1178 232 1233 [1286]
253 1178 323 1219 τὰς
341 1179 455 1228 τιμὰς
472 1178 544 1220 τὰς
562 1177 701 1218 ἐνθάδε
718 1175 800 1230 [τοῦ
819 1173 945 1228 σίτου]
965 1178 1260 1228 καθεστηκυίας,
1280 1174 1489 1229 ἐξαιρεῖται
1507 1176 1577 1217 τὸν

195 1659 232 1684 11

255 1247 367 1284 σῖτον
401 1245 444 1285 ἐν
474 1249 522 1301 τῇ
551 1243 672 1300 Ῥόδῳ
703 1245 814 1285 κάκεῖ
844 1245 1086 1295 ἀποδίδοται,
1109 1242 1482 1296 καταφρονήσαντες
1505 1245 1578 1294 μὲν

253 1313 323 1362 τῆς
359 1313 606 1364 συγγραφῆς,
644 1309 675 1351 ὦ
711 1311 849 1364 ἄνδρες
880 1312 1075 1358 δικασταί,
1106 1311 1168 1351 καὶ
1200 1315 1278 1352 τῶν
1311 1312 1528 1362 ἐπιτιμίων,
1555 1311 1579 1350 ἃ

255 1377 560 1431 συνεγράψαντο
585 1378 694 1418 αὐτοὶ
720 1378 828 1418 οὗτοι
848 1377 933 1418 καθ’
953 1380 1092 1424 αὐτῶν,
1115 1377 1184 1419 ἐάν
1201 1395 1239 1418 τι
1257 1378 1576 1430 παραβαίνωσιν,

256 1444 628 1497 καταφρονήσαντες
653 1447 696 1487 δὲ
717 1450 797 1486 τῶν
821 1446 954 1497 νόμων
977 1449 1055 1486 τῶν
1078 1444 1287 1497 ὑμετέρων,
1310 1445 1346 1486 οἳ
1372 1444 1579 1485 κελεύουσι

254 1511 344 1553 τοὺς
386 1514 626 1564 ναυκλήρους
668 1512 732 1554 καὶ
770 1512 862 1555 τοὺς
905 1510 1098 1564 ἐπιβάτας
1139 1516 1256 1553 πλεῖν
1297 1512 1354 1554 εἷς
1393 1512 1418 1553 ὅ
1456 1528 1495 1552 τι
1531 1510 1579 1551 ἂν

256 1581 478 1620 συνθῶνται
501 1580 703 1632 ἐμπόριον,
729 1580 766 1621 εἰ
794 1581 835 1620 δὲ
863 1578 930 1631 μή,
957 1583 1041 1621 ταῖς
1070 1580 1278 1631 μεγίσταις
1304 1579 1454 1630 ζημίαις
1480 1578 1579 1618 εῖναι

257 1645 430 1699 ἐνόχους.
504 1647 565 1687 καὶ
589 1646 702 1697 ἡμεῖς
726 1646 859 1697 ἐπειδὴ
884 1646 1059 1700 τάχιστα
1085 1647 1307 1697 ἐπυθόμεθα
1330 1645 1374 1686 τὸ
1400 1645 1576 1698 γεγονός,

257 1712 573 1765 ἐκπεπληγμένοι
593 1717 644 1768 τῷ
671 1713 872 1766 πράγματι
895 1719 1101 1771 προσῇμεν
1119 1714 1244 1768 τούτῳ
1262 1713 1315 1768 τῷ
1332 1712 1579 1766 ἀρχιτέκτονι

255 1781 323 1829 τῆς
355 1780 452 1830 ὅλης
486 1782 715 1831 ἐπιβουλῆς,
750 1781 1075 1833 ἀγανακτοῦντες,
1105 1781 1190 1820 οἷον
1223 1780 1337 1825 εἰκός,
1366 1780 1429 1820 καὶ
1460 1780 1576 1831 ἐγκα-

255 1850 417 1888 λοῦντες
441 1847 502 1886 ὅτι
535 1846 744 1899 διαρρήδην
775 1847 885 1898 ἡμῶν
915 1846 1200 1899 διορισαμένων
1237 1849 1280 1887 ἐν
1315 1849 1400 1889 ταῖς
1435 1844 1579 1897 συνθή-

258 1929 342 1954 καις
365 1914 472 1955 ὅπως
496 1913 520 1965 ἡ
545 1917 636 1956 ναῦς
659 1914 866 1965 μηδαμόσε
892 1915 1211 1955 καταπλεύσεται
1229 1913 1321 1954 ἀλλ’
1342 1910 1365 1964 ἢ
1391 1914 1446 1956 εἰς
1464 1911 1579 1963 Ἀθή-

257 1996 338 2025 νας,
390 1981 453 2022 καὶ
499 1980 563 2021 ἐπὶ
611 1981 770 2024 ταύταις
814 1985 901 2023 ταῖς
948 1981 1178 2034 ὁμολογίαις
1226 1980 1494 2022 δανεισάντων
1534 1979 1580 2020 τὸ

299 2099 319 2119 2
343 2089 535 2128 συνετιμήθη
552 2090 659 2128 codd„
679 2089 771 2120 Suid.
789 2101 796 2121 ε
822 2091 996 2130 ἐπετιμήθη
1013 2089 1117 2126 Wolf,
1137 2090 1178 2120 cf.
1197 2092 1303 2120 xxxiv
1318 2099 1362 2128 39
1492 2090 1513 2120 8
1530 2088 1581 2121 ἐπ’

257 2133 371 2171 vulg.:
404 2135 453 2165 ἐπὶ
485 2135 522 2164 τὸ
552 2133 607 2164 A:
642 2144 707 2164 om.
741 2134 765 2163 S
919 2145 940 2173 9
978 2134 1091 2166 τούτου
1121 2133 1153 2163 Α
1310 2143 1344 2163 11
1385 2133 1518 2164 τάνθάδε
1549 2133 1581 2163 Α

257 2176 479 2214 καθεστηκότα
490 2177 570 2207 secl.
585 2176 679 2207 Blass
830 2188 867 2207 12
892 2181 1070 2218 προσσχεῖν
1082 2177 1123 2215 Λ,
1138 2178 1178 2207 cs.
1197 2179 1263 2214 §21
1284 2188 1290 2207 :
1315 2176 1488 2218 προσέχειν
1501 2182 1578 2208 cett.

261 2229 298 2258 13
323 2222 349 2251 δ’
371 2219 434 2255 οὖν,
454 2223 566 2256 λαβὼν
583 2222 644 2261 γὰρ
661 2220 722 2251 SF
737 2220 831 2259 QD:
861 2221 915 2253 οὖν
934 2220 1112 2259 λαβὼνΑ;
1143 2221 1203 2251 sed
1226 2220 1266 2251 cf.
1288 2219 1452 2250 Aeschin.
1480 2221 1500 2250 ii
1525 2221 1578 2260 46,

259 2263 389 2302 Hypen
409 2263 441 2293 iii
460 2274 479 2302 4
585 2265 701 2296 τούτου
718 2263 750 2294 Α
868 2274 904 2302 14
930 2264 1073 2294 alterum
1094 2265 1135 2295 τὰ
1153 2274 1217 2293 om.
1235 2263 1267 2292 A
1353 2273 1390 2301 15
1414 2265 1471 2294 τοῦ
1489 2264 1580 2295 σίτου

258 2306 323 2337 del.
345 2307 522 2346 Richards,
543 2307 582 2338 cf.
602 2310 617 2345 ξ
636 2317 676 2346 25
807 2308 845 2337 16
869 2308 1117 2349 καταφρονήσας
1133 2306 1163 2336 Α
1290 2316 1329 2344 24
1356 2308 1434 2344 ὅλης
1451 2316 1517 2337 om.
1537 2306 1578 2338 D.

259 2350 332 2380 hab.
353 2351 459 2383 Bekk.
477 2350 607 2382 Anecd.
626 2361 658 2390 p.
677 2361 751 2389 450.
773 2360 811 2389 19
881 2353 920 2383 ὡς
937 2351 1019 2383 εἰκός
1035 2350 1066 2379 Α
1178 2351 1220 2380 26
1245 2349 1409 2389 μηδαμόσε
1425 2349 1579 2380 Dobrce:

257 2396 401 2433 μηδαμοῦ
426 2395 523 2424 codd.
631 2397 901 2427 καταπλευοεῖται
926 2395 1034 2433 codd„
1061 2403 1147 2424 corr.
1174 2393 1322 2424 Dindorf
1463 2403 1503 2433 27
1530 2394 1578 2426 ἐπὶ

261 2436 387 2467 Reiskc
403 2448 410 2468 ε
435 2440 482 2470 ὅτι
501 2439 547 2470 ἐπὶ
567 2439 664 2468 codd.

1594 525 1611 557 5

1600 858 1637 880 10

1599 1194 1638 1226 ¹5

1601 1531 1640 1551 20
