1763 2778
127 119 260 174 [1159]
681 118 733 175 [Δ
746 120 1199 174 ι-ΙΜΟΣΘΕΝΟΎΣ]
1297 103 1300 106 ’
1488 119 1603 174 [mn

279 226 351 274 μὲν
394 223 643 274 ἐποιησάμην
680 226 750 273 τῆς
791 224 1036 275 ἀποκρίσεως
1074 223 1164 264 τοὺς
1209 223 1418 274 παρόντας,
1452 223 1524 274 τὴν
1560 225 1601 264 δὲ

281 290 390 341 δίκην
415 290 610 341 ἐξέτεισα,
629 289 875 343 ὑπερήμερον
895 291 969 343 γὰρ
989 291 1056 330 οὐκ
1076 289 1180 344 ᾤμην
1200 292 1282 330 δεῖν
1302 291 1467 340 ἐμαυτὸν
1488 290 1596 331 εἶναι.

280 361 347 397 τὸν
384 356 416 397 δ’
448 358 622 410 Εὔεργον
647 357 727 398 οὐδ’
754 357 857 414 ᾔδειν
887 357 1177 405 εἰσεληλυθότα
1204 373 1280 408 μου
1305 357 1359 399 εἰς
1381 356 1453 406 τὴν
1476 356 1602 398 οἰκίαν

279 425 399 480 ταύτῃ
424 431 470 481 τῇ
499 424 638 479 ἡμέρᾳ,
664 424 756 465 ἀλλ’
782 424 920 464 αὐτίκα
948 424 971 475 ἡ
1005 425 1091 475 ὃίκη
1112 423 1381 474 ἐξετέτειστο,
1409 423 1471 463 καὶ
1496 423 1603 476 εἶχεν

280 492 301 531 ὁ
327 492 545 544 Θεόφημος
572 491 620 532 τά
643 508 687 532 τε
711 491 896 544 πρόβατα
917 491 978 530 καὶ
1002 492 1050 531 τὰ
1076 490 1303 543 ἀνδράποδα
1328 491 1391 531 καὶ
1413 489 1462 530 τὰ
1481 490 1602 541 σκεύη
1624 509 1641 540 5

279 561 326 599 τὰ
345 564 392 615 τῇ
418 560 631 613 προτεραίᾳ
654 559 952 611 περιγενόμενα,
982 559 1044 599 καὶ
1075 557 1248 614 ἄγγελος
1278 556 1376 607 ἦλθέ
1400 574 1466 608 μοι
1491 560 1600 597 λιθο-

282 626 402 667 κόπος
425 643 496 672 τις,
518 629 563 665 τὸ
588 627 763 676 πλησίον
788 628 920 676 μνῆμα
941 625 1211 677 ἐργαζόμενος,
1233 626 1293 665 ὅτι
1312 624 1434 665 πάλιν
1452 626 1605 677 οἴχεται

282 694 455 746 Εὔεργος
478 692 528 733 τὰ
549 693 752 734 ὑπόλοιπα
776 693 898 743 σκεύη
924 691 1152 745 ἐκφορήσας
1171 693 1215 732 ἐκ
1238 694 1307 742 τῆς
1333 692 1469 733 οἰκίας·
1508 690 1604 744 πρὸς

215 765 261 800 66
281 759 324 800 ὃν
351 759 463 801 οὐδέν
487 777 553 811 μοι
579 764 740 814 πρᾶγμα
765 758 825 810 ἦν.
897 759 949 801 ὡς
978 759 1047 800 οῦν
1079 760 1208 810 ἀληθῆ
1236 758 1358 812 λέγω,
1387 758 1450 799 καὶ
1474 759 1535 799 ὅτι
1557 763 1605 815 τῇ

279 830 353 878 μὲν
387 829 600 882 προτεραίᾳ
636 826 860 880 εἰλήφεσάν
895 844 969 878 μου
992 828 1040 867 τὰ
1075 826 1253 879 ἐνέχυρα,
1281 831 1328 883 τῇ
1359 824 1393 866 δ’
1415 825 1606 880 ὑστεραίᾳ
1628 843 1665 865 10

281 896 518 945 ἐκομίσαντο
556 894 601 935 τὸ
639 894 824 947 ἀργύριον
861 892 952 947 παρ’
977 895 1072 945 ἐμοῦ
1102 892 1243 944 (καίτοι
1277 896 1359 935 πῶς
1395 892 1455 939 ἄν,
1483 894 1516 933 εἰ
1551 892 1604 944 μὴ

281 961 574 1014 πεπορισμένον
597 978 640 1002 τε
666 961 712 1012 ἦν
740 962 802 1002 καὶ
825 960 1089 1014 ἐπηγγέλκειν
1124 961 1269 1007 αὐτοῖς,
1297 960 1409 1002 εὐθὺς
1434 958 1482 1000 ἂν
1508 958 1602 1000 ἀπέ-

279 1027 450 1080 λαβον;)
483 1029 544 1069 καὶ
570 1028 691 1069 πάλιν
716 1029 936 1081 αὐθημερὸν
960 1028 1278 1079 εἰσεληλύθεσαν
1303 1029 1358 1069 εἰς
1381 1026 1454 1078 τὴν
1478 1027 1604 1067 οἰκίαν

282 1097 501 1136 ἐκτίνοντος
538 1094 610 1147 τὴν
646 1097 769 1147 δίκην,
795 1096 943 1136 τούτων
976 1096 1067 1147 ὑμῖν
1097 1095 1371 1148 ἀναγνώσεται
1407 1095 1477 1136 τὰς
1507 1111 1603 1146 μαρ-

280 1180 347 1216 τυρ
354 1165 424 1205 ίας.
1630 1178 1665 1209 ¹5

826 1277 1051 1305 ΜΑΡΤΎῬῙΑῙ.

217 1363 260 1406 67
349 1356 511 1407 Ἐπειδὴ
549 1357 692 1403 τοίνυν,
724 1354 753 1396 ὦ
787 1356 924 1410 ἄνδρες
960 1357 1156 1404 δικασταί,
1184 1357 1496 1410 ἐπαγγείλαντός
1531 1373 1606 1408 μου

283 1424 385 1479 αὐτῷ
422 1425 654 1477 θεραπεύειν
687 1423 760 1474 τὴν
791 1423 1000 1477 ἄνθρωπον
1032 1424 1080 1475 ἣν
1114 1424 1344 1477 συνέκοψαν
1379 1425 1440 1464 καὶ
1473 1425 1606 1477 ἰατρὸν

283 1491 460 1544 εἰσάγειν
502 1491 570 1531 οὐκ
609 1490 855 1543 ἐφρόντιζον,
880 1491 960 1544 ἐγὼ
1002 1492 1119 1534 αὐτὸς
1156 1490 1375 1544 εἰσήγαγον
1410 1492 1543 1544 ἰατρὸν
1579 1489 1608 1547 ᾧ

281 1560 415 1600 πολλὰ
438 1558 505 1610 ἔτη
531 1558 730 1612 ἐχρώμην,
752 1557 795 1601 ὃς
819 1558 1055 1611 ἐθεράπευεν
1079 1558 1200 1609 αὐτὴν
1226 1559 1523 1612 ἀρρωστοῦσαν,
1541 1558 1605 1598 καὶ
1628 1573 1667 1595 20

282 1623 465 1675 ἐπέδειξα
489 1625 541 1668 ὡς
567 1624 688 1679 εἶχεν,
717 1627 944 1678 εἰσαγαγὼν
973 1625 1181 1678 μάρτυρας.
1253 1626 1426 1667 ἀκούσας
1461 1628 1503 1666 δὲ
1539 1628 1607 1666 τοῦ

282 1694 413 1746 ἰατροῦ
437 1694 497 1733 ὅτι
523 1692 636 1733 οὐδὲν
656 1692 714 1733 ἔτι
733 1694 790 1743 εἵη
811 1692 834 1744 ἡ
854 1692 1072 1746 ἄνθρωπος,
1094 1693 1217 1734 πάλιν
1237 1692 1391 1746 ἑτέρους
1409 1692 1604 1745 μάρτυρας

281 1761 529 1814 παραλαβὼν
554 1759 625 1811 τήν
657 1777 701 1802 τε
729 1759 938 1812 ἄνθρωπον
963 1759 1144 1811 ἐπέδειξα
1169 1760 1220 1802 ὡς
1246 1760 1366 1813 εἶχεν,
1394 1760 1456 1800 καὶ
1482 1758 1603 1812 ἐπήγ-

121 1831 260 1886 [1160]
280 1833 397 1880 γειλα
433 1828 587 1869 τούτοις
625 1827 867 1880 θεραπεύειν.
927 1827 1017 1884 ἕκτῃ
1054 1827 1185 1868 τοίνυν
1221 1826 1346 1881 ἡμέρᾳ
1382 1828 1549 1878 ὕστερον
1581 1823 1605 1876 ἢ

280 1894 388 1936 οὗτοι
412 1895 603 1946 εἰσῆλθον
629 1895 684 1936 εἰς
707 1893 779 1944 τὴν
803 1895 943 1940 οἰκίαν,
971 1894 1232 1945 ἐτελεύτησεν
1254 1893 1278 1945 ἡ
1305 1892 1428 1944 τιτθή.
1488 1893 1540 1935 ὡς
1564 1895 1606 1933 δὲ
1628 1907 1668 1939 25

279 1963 408 2013 ἀληθῆ
426 1965 549 2002 ταῦτα
567 1961 687 2014 λέγω,
708 1961 858 2002 τούτων
876 1963 966 2013 ὑμῖν
990 1962 1263 2015 ἀναγνώσεται
1288 1959 1359 2003 τὰς
1381 1961 1605 2013 μαρτυρίας.

323 2083 342 2102 2
366 2073 426 2113 γὰρ
442 2071 578 2112 Sauppe
594 2082 601 2102 :
627 2071 659 2103 δὲ
678 2071 772 2102 codd.
909 2081 929 2111 3
952 2074 1010 2105 τὸν
1026 2071 1054 2105 δ’
1071 2075 1209 2113 Εὔεργον
1226 2069 1312 2110 vulg.
1329 2081 1337 2101 :
1359 2070 1416 2103 τὸν
1427 2069 1454 2102 δ’
1467 2072 1606 2111 Εὔεργον

280 2116 306 2147 δ’
325 2115 349 2147 S
366 2127 373 2146 ε
398 2118 538 2157 Εὔεργον
555 2116 582 2148 δ’
604 2115 700 2145 BlaSS
890 2125 909 2155 5
934 2121 1012 2156 post
1029 2117 1127 2155 σκεύη
1147 2116 1196 2156 (5)
1220 2117 1260 2148 τὰ
1277 2117 1319 2158 τῇ
1334 2114 1504 2156 προτεραίᾳ
1521 2127 1604 2154 περι-

279 2159 434 2200 γενόμενα
449 2159 547 2191 codd.
567 2173 574 2193 :
598 2163 676 2200 po'st
693 2159 792 2198 σκεύη
810 2159 861 2201 (8)
880 2165 1004 2201 transp.
1026 2160 1190 2191 Schaefer
1380 2168 1396 2197 7
1421 2170 1470 2189 τις
1487 2158 1540 2188 hic
1558 2158 1581 2188 S
1596 2168 1604 2187 τ

277 2208 358 2234 ante
376 2203 546 2236 λιθοκόπος
563 2204 651 2243 vulg.
765 2202 1007 2245 ἐξεργαζόμενος
1023 2203 1049 2234 F
1062 2203 1092 2242 Q
1106 2203 1136 2233 D
1311 2203 1333 2234 8
1357 2201 1455 2240 σκεύη
1473 2200 1497 2231 S
1515 2211 1522 2231 z
1544 2213 1604 2240 μου

279 2247 379 2286 σκεύη
397 2248 509 2287 vulg.:
533 2262 585 2287 μοι
607 2247 705 2285 σκεύη
727 2247 869 2278 Voemel
1006 2256 1111 2286 13-14
1137 2247 1186 2279 καὶ
1211 2245 1310 2278 πάλιν
1329 2268 1338 2277 .
1363 2267 1371 2276 .
1392 2269 1398 2276 .
1424 2245 1514 2282 δίκην
1539 2245 1602 2274 huc

279 2291 592 2322 transtulitReiske
609 2303 616 2323 :
641 2296 719 2331 post
737 2292 873 2332 ἐνέχυρα
887 2291 959 2332 (10)
971 2291 1068 2322 codd.
1163 2300 1201 2328 13
1227 2289 1489 2328 εἶσεληλύθεισαν
1505 2288 1603 2318 codd.

283 2336 321 2365 18
345 2337 452 2368 αὐτοῖς
470 2335 635 2366 Schaefer
724 2336 845 2375 ἰατροὺς
861 2334 887 2364 F
901 2334 931 2364 D
1083 2343 1123 2373 19
1148 2332 1332 2375 ἐφρόντιζον
1348 2332 1442 2364 codd.
1461 2342 1468 2362 :
1494 2330 1604 2372 ἐφρόν-

279 2378 365 2418 τιζεν
383 2378 521 2417 Reiske‚
539 2379 598 2409 sed
617 2378 657 2409 cs.
681 2380 696 2415 ξ
713 2379 754 2408 62
771 2379 810 2408 ad
827 2377 883 2410 fin.
976 2388 1017 2408 22
1041 2377 1132 2409 οὐδὲν
1149 2378 1196 2408 ἔτι
1213 2376 1237 2407 S
1252 2388 1260 2407 ι
1284 2376 1431 2414 ἀσθενοίη
1448 2376 1497 2407 καὶ
1515 2373 1604 2406 οὐδὲν

279 2422 385 2455 οὐκέτι
403 2422 523 2463 (οὐκέτι
543 2421 636 2454 οὐδὲν
653 2422 699 2463 1))
718 2422 807 2461 vulg.
940 2422 983 2451 26
1006 2424 1109 2453 ταῦτα
1125 2426 1238 2451 servat
1257 2421 1280 2452 S
1297 2420 1390 2451 solus
