1763 2778
79 915 96 946 5

57 1189 97 1211 10

730 387 823 424 LVI

282 486 446 528 ΚΑΤΑ
493 482 977 530 ΔΙΟΝΤΣΟΔΩΡΟΤ
1025 482 1272 531 ΒΛΑΒΗΣ

666 607 885 636 Tuom-3212.

170 682 326 731 Δαρεῖος
359 681 418 719 καὶ
452 682 657 730 Πάμφιλος
691 680 957 731 Διονυσοδώρῳ
993 681 1198 727 δανείζουσι
1230 682 1444 733 τρισχιλίας

117 736 284 787 δραχμὰς
317 736 377 774 ἐπὶ
409 738 459 787 τῷ
491 737 654 774 πλεῦσαι
687 735 798 773 αὐτὸν
832 737 880 776 εἷς
915 735 1106 787 Αἴγυπτον
1140 736 1306 774 κάκεῖθεν
1343 736 1445 777 αὖθις

115 789 306 840 Ἀθήναζε,
322 790 382 828 καὶ
396 791 639 839 λαμβάνουσι
650 792 719 840 μὲν
733 790 923 840 ὑποθήκην
939 790 1006 838 τὴν
1021 793 1119 836 ναῦν,
1137 790 1443 842 διομολογοῦνται

117 845 156 883 δὲ
176 846 236 883 καὶ
255 846 382 885 τόκους
401 845 512 885 ὅσους
532 845 695 893 ὤφειλον
712 843 895 894 Ἀθήναζε
916 846 1243 885 καταπλεύσαντος
1263 849 1443 883 Διονυσο-

117 900 232 950 δώρου
253 899 494 950 κομίσασθαι.
542 900 822 969 Διονυσόδωρος
838 898 868 937 δ
886 902 929 937 ἀν
924 901 1080 937 απλέωι
1100 903 1139 937 ἐκ
1153 917 1220 949 της
1241 902 1440 951 Αἰγύπτου,

115 957 162 1006 τῇ
180 954 294 1006 Ῥόδῳ
313 954 528 1005 προσσχών,
551 956 624 992 ἐκεῖ
641 955 706 993 τὸν
724 955 844 1006 γόμον
864 954 1060 1000 ἐξεθετο,“
1042 972 1088 995 ως
1107 956 1175 1003 μὲν
1201 955 1309 995 αυτός
1334 959 1442 1004 φησι,

118 1009 177 1047 διὰ
204 1010 247 1048 τὸ
275 1011 432 1060 ῥαγῆναι
455 1026 522 1058 την
544 1026 633 1048 ναυν
660 1010 720 1047 καὶ
740 1009 830 1047 εἶναι
849 1009 1006 1058 σαθραν,
1029 1011 1075 1049 ὡς
1096 1009 1133 1047 δὲ
1153 1011 1310 1059 Δαρεῖος
1328 1011 1442 1061 λέγει,

116 1063 176 1102 διὰ
193 1063 236 1102 τὸ
254 1063 439 1102 πυθεσθαι
457 1064 522 1102 τὸν
540 1066 647 1102 σῖτον
665 1062 870 1113 Ἀθήνησιν
890 1065 928 1101 εἴ
931 1081 1021 1102 ωνον
1047 1065 1146 1102 ὄντα·
1175 1065 1243 1113 τὴν
1264 1081 1337 1115 γαρ
1357 1066 1444 1103 ναῦν

116 1117 218 1169 σῴαν
237 1120 414 1168 ὑπάρχειν
434 1118 532 1167 φησὶ
553 1118 613 1156 καὶ
631 1121 740 1157 πλεῖν
760 1120 812 1156 ἔτι
832 1119 892 1155 καὶ
912 1121 985 1156 νῦν.
1043 1121 1077 1156 οἶ
1096 1121 1164 1169 μὲν
1179 1119 1242 1157 οἶῗν
1257 1118 1444 1157 δανείσαν-

115 1189 174 1213 τες
212 1173 271 1211 καὶ
309 1175 559 1224 κατηγοροῦσι
602 1175 668 1211 τοῦ
710 1173 992 1222 Διονυσοδώρου
1033 1174 1341 1223 παραβεβηκέναι
1377 1174 1447 1222 τὴν

115 1228 350 1280 συγγραφήν,
373 1227 463 1265 διότι
480 1228 549 1274 τὴν
568 1227 770 1277 ὑποθήκην,
790 1228 961 1266 τουτέστι
980 1228 1048 1276 τὴν
1073 1231 1170 1276 ναῦν,
1191 1231 1233 1267 οὗ
1258 1228 1447 1279 παρέσχεν

116 1285 274 1332 ἐμφανῆ,
291 1283 350 1320 καὶ
363 1284 582 1320 ἀπαιτοῖ-σιν
598 1283 708 1320 αὐτὸν
719 1282 803 1323 τοὺς
819 1283 1120 1334 ὁμολογηθέντας
1131 1284 1260 1323 τόκους
1271 1284 1444 1324 τελείους·

115 1339 135 1375 ὃ
155 1336 185 1375 δ’
204 1339 247 1375 οὗ
266 1338 404 1378 πάντας
423 1337 635 1376 ἀποδιδόναι
657 1337 849 1386 βούλεται,
873 1339 973 1375 ἀλλὰ
999 1337 1090 1388 πρὸς
1114 1338 1231 1391 λόγον
1256 1341 1320 1376 τοῦ
1345 1340 1444 1376 πλοῦ

113 1394 179 1431 τοῦ
198 1392 460 1432 πλευσθέντος.

59 1520 96 1553 Ῑ5

60 1858 98 1880 20

184 1504 383 1546 Κοινωνός
407 1505 484 1555 εἶμι
510 1507 578 1544 τοῦ
607 1504 869 1556 δανείσματος
899 1503 1050 1551 τούτου,
1077 1503 1215 1557 ἄνδρες
1246 1506 1441 1547 δικασταί.

118 1573 333 1623 συμβαίνει
358 1570 391 1612 δ’
415 1571 508 1623 ἡμῖν
533 1576 616 1613 τοῖς
639 1571 711 1622 τὴν
740 1573 837 1611 κατὰ
868 1571 1068 1612 θάλατταν
1094 1573 1286 1624 ἐργασίαν
1319 1588 1440 1627 προῃ-

116 1638 300 1692 ρημένοις
327 1638 388 1679 καὶ
412 1638 460 1679 τὰ
489 1637 644 1691 ἡμέτερ’
678 1639 804 1679 αὐτῶν
830 1640 1119 1692 ἐγχειρίζουσιν
1146 1639 1291 1691 ἑτέροις
1317 1640 1443 1679 ἐκεῖνο

117 1709 189 1757 μὲν
226 1709 367 1759 σαφῶς
402 1705 558 1752 εἰδέναι,
592 1707 653 1746 ὅτι
689 1707 709 1745 ὁ
745 1707 1015 1757 δανειζόμενος
1052 1707 1094 1746 ἐν
1130 1706 1247 1746 παντὶ
1280 1705 1445 1759 προέχει

117 1773 240 1824 ἡμῶν.
309 1773 452 1824 λαβὼν
477 1774 551 1826 γὰρ
581 1773 763 1826 ἀργύριον
798 1772 972 1826 φανερὸν
1011 1773 1072 1813 καὶ
1109 1773 1442 1825 ὁμολογούμενον,

118 1841 160 1880 ἐν
200 1840 490 1895 γραμματειδίῳ
535 1843 642 1881 δυοῖν
679 1844 849 1894 χαλκοῖν
891 1840 1099 1895 ἐωνημένῳ
1142 1841 1204 1880 καὶ
1243 1841 1444 1894 βυβλιδίῳ

116 1911 239 1962 μικρῷ
277 1907 380 1948 πάνυ
415 1907 487 1958 τὴν
521 1908 738 1959 ὁμολογίαν
776 1906 1039 1948 καταλέλοιπε
1075 1911 1142 1947 τοῦ
1177 1906 1360 1958 ποιήσειν
1396 1906 1445 1946 τὰ

118 1975 260 2015 δίκαια.
329 1975 440 2025 ἡμεῖς
465 1973 497 2015 δ’
522 1974 567 2014 οὐ
592 1977 723 2027 φαμὲν
749 1975 905 2021 δώσειν,
935 1974 1027 2015 ἀλλ’
1054 1974 1165 2016 εὐθὺς
1189 1978 1242 2030 τῷ
1272 1974 1442 2024 δανειζο-

160 2083 338 2114 T1TULus:
361 2082 492 2121 βλάβης
508 2093 573 2114 om.
593 2082 671 2122 SA,
690 2083 856 2123 Harpocr.
874 2093 900 2114 S.
915 2094 945 2113 v.
965 2083 1230 2124 ἀμφοτερόπλουν

169 2137 181 2156 1
203 2133 235 2156 et
250 2137 266 2166 7
286 2126 413 2167 '‘Apems
427 2127 599 2161 Schaefer,
612 2131 705 2157 recte
716 2127 792 2159 fort.
809 2137 816 2165 ;
833 2127 874 2157 cf.
890 2127 915 2157 1.
929 2126 969 2158 G.
989 2127 1028 2156 ii2
1043 2129 1121 2165 1631
1190 2138 1208 2166 4
1226 2127 1278 2159 οὓς
1293 2127 1324 2157 D
1369 2135 1444 2166 post

118 2169 400 2203 καταπλεύσαντος
412 2171 489 2202 add.
507 2170 540 2202 δὲ
554 2170 580 2200 F
594 2171 640 2202 S:
663 2179 730 2202 om.
750 2170 803 2201 D:
827 2170 891 2200 del.
906 2181 970 2208 mg.
991 2171 1070 2202 edit.
1090 2170 1193 2202 Paris.
1332 2181 1371 2201 10
1395 2172 1443 2202 καὶ

117 2218 197 2244 ante
211 2216 425 2255 κατηγοροῦσι
440 2214 505 2244 del.
518 2214 616 2245 Turr.
708 2223 746 2252 13
764 2214 864 2255 λόγον
879 2214 1008 2244 Reiske
1023 2224 1030 2245 :
1055 2214 1169 2254 ὀλίγον
1181 2214 1278 2244 codd.
1367 2224 1404 2252 15
1421 2214 1444 2245 ὦ

118 2262 197 2288 ante
213 2258 322 2299 ἄνδρες
335 2257 431 2287 omisi
442 2267 516 2287 cum
536 2258 559 2288 S
574 2257 599 2287 F
705 2259 812 2296 ἄνδρες
829 2257 906 2298 δικ.]
926 2257 948 2289 ὦ
966 2260 1122 2295 Ἀθηναῖοι
1136 2258 1296 2296 Hermog.
1315 2267 1387 2296 227.
1408 2258 1445 2286 16

120 2300 248 2341 (Rabe)
367 2302 406 2330 16
430 2302 511 2333 κατὰ
528 2301 690 2333 θάλατταν
706 2302 768 2339 τὴν
783 2301 878 2332 codd.
899 2312 906 2331 :
929 2302 991 2338 τὴν
1006 2302 1089 2332 κατὰ
1106 2301 1268 2332 θάλατταν
1285 2300 1446 2331 Schaeser

119 2344 191 2374 coll.
210 2344 317 2374 xxxiii
335 2354 354 2382 4
527 2345 565 2374 18
588 2344 647 2384 μὲν
663 2354 729 2374 om.
748 2343 780 2373 A
897 2344 1029 2384 προέχει
1046 2344 1076 2373 Λ
1092 2344 1143 2374 D:
1167 2344 1320 2384 προσέχει
1338 2343 1362 2373 S
1375 2344 1399 2373 F
1413 2343 1444 2381 Q

119 2397 222 2417 20—21
249 2389 300 2419 καὶ
317 2411 325 2419 .
346 2412 351 2418 .
369 2410 377 2418 .
398 2387 477 2419 πάνυ
495 2388 560 2418 del.
579 2387 792 2426 Bockmeijer
893 2398 935 2417 20
959 2387 1118 2428 βυβλιδίῳ
1136 2388 1158 2418 S
1172 2388 1209 2427 F,
1225 2388 1268 2418 cf.
1287 2387 1442 2418 Cr‹1'›nert.

120 2430 218 2462 Mem.
237 2430 340 2462 Herc.
362 2440 412 2461 21.
432 2441 484 2470 22,
506 2431 632 2462 Moeris
652 2441 724 2470 192.
742 2440 784 2469 23
801 2442 808 2461 ε
832 2432 983 2471 βιβλιδίῳ
999 2431 1087 2469 vulg.

1463 492 1580 547 [1282
1597 492 1603 545 ι

1464 1135 1484 1160 2

1465 1642 1602 1697 [1283]
