1763 2778
126 95 269 150 [1446]
714 98 1199 138 ΔιΙΜοΣΘΕΝοΎΣ

252 201 425 246 2λυθεν,
468 198 517 240 ἵν’
561 200 630 239 ἐὰν
669 201 742 250 μὲν
784 199 1025 240 ἀκούσαντες
1067 203 1181 240 τοῦτο
1227 198 1318 241 τοὺς
1359 200 1456 250 μετὰ
1495 203 1618 240 ταῦτα

291 267 435 318 λόγους
459 266 659 317 βούλησθ’
678 267 845 316 ἀκούειν,
867 266 928 306 καὶ
948 265 1114 322 διδάσκῃ
1133 267 1197 307 καὶ
1216 265 1344 322 φράζῃ
1364 268 1412 306 τὶι
1431 266 1617 317 βέλτισθ’

292 335 395 388 αὑτῷ
424 336 626 380 δοκοῦντα,
652 332 701 374 ἂν
734 333 766 373 δ’
783 332 1127 384 ἀποδοκιμάσητε,
1160 332 1468 386 ἀπηλλαγμένος
1500 332 1524 390 ᾖ
1555 335 1617 375 καὶ

291 399 383 451 μήθ’
401 401 491 451 ὑμῖν
512 402 660 457 ἐνοχλῇ
685 399 776 451 μήθ’
796 400 913 441 αὑτὸν
940 401 1077 456 κόπτῃ.
1150 401 1227 452 ἐγὼ
1253 400 1298 451 δὴ
1324 403 1438 440 τοῦτο
1461 404 1616 452 πρῶτον

292 468 379 520 ε’ρῶ.
452 468 536 518 ἐμοὶ
576 470 682 508 δοκεῖ
722 468 1002 518 Μυτιληναίων
1049 467 1070 507 ὁ
1116 469 1238 518 δῆμος
1283 466 1509 518 ἠδικῆσθαι,
1552 468 1616 508 καὶ
1636 480 1654 512 5

291 535 400 585 δίκην
435 535 525 585 ὑμῖν
560 535 656 586 ὑπὲρ
688 534 808 575 αὐτοῦ
839 533 1058 587 προσήκειν
1086 537 1244 585 λαβεῖν.
1318 535 1380 575 καὶ
1411 535 1518 576 ὅπως
1541 533 1613 586 λή-

290 600 413 654 ψεσθ’
439 601 519 654 ἔχω
544 600 692 654 λέγειν,
719 602 878 642 ἐπειδὰν
903 601 954 644 ὡς
977 600 1180 652 ἠδίκηνται
1210 601 1273 642 καὶ
1301 603 1392 653 ὑμῖν
1421 600 1615 653 προσήκει

290 670 456 720 βοηθεῖν
480 667 673 719 ἐπιδείξω.

917 798 949 834 Α
958 798 993 835 H

359 871 524 932 Πρῶτον
556 881 629 931 μὲν
659 878 704 919 οὐ
736 878 837 920 πάνυ
867 880 1096 930 θαυμαστόν
1121 881 1245 926 ἐστιν,
1271 876 1301 919 ὦ
1326 878 1464 931 ἄνδρες
1489 878 1612 930 Ἀθη·
1639 897 1678 920 10

290 951 406 994 ναῖοι,
431 946 476 988 τὸ
500 946 552 998 μὴ
585 946 742 1000 ῥᾳδίους
773 950 855 988 τοῖς
889 947 1180 997 συμβουλεύειν
1216 945 1480 997 βουλομένοις
1515 946 1616 988 εἶναι

289 1015 380 1057 τοὺς
403 1015 560 1066 λόγους·
586 1014 680 1054 ὅταν
708 1015 784 1066 γὰρ
816 1013 864 1054 τὰ
895 1013 1090 1066 πράγματ’
1128 1015 1200 1070 ἔχῃ
1238 1014 1402 1066 φαύλως
1438 1013 1524 1066 περὶ
1560 1014 1616 1054 ὧν

289 1085 349 1122 δεῖ
379 1084 557 1127 σκοπεῖν,
593 1083 802 1134 δυσχερεῖς
838 1079 988 1133 ἀνάγκη
1025 1082 1115 1133 περὶ
1150 1081 1278 1122 αὐτῶν
1315 1081 1414 1121 εἶναι
1447 1080 1509 1121 καὶ
1543 1082 1614 1123 τὰς

289 1149 551 1201 συμβουλίας.
622 1149 751 1200 εἰμὲν
777 1148 845 1189 οὖν
871 1149 913 1188 ἐκ
944 1151 1014 1188 τοῦ
1041 1148 1094 1200 μὴ
1126 1147 1271 1189 ’θέλειν
1308 1148 1463 1188 ἀκούειν
1500 1149 1614 1190 ἐλπὶς

287 1219 408 1257 ταῦτα
438 1214 625 1268 γενέσθαι
660 1216 823 1266 βελτίω,
861 1218 975 1255 τοῦτο
1010 1215 1087 1269 χρὴ
1124 1214 1322 1267 πράττειν·
1361 1216 1394 1255 εἷ
1424 1217 1465 1255 δὲ
1493 1215 1612 1268 χείρω
1636 1234 1672 1265 15

287 1285 358 1335 μὲν
392 1282 558 1330 ἅπαντα,
588 1282 755 1334 βέλτιον
787 1282 820 1323 δ’
845 1282 958 1323 οὐδὲν
991 1284 1033 1323 ἐκ
1062 1282 1202 1323 τούτου
1224 1281 1451 1335 γενήσεται,
1478 1283 1520 1323 τί
1539 1284 1610 1328 δεῖ,

288 1349 383 1403 πρὸς
417 1350 462 1390 τὸ
499 1351 749 1403 φαυλότατον
787 1351 920 1391 ἐλθεῖν
956 1349 1164 1396 ἐάσαντας,
1200 1350 1242 1390 ἐκ
1274 1350 1459 1392 πλείονος
1489 1346 1513 1400 ἢ
1543 1353 1612 1390 νῦν

126 1417 265 1473 [1447]
290 1417 351 1458 καὶ
375 1417 660 1471 χαλεπωτέρως
688 1415 824 1473 σῴζειν
848 1420 1072 1470 πειρᾶσθαι,
1102 1417 1190 1468 ἐξὸν
1221 1418 1264 1457 ἐκ
1296 1420 1374 1458 τῶν
1406 1417 1611 1469 παρόντων

287 1485 344 1526 ἔτι
371 1485 433 1525 καὶ
451 1488 520 1526 νῦν
540 1485 897 1537 ἐπανορθώσασθαι
917 1484 980 1525 καὶ
999 1488 1242 1538 προαγαγεῖν
1269 1485 1332 1525 ἐπὶ
1357 1483 1400 1524 τὸ
1424 1483 1609 1535 βέλτιον,·

246 1571 265 1595 2
287 1552 330 1593 τὸ
354 1554 427 1604 μὲν
451 1553 519 1593 οὖν
544 1553 712 1605 ὀργίλως
736 1552 834 1603 ὑμᾶς
864 1552 971 1606 ἔχειν
1003 1552 1105 1594 εἰκός
1136 1553 1248 1593 ἐστιν
1279 1555 1400 1592 ταῦτα
1432 1550 1611 1604 πάσχον·
1634 1568 1673 1590 20

287 1637 368 1662 τας·
394 1619 439 1660 τὸ
465 1622 505 1660 δὲ
528 1619 580 1670 μὴ
605 1622 688 1662 τοῖς
717 1620 867 1666 αἰτίοις,
895 1620 1001 1660 ἀλλὰ
1034 1621 1157 1660 πᾶσιν
1191 1617 1337 1671 ἐφεξῆς
1369 1618 1608 1671 ὀργίζεσθαι,

286 1685 388 1727 τοῦτ’
414 1686 539 1727 οὐκέτ’
566 1686 665 1727 εἰκὸς
692 1685 772 1727 οὐδ’
797 1688 921 1739 ὀρθῶς
947 1687 1043 1740 ἔχον
1074 1687 1196 1727 ἐστίν.
1272 1688 1308 1726 οἱ
1340 1687 1416 1739 γὰρ
1444 1685 1609 1737 μηδενὸς

286 1757 357 1805 μὲν
373 1755 490 1795 αἴτιοι
505 1757 583 1794 τῶν
598 1755 943 1806 παρεληλυθότων,
961 1755 1008 1794 τὰ
1025 1755 1067 1794 δὲ
1082 1754 1205 1794 λοιπὰ
1224 1757 1306 1795 πῶς
1326 1753 1439 1793 ἔσται
1458 1754 1609 1804 βελτίω

285 1821 419 1873 λέγειν
446 1821 618 1874 ἔχοντες,
644 1819 775 1875 χάριν,
803 1821 871 1861 οὐκ
896 1820 1114 1875 ἀπέχθειαν
1141 1819 1359 1871 κομίσαιντ’
1385 1819 1433 1860 ἂν
1453 1820 1610 1862 δικαίως

286 1887 376 1940 παρ’
400 1889 519 1939 ὑμῶν·
545 1889 623 1934 οὕς,
651 1890 720 1929 ἐὰν
753 1889 920 1940 ἀκαίρως
950 1889 1249 1938 δυσκολαίνητε,
1285 1888 1413 1928 ὀκνεῖν
1445 1888 1607 1927 ἀνίστα·
1632 1902 1669 1932 ²5

246 1965 265 1998 3
287 1958 381 1995 σθαι
410 1954 610 2006 ποιήσετε.
682 1957 806 1996 καίτοι
835 1954 952 2008 ἔγωγ’
987 1955 1056 1996 οὐκ
1089 1955 1232 2008 ἀγνοῶ,
1259 1956 1320 1995 ὅτι
1347 1953 1540 1995 πολλάκις
1565 1953 1610 1994 οὐ

285 2026 367 2064 τοῖς
408 2023 558 2068 αἰτίοις,
602 2023 708 2062 ἀλλὰ
749 2026 831 2065 τοῖς
872 2023 1052 2073 ἐμποδὼν
1094 2022 1182 2063 οῧσι
1223 2025 1305 2063 τοῖς
1344 2020 1609 2074 ὀργιζομένοις

285 2089 400 2140 ἀηδές
424 2107 461 2130 τι
485 2092 625 2130 παθεῖν
656 2090 822 2141 συνέβη·
892 2091 998 2140 ὅμως
1020 2088 1054 2129 δ’
1080 2089 1252 2139 ἀνέστην
1277 2088 1612 2139 συμβουλεύσωνξ

285 2157 459 2198 πιστεύω
483 2156 558 2210 γὰρ
578 2157 710 2209 ἔγωγ’,
730 2155 759 2197 ὦ
785 2157 923 2209 ἄνδρες
948 2155 1164 2208 Ἀθηναῖοι,
1192 2156 1372 2209 φλαύρου
1394 2158 1466 2207 μὲν
1490 2157 1606 2207 μηδε-

331 2276 350 2305 4
376 2267 413 2304 δὴ
435 2265 618 2297 Schaescr:
653 2266 685 2298 δὲ
711 2266 808 2297 codd.
899 2268 1024 2306 πρῶτον
1047 2267 1148 2298 αἴτιον
1169 2268 1226 2307 ἐρῶ
1243 2275 1259 2296 r
1393 2274 1432 2295 10
1456 2267 1510 2296 6151>
1529 2266 1563 2296 οὐ
1583 2263 1608 2296 S

288 2319 322 2340 11
341 2311 465 2351 ῥαδίους
480 2320 544 2346 mg.
559 2308 638 2340 edit.
657 2309 781 2341 Paris:
806 2309 992 2351 ῥᾳδίωςΞΡ
1006 2309 1036 2347 Q
1110 2319 1147 2348 14
1165 2307 1379 2348 συμβουλάςῐ·
1453 2310 1491 2340 L8
1507 2315 1608 2349 χαλε-

284 2343 430 2395 πωτέρως
446 2353 563 2384 Wolf:
587 2352 815 2394 χαλεπωτέραν
832 2353 856 2383 S
868 2353 899 2383 al
915 2365 921 2383 :
946 2366 1013 2384 -ους
1031 2352 1056 2383 F
1069 2351 1099 2391 Q
1253 2353 1290 2382 18
1316 2354 1351 2384 ἐκ
1366 2354 1430 2383 τῶν
1445 2353 1609 2392 παρόντων

282 2406 348 2428 om.
368 2407 383 2428 r
450 2408 491 2428 20
512 2396 567 2429 οὖν
584 2407 646 2428 om.
668 2407 684 2427 r
754 2396 871 2437 ταῦτα]
890 2398 1023 2428 ’τοιαῦτα
1040 2406 1056 2426 r
1123 2405 1164 2435 24
1188 2397 1313 2428 δικαίως
1329 2397 1508 2436 'sopiuntur'
1525 2395 1562 2427 ἄν
1579 2406 1604 2427 Γ.
