1763 2778
144 119 246 175 xmx]
541 123 703 162 ΠΡΟΣ
750 123 1095 161 ΤΙΜΟΘΕΟΝ
1494 119 1629 175 [1186]

144 225 263 277 ταμίᾳ
287 227 340 278 τῷ
366 225 516 270 ἑαυτοῦ,
543 220 586 264 ὃς
611 221 732 277 τούτῳ
768 219 894 276 διῴκει
927 222 1019 262 τότε
1055 221 1198 264 πάντα.
1271 225 1334 264 καὶ
1360 225 1380 263 ὁ
1403 227 1475 274 μὲν
1497 239 1516 273 7

145 289 426 341 δανεισάμενος
441 289 486 330 τὸ
503 289 689 342 ἀργύριον
706 290 812 341 παρὰ
832 292 899 328 τοῦ
919 289 1067 341 πατρὸς
1081 294 1148 330 τοῦ
1169 292 1264 342 ἐμοῦ
1281 292 1475 341 Τιμόθεος

145 358 192 410 ἣν
219 358 281 398 καὶ
312 357 505 400 κελεύσας
537 359 673 397 δοῦναι
703 355 931 411 Ἀντιμάχῳ
957 359 1165 412 τῷταμίςι
1198 363 1250 413 τῷ
1277 361 1426 404 ἑαυτοῦ,
1456 360 1475 398 ὁ

145 427 188 467 δὲ
210 425 352 477 λαβὼν
375 427 420 465 τὸ
459 423 646 477 ἀργύριον
676 423 756 464 ἀπὸ
792 426 861 474 τῆς
889 423 1084 476 τραπέζης
1115 425 1220 477 παρὰ
1245 426 1476 477 Φορμίωνος

107 505 124 537 5
146 492 383 544 Αὐτόνομος,
422 492 547 544 ὅσπερ
585 490 810 546 Ἀντιμάχῳ
860 490 1029 532 διετέλει
1077 493 1365 545 γραμματεύων
1404 496 1475 534 τὸν

145 558 300 601 ἅπαντα
345 560 504 613 χρόνον.
587 557 769 600 δοθέντος
816 559 948 599 τοίνυν
996 562 1063 599 τοῦ
1105 560 1292 612 ἀργυρίου
1338 560 1476 602 τούτου
1497 573 1516 606 8

145 626 350 680 ἐγράψατο
372 629 446 679 μὲν
469 627 687 679 ὀφείλοντα
717 625 784 666 τὸν
811 626 1057 667 κελεύσαντα
1088 629 1241 681 χρῆσαι
1265 628 1472 678 Τιμόθεον,

143 695 354 746 ὑπόμνημα
378 695 419 734 δὲ
444 693 664 747 ἐγράψατο,
692 691 721 748 ᾧ
740 710 785 734 τε
808 693 922 736 οὗτος
948 693 1137 735 ἐκέλευσε
1167 697 1314 741 δοῦναι,
1343 695 1473 735 Ἀντι-

143 761 272 816 μάΧῳ,
307 762 370 802 καὶ
406 759 455 802 ὃν
484 761 508 801 ὁ
540 760 777 814 Ἀντίμαχος
812 760 1070 813 συνέπεμψεν
1095 762 1160 802 ἐπὶ
1184 762 1257 813 τὴν
1282 762 1475 816 τράπεζαν

87 849 126 871 10
143 829 378 882 ληψόμενον
402 827 447 868 τὸ
473 828 672 881 ἀργύριον,
698 832 767 868 τὸν
793 827 1033 879 Αὐτόνομον,
1060 831 1128 871 τὰς
1160 832 1294 883 χιλίας
1320 847 1472 883 τριακο-

146 897 238 939 σίας
260 895 438 950 δραχμὰς
465 895 529 936 καὶ
558 893 804 946 πεντήκοντα
832 896 893 936 καὶ
918 897 1012 947 μίαν
1039 897 1101 936 καὶ
1121 897 1177 936 δύ’
1204 898 1357 948 ὀβολώ.
1431 897 1475 937 τὸ
1497 900 1627 954 [1187]

143 966 215 1016 μὲν
238 964 371 1005 τοίνυν
396 966 553 1016 πρῶτον
575 961 717 1017 χρέως,
745 962 766 1003 ὃ
791 962 970 1004 ἐκπλέων
996 964 1145 1015 ἔλαβεν
1172 968 1406 1017 στρατηγῶν
1431 964 1476 1005 τὸ

144 1032 325 1084 ὕστερον,
351 1034 544 1072 τοσοῦτον
568 1031 737 1083 ὀφείλει.

210 1098 371 1150 Ἐπειδὴ
396 1101 439 1140 δὲ
464 1096 800 1153 ἀπεχειροτονήθη
836 1100 909 1149 μὲν
939 1096 1010 1151 ὑφ’
1031 1099 1140 1149 ὑμῶν
1166 1098 1388 1152 στρατηγὸς
1413 1098 1476 1139 διὰ
1495 1116 1517 1150 9

88 1184 124 1216 15
144 1166 190 1207 τὸ
211 1166 264 1219 μὴ
290 1167 554 1219 περιπλεῦσαι
577 1166 908 1216 Πελοπόννησον,
936 1166 1000 1206 ἐπὶ
1027 1167 1154 1218 κρίσει
1178 1169 1221 1207 δὲ
1238 1166 1474 1218 παρεδέδοτο

146 1234 202 1276 εἷς
235 1233 306 1275 τὸν
339 1236 463 1285 δῆμον
499 1234 626 1275 αἰτίας
659 1235 729 1283 τῆς
765 1234 958 1286 μεγίστης
991 1234 1133 1287 τυχών,
1167 1232 1398 1287 ἐφειστήκει
1434 1236 1475 1274 δὲ

145 1300 245 1356 αὐτῷ
285 1301 591 1354 Καλλίστρατος
627 1300 690 1341 καὶ
726 1300 967 1353 Ἰφικράτης,
1006 1305 1059 1356 τῷ
1105 1317 1149 1342 τε
1188 1300 1376 1354 πράττειν
1413 1302 1474 1341 καὶ

145 1370 269 1409 εἰπεῖν
311 1367 529 1420 δυνάμενοι,
572 1368 673 1408 οὕτω
713 1370 755 1409 δὲ
794 1367 981 1409 διέθεσαν
1020 1369 1121 1419 ὑμᾶς
1170 1372 1475 1421 κατηγοροῦντες

145 1435 283 1476 τούτου
308 1435 423 1477 αὐτοί
441 1453 485 1477 τε
522 1436 585 1477 καὶ
609 1437 645 1476 οἱ
671 1435 1007 1489 συιάγορεύοντες
1040 1436 1186 1483 αὐτοῖς,
1212 1437 1319 1477 ὥστε
1342 1435 1471 1476 Ἀντί·
1499 1457 1540 1481 10

86 1528 126 1550 20
143 1519 274 1557 μαχον
307 1505 380 1555 μὲν
416 1504 558 1555 ταμίαν
595 1504 690 1543 ὄντα
727 1503 790 1543 καὶ
824 1504 1044 1544 πιστότατα
1079 1505 1325 1555 διακείμενον
1350 1503 1473 1558 τούτῳ

147 1572 347 1624 κρίναντες
376 1572 420 1612 ἐν
454 1575 506 1626 τῷ
543 1569 650 1625 δήμῳ
689 1571 942 1611 ἀπεκτείνατε
980 1570 1042 1610 καὶ
1079 1570 1148 1621 τὴν
1185 1571 1324 1611 οὐσίαν
1358 1570 1476 1611 αὐτοῦ

146 1639 401 1690 ἐδημεύσατε,
427 1637 546 1679 αὐτὸν
571 1640 613 1680 δὲ
643 1641 783 1678 τοῦτον
811 1637 1098 1689 ἐξαιτουμένων
1134 1642 1211 1678 τῶν
1246 1639 1475 1689 ἐπιτηδείων

147 1706 209 1747 καὶ
234 1706 390 1748 οἰκείων
406 1705 524 1746 αὐτοῦ
544 1705 742 1752 ἁπάντων,
766 1704 879 1745 ἔτιδὲ
902 1705 964 1746 καὶ
988 1704 1181 1746 Ἀλκέτου
1200 1705 1264 1746 καὶ
1278 1705 1472 1752 Ἰάσονος,

146 1772 368 1827 συμμάχων
414 1775 540 1815 ὄντων
585 1774 689 1825 ὑμῖν,
747 1773 865 1824 μόλις
918 1774 991 1824 μὲν
1038 1774 1253 1824 ἐπείσθητε
1298 1774 1473 1826 ἀφεῖναι,

88 1856 125 1889 25
145 1844 444 1894 στρατηγοῦντα
489 1843 532 1882 δὲ
577 1840 697 1881 αὐτὸν
739 1840 1058 1886 ἐπαύσατε,-ἐν
1099 1841 1299 1884 τοιαύταις
1338 1843 1379 1881 δὲ
1423 1839 1476 1880 ὣν
1500 1858 1536 1883 11

146 1911 358 1960 διαβολαῖς
395 1908 456 1948 καὶ
494 1908 636 1962 ἀπορίᾳ
672 1907 888 1961 χρημάτων
922 1913 1054 1965 πολλῇ
1087 1907 1124 1960 (ἡ
1155 1911 1228 1959 μὲν
1259 1907 1333 1961 γὰρ
1360 1908 1475 1948 οὐσία

146 1976 350 2030 ὑπόχρεως
383 1974 432 2027 ἣν
469 1975 618 2022 ἅπασα,
659 1975 720 2016 καὶ
757 1975 840 2028 ὅροι
878 1974 994 2026 αὐτῆς
1030 1975 1222 2022 ἕστασαν,
1262 1976 1324 2016 καὶ
1357 1977 1475 2015 ἄλλοι

146 2042 347 2096 ἐκράτουν·
385 2043 405 2083 ὁ
440 2045 511 2095 μὲν
547 2044 588 2084 ἐν
626 2043 745 2098 πεδίῳ
783 2042 903 2096 ἀγρὸς
937 2043 1166 2094 ἀποτίμημα
1203 2047 1254 2098 τῷ
1286 2042 1394 2083 παιδὶ
1421 2046 1473 2097 τῷ

100 2176 102 2178 ,
189 2158 210 2188 3
234 2149 284 2182 καὶ
303 2158 367 2180 om.
386 2147 417 2179 D
520 2152 566 2190 τῷ
577 2148 675 2190 ταμίᾳ
692 2158 758 2179 om.
781 2148 805 2179 S
957 2159 977 2187 4
1001 2148 1061 2180 ἀπὸ
1076 2147 1129 2179 A:
1155 2150 1190 2180 ἐκ
1207 2147 1232 2178 S
1248 2146 1340 2186 vulg.
1358 2147 1417 2178 sed
1435 2146 1474 2177 cs.

151 2195 188 2230 ἐξ
205 2202 235 2232 2,
255 2202 286 2232 4,
305 2202 358 2231 33,
378 2202 430 2232 37,
448 2192 501 2231 38,
520 2203 558 2232 41
665 2193 686 2223 6
709 2191 826 2224 τούτου
842 2202 908 2223 om.
926 2190 959 2221 A
1065 2192 1084 2221 8
1109 2191 1333 2233 παρεγράψατο
1351 2190 1474 2226 Naber,

148 2235 191 2268 cf.
210 2239 225 2274 ξ
243 2246 286 2275 30
373 2247 395 2275 9
420 2239 436 2268 ὁ
452 2247 516 2268 om.
529 2235 563 2266 A
659 2245 695 2266 11
723 2237 773 2268 καὶ
791 2236 836 2268 δύ’
854 2236 897 2273 A,
921 2236 961 2266 cf.
983 2238 997 2273 ξ
1016 2247 1068 2274 44,
1088 2235 1169 2266 xlvii
1185 2237 1251 2275 64:
1275 2235 1320 2266 δύ’
1342 2234 1365 2264 S
1383 2234 1472 2272 vulg.

152 2289 189 2318 13
216 2280 338 2320 ὀφείλει
352 2280 470 2311 Blass:
488 2282 627 2322 ὤφειλεν
639 2280 736 2310 codd.
752 2291 760 2319 3
784 2280 846 2310 sed
860 2279 899 2311 cf.
915 2283 930 2318 ξ
944 2289 981 2308 21
1109 2281 1213 2318 16—17
1238 2286 1404 2319 εφιστηκει
1417 2301 1425 2309 .
1442 2301 1449 2309 .
1464 2301 1471 2308 .

148 2331 325 2365 ηφικρατης
337 2323 361 2353 S
447 2324 485 2354 18
502 2323 618 2364 εἰπεῖν]
627 2325 673 2364 τῷ
682 2323 821 2356 εἶπεῖνΑ
903 2334 944 2353 20
957 2322 1125 2355 πιστότατ’
1137 2325 1175 2355 av
1187 2323 1211 2353 S
1223 2322 1248 2351 F
1259 2322 1287 2360 Q
1302 2322 1345 2351 D:
1362 2321 1472 2352 πιστό-

148 2380 247 2398 τατον
261 2366 293 2396 Α
422 2377 464 2397 22
486 2367 547 2407 μὲν
562 2372 641 2398 ante
657 2371 723 2399 τῶν
739 2367 817 2398 add.
837 2366 861 2397 S
878 2367 968 2405 vulg.
988 2378 995 2397 z
1018 2376 1083 2397 om.
1101 2366 1133 2396 A
1260 2375 1300 2403 23
1326 2366 1375 2396 καὶ
1394 2369 1474 2395 ante

149 2408 307 2442 Ἀλκέτου
323 2421 386 2442 om.
403 2409 436 2440 A
572 2421 613 2449 24
635 2410 695 2450 μὲν
713 2421 777 2442 om.
796 2410 820 2441 S
834 2410 856 2440 F
871 2410 901 2449 Q
916 2410 946 2440 D
1080 2411 1122 2439 28
1145 2409 1205 2451 μὲν
1221 2409 1246 2440 S
1259 2409 1284 2438 F
1298 2408 1327 2446 Q
1342 2408 1393 2438 D:
1416 2406 1474 2447 μὲν

148 2454 212 2495 ’γὰρ
225 2452 258 2484 Α
346 2455 392 2494 τῷ
409 2455 503 2495 πατρὶ
520 2455 565 2494 τῷ
583 2455 778 2491 Εὐβουλίδου
791 2453 824 2484 Α
1330 2495 1388 2525 10⁷<
