1763 2778
168 122 270 179 xm]
507 126 669 165 ΚΑΤΑ
719 127 793 164 ΣΤ
806 127 837 164 Ε
851 127 887 163 Φ
900 126 1068 163 ΑΝΟΥ
1116 126 1146 163 Β
1522 119 1655 175 [1134]

169 242 221 294 τῷ
263 239 311 278 τὰ
348 235 531 290 χρήματα
573 238 845 289 ἀποστερῆσαι
885 235 947 276 καὶ
983 239 1036 291 τῷ
1073 236 1399 289 προσοφείλοντα
1434 235 1503 276 τὸν

169 305 320 357 πατέρα
347 303 562 357 ἐγγράψαι·
617 304 702 345 εἶτα
736 307 777 344 δὲ
813 303 902 344 οὐδὲ
939 303 1099 343 ἐδόκουν
1135 304 1203 355 ἐμὲ
1239 304 1337 344 οὕτω
1374 301 1502 344 δεινὸν

169 372 336 413 ἔσεσθαι
361 372 466 413 ὥστε
490 375 613 412 ταῦτα
637 372 812 423 ἀκριβῶς
837 369 1035 421 ἐξετάσαι.

236 438 453 491 Σκέψασθε
478 439 608 480 τοίνυν
626 439 687 479 καὶ
712 438 802 480 τοὺς
822 439 978 489 νόμους,
1006 437 1096 489 παρ’
1121 440 1176 479 ὧν
1202 437 1409 479 κελεύουσι
1433 439 1502 480 τὰς
1525 445 1565 480 18

130 524 148 557 5
170 507 313 559 ἐγγύας
349 508 560 552 ποιεῖσθαι,
588 505 637 547 ἵν’
668 507 796 557 εἰδῆτε
832 505 894 545 καὶ
921 507 962 545 ἐκ
996 505 1145 545 τούτων
1185 505 1234 547 ὡς
1265 521 1499 545 κατεσκευα-

169 573 318 626 σμένης
342 572 529 626 διαθήκης
552 572 702 626 ψευδὴς
726 572 872 625 μάρτυς
898 571 1039 625 γέγονε
1065 572 1269 625 Στέφανος
1295 573 1444 613 οὑτοσί.

756 687 913 717 ΝΟΜΟΣ.

213 761 327 801 'NHV
309 780 354 801 αν
374 763 541 832 ἐγγυήσῃ
562 762 622 801 ἐπὶ
641 763 791 803 δικαιοις
812 763 981 813 δάμαρτα
1002 762 1092 801 εἶναι
1111 780 1135 811 η
1155 779 1279 811 πατηρ
1298 760 1321 811 ἢ
1338 761 1502 810 αδελφὸς

167 818 365 867 ὁμοπάτωρ
398 816 422 867 3}
455 818 607 858 πάππος
641 819 660 856 6
694 819 785 868 πρὸς
818 819 966 868 πατρός,
1004 820 1043 855 ἐκ
1077 818 1212 865 ταύτης
1247 834 1298 855 ειι
1299 834 1336 854 αι
1369 816 1501 856 παῖδας

109 894 149 916 10
166 873 352 924 γνησίους.
412 874 473 910 ἐὰν
493 872 532 911 δὲ
550 872 719 922 μηδεὶς
696 891 730 940 pq
739 873 885 919 τούτων,
907 875 968 911 ἐὰν
991 874 1059 922 μὲν
1080 871 1278 921 ἐπίκληρός
1305 888 1358 911 τις
1381 888 1414 921 η,
1438 869 1501 909 τὸν

144 927 291 977 κύριον
311 927 417 979 ἔχειν,
441 929 502 965 ἐὰν
522 927 561 966 δὲ
579 928 632 979 μὴ
651 926 686 979 ᾐ,
709 928 781 980 ὅτῳ
802 927 846 966 ἂν
866 929 1054 978 ἐπιτρέψῃ,
1079 929 1209 965 τοῦτον
1229 943 1351 975 κῑριον
1372 925 1472 963 εἶναι.

234 1038 365 1081 Οὗτος
392 1040 464 1091 μὲν
499 1039 633 1080 τοίνυν
669 1040 689 1080 6
725 1040 844 1091 νόμος
878 1039 945 1082 οὓς
978 1040 1169 1089 ἐποίησεν
1198 1038 1351 1090 κυρίους
1386 1038 1498 1085 εἶναι,
1524 1059 1567 1095 19

168 1106 372 1157 ἀκηκόατε·
410 1107 470 1147 ὅτι
496 1106 530 1147 δ’
555 1106 681 1150 οὐδεὶς
706 1106 753 1158 ἦν
777 1107 928 1148 τούτων
953 1113 1000 1164 τῇ
1018 1107 1147 1158 μητρί,
1168 1106 1205 1146 οἱ
1222 1105 1417 1146 ἀντίδικοί
1435 1123 1502 1157 μοι

167 1173 278 1214 αὐτοὶ
300 1172 659 1226 μεμαρτυρήκασιν.
731 1176 765 1216 εἰ
794 1177 871 1228 γὰρ
897 1173 958 1225 ἧν,
986 1172 1214 1226 παρείχοντ’
1239 1171 1302 1214 ἄν.
1354 1169 1376 1222 ἦ
1403 1172 1499 1225 μάρ-

110 1261 148 1292 15
168 1257 284 1292 τυρας
305 1242 381 1293 μὲν
397 1244 559 1294 ψευδεῖς
584 1241 710 1283 οἴεσθ’
736 1241 785 1283 ἂν
812 1241 1097 1296 παρασχέσθαι
1125 1241 1188 1281 καὶ
1220 1237 1407 1290 διαθήκας
1432 1240 1501 1280 οὐκ

168 1308 303 1355 οὔσας,
336 1308 514 1361 ἀδελφὸν
550 1311 592 1350 δὲ
629 1305 651 1359 ἢ
689 1308 851 1350 πάππον
880 1307 904 1360 ἢ
940 1308 1092 1361 πατέρα
1119 1308 1190 1348 οὐκ
1220 1307 1279 1353 ἄν,
1317 1308 1425 1359 εἴπερ
1453 1305 1501 1356 ἦν

167 1374 334 1416 δυνατὸν
358 1376 473 1417 ἕνεκα
495 1375 728 1430 χρημάτων;
765 1377 886 1418 ὁπότε
909 1377 1041 1418 τοίνυν
1057 1375 1192 1427 μηδεὶς
1216 1375 1400 1427 φαίνεται
1429 1374 1501 1424 ζῶν

167 1442 328 1490 τούτων,
347 1444 438 1484 τότε
461 1442 614 1496 ἀνάγκη
631 1445 846 1497 ἐπίκληρον
871 1443 943 1495 τὴν
960 1443 1109 1495 μητέρα
1132 1443 1240 1494 ἡμῶν
1260 1441 1373 1483 εἶναι.
1433 1443 1501 1491 τῆς

167 1510 300 1551 τοίνυν
325 1509 538 1563 ἐπικλήρου
558 1515 744 1552 σκοπεῖτε
762 1513 872 1554 τίνας
899 1510 1131 1552 κελεύουσιν
1149 1511 1185 1550 οἱ
1209 1509 1325 1561 νόμοι
1350 1509 1499 1561 κυρίους
1520 1511 1652 1565 [1135]

108 1596 149 1619 20
168 1576 281 1618 εἶναι.
350 1576 447 1631 λέγε
471 1577 540 1619 τὸν
564 1578 698 1630 νόμον.
1520 1595 1565 1620 20

755 1691 911 1722 ΝΟΜΟΣ

222 1767 300 1805 Καὶ
320 1768 384 1806 ἐὰν
403 1768 445 1814 ἐξ
473 1767 674 1817 ἐπικλήρου
693 1784 748 1808 τις
767 1767 919 1819 γένηται
940 1766 999 1804 καὶ
1026 1767 1104 1817 ἅμα
1129 1765 1261 1816 ἡβήσῃ
1289 1764 1349 1802 ἐπὶ
1376 1764 1498 1810 δίετες,

167 1824 313 1873 κρατεῖν
331 1825 402 1860 τῶν
421 1823 630 1874 χρημάτων,
652 1821 717 1861 τὸν
736 1821 776 1861 δὲ
795 1824 902 1860 σῖτον
920 1824 1065 1872 μετρεῖν
1083 1824 1132 1872 τῇ
1150 1821 1272 1870 μητρί.

235 1933 391 1975 Οὐκοῦν
430 1935 451 1975 6
487 1936 561 1987 μὲν
601 1935 721 1986 νόμος
762 1933 914 1975 κελεύει
949 1932 1039 1974 τοὺς
1078 1934 1222 1974 παῖδας
1266 1929 1501 1982 ἡβήσαντας

108 2019 149 2053 ²5
170 2001 320 2053 κυρίους
356 2004 425 2053 τῆς
461 2001 607 2054 μητρὸς
642 2001 756 2048 εἶναι,
786 2001 855 2041 τὸν
887 2002 929 2042 δὲ
959 2004 1073 2040 σῖτον
1101 2003 1259 2051 μετρεῖν
1295 2004 1341 2054 τῇ
1370 1997 1498 2050 μητρί.

169 2068 248 2120 ἐγὼ
277 2070 321 2109 δὲ
353 2070 548 2122 φαίνομαι
575 2068 888 2121 στρατευόμενος
919 2067 981 2107 καὶ
1017 2069 1265 2120 τριηραρχῶν
1299 2067 1404 2116 ὑμῖν,
1435 2065 1501 2105 ὅτε

169 2135 281 2178 οὗτος
306 2134 536 2192 συνῴκησεν
559 2142 606 2194 τῇ
630 2136 760 2189 μητρί.
831 2136 937 2176 ἀλλὰ
961 2134 1038 2185 μὴν
1062 2135 1124 2174 ὅτι
1148 2134 1226 2186 ἐγὼ
1259 2135 1330 2184 μὲν
1356 2130 1498 2181 ἁπεδή-
1521 2150 1560 2175 21

169 2219 268 2253 μουν
307 2208 568 2258 τριηραρχῶν,
609 2202 902 2256 ἐτετελευτήκει
943 2204 984 2243 δὲ
1023 2203 1044 2241 6
1087 2200 1213 2253 πατὴρ
1256 2199 1392 2245 πάλαι,
1436 2199 1500 2239 ὅτε

213 2325 232 2345 2
257 2314 324 2346 εἶτα
340 2314 376 2346 δε
393 2315 417 2346 S
431 2314 462 2354 Q
477 2329 531 2357 γρ.
546 2326 554 2346 :
578 2316 648 2348 εἶτα
663 2315 689 2345 F
702 2314 732 2353 Q
745 2314 776 2345 D
904 2312 927 2344 6
947 2312 1057 2345 οὑτοσί
1074 2311 1098 2342 S
1116 2322 1123 2342 ε
1148 2312 1272 2343 οὑτοσί·
1295 2309 1374 2350 λέγε
1388 2308 1455 2348 FQ
1470 2308 1501 2339 D

173 2369 207 2389 11
233 2356 253 2401 ᾐ
270 2358 334 2389 del.
352 2358 450 2390 Turr.
546 2369 583 2398 15
606 2358 666 2399 μὲν
680 2360 804 2399 ψευδεῖς
820 2355 915 2397 μεν5
979 2354 1059 2387 ἵεσθ’
1077 2357 1115 2387 ἂν
1131 2355 1254 2386 codd.:
1278 2352 1375 2385 οἴεσθ’
1388 2353 1500 2385 αὐτοὺς

169 2402 342 2434 Gebauer-
330 2401 424 2442 -Arg.
444 2414 487 2434 ex
504 2408 612 2434 contr.
632 2414 663 2442 p.
684 2411 757 2440 207,
778 2401 817 2431 cs.
841 2400 941 2431 Dein.
960 2399 969 2429 i
1002 2408 1043 2438 45
1168 2409 1210 2437 23
1233 2402 1310 2438 post
1327 2396 1500 2438 χρημάτων

168 2446 246 2477 addi
265 2447 315 2479 καὶ
333 2446 439 2489 κύριον
455 2447 534 2480 εἶναι
550 2450 608 2485 τῆς
624 2446 744 2487 μητρὸς
760 2445 867 2476 voluit
885 2443 982 2475 Blass
1093 2443 1135 2473 28
1158 2442 1386 2480 τετελευτήκει
1402 2439 1499 2471 codd.

1376 2496 1413 2527 7*
