1763 2778
118 143 193 199 mx]
550 147 712 184 ΚΑΤΑ
761 145 1029 183 ΝΕΑΙΡΑΣ

118 243 472 298 συμμαχεσάμενοι
496 243 567 295 τὴν
593 247 826 285 Πλαταιᾶσι
849 242 982 296 μάχην
1002 242 1065 283 καὶ
1089 241 1158 292 τὴν
1186 243 1226 282 ἐν
1251 244 1447 292 Σαλαμῖνι

117 312 342 367 ναυμαχίαν
364 310 694 364 ναυμαχήσαντες
720 316 828 367 κοινῇ
854 310 1116 361 ποιησάμενοι
1142 308 1337 360 ἀνέθηκαν
1363 309 1445 361 ἀρι-

118 383 253 421 στεῖον
280 383 333 435 τῷ
358 378 587 420 Ἀπόλλωνι
611 377 689 419 ἀπὸ
712 382 790 419 τῶν
813 377 1047 430 βαρβάρων,

277 473 471 523 Ἑλλήνων
490 472 665 524 ἀρχηγός,
686 472 764 510 ἐπεὶ
784 472 947 522 στρατὸν
967 471 1086 509 ὤλεσε
1106 469 1257 520 Μήδων,

77 540 96 572 5
333 529 550 568 Παυσανίας
569 528 700 578 Φοίβῳ
719 526 833 577 μνῆμ’
853 526 1004 575 ἀνέθηκε
1024 525 1119 571 τόδε,

117 622 168 665 ὣς
204 623 322 663 αὑτοῦ
362 625 432 663 τοῦ
465 621 582 675 ἔργου
618 623 730 662 ὄντος
772 621 834 661 καὶ
870 624 938 660 τοῦ
975 619 1236 670 ἀναθήματος,
1275 617 1367 659 ἀλλ’
1404 616 1449 659 οὗ

1470 137 1607 193 [1378]

119 693 248 731 κοινοῦ
282 693 360 730 τῶν
397 687 630 741 συμμάχων·
665 687 936 740 ὀργισθέντων
969 690 1010 727 δὲ
1047 691 1125 726 τῶν
1157 684 1378 736 Ἑλλήνων,
1409 687 1448 726 οἱ
1468 687 1513 732 98

118 760 336 798 Πλαταιεῖς
368 754 618 810 λαγχάνουσι
648 755 758 805 δίκην
791 758 873 796 τοῖς
907 754 1231 805 Λακεδαιμονίοις
1269 754 1323 794 εἷς
1358 752 1448 795 τοὺς

117 823 409 877 Ἀμφικτύονας
444 823 587 876 χιλίων
622 820 829 862 ταλάντων
864 823 960 875 ὑπὲρ
998 825 1076 861 τῶν
1114 820 1346 873 συμμάχων,
1387 820 1449 860 καὶ

58 909 97 932 10
115 889 349 944 ἠνάγκασαν
376 890 515 931 αὐτοὺς
542 888 845 942 ἐκκολάψαντας
869 890 917 929 τὰ
947 891 1105 940 ἐλεγεῖα
1135 887 1356 940 ἐπιγράψαι
1380 889 1450 929 τὰς

116 959 256 1002 πόλεις
288 959 359 1000 τὰς
392 957 657 999 κοινωνούσας
686 960 754 997 τοῦ
790 956 917 1008 ἔργου.
992 955 1039 995 δι’
1076 956 1171 1007 ὅπερ
1208 954 1338 996 αὐτοῖς
1375 954 1449 1008 οὐχ

116 1026 262 1077 ἥκιστα
277 1024 568 1078 παρηκολούθει
585 1024 607 1075 ἡ
626 1024 752 1077 ἔχθρα
768 1020 829 1076 (ἡ)
855 1024 961 1076 παρὰ
978 1023 1297 1072 Λακεδαιμονίων
1319 1022 1381 1061 καὶ
1406 1022 1448 1061 ἐκ

117 1096 185 1134 τοῦ
226 1091 363 1146 γένους
399 1095 469 1132 τοῦ
503 1091 729 1143 βασιλείου.
802 1092 865 1132 καὶ
907 1092 949 1131 ἐν
984 1092 1056 1142 μὲν
1091 1093 1143 1144 τῷ
1180 1089 1345 1139 παρόντι
1380 1088 1449 1129 οὐκ

118 1160 230 1214 εἶχον
260 1159 391 1202 αὐτοῖς
422 1159 445 1199 ὅ
472 1175 510 1200 τι
541 1157 772 1212 χρήσωνται
804 1159 841 1199 οἱ
867 1158 1183 1208 Λακεδαιμόνιοι,
1217 1157 1382 1208 ὕστερον
1407 1156 1450 1196 δὲ

59 1237 96 1271 15
119 1227 170 1270 ὡς
204 1225 450 1278 πεντήκοντα
485 1226 618 1268 ἔτεσιν
654 1226 893 1279 Ἀρχίδαμος
929 1226 950 1264 ὁ
984 1223 1225 1275 Ζευξιδάμου
1257 1225 1446 1263 Λακεδαι-

117 1295 264 1346 μονίων
299 1292 498 1345 βασιλεὺς
534 1292 689 1346 εἰρήνης
720 1294 843 1344 οὔσης
879 1293 1135 1345 ἐνεχείρησεν
1167 1290 1294 1331 αὐτῶν
1332 1307 1446 1330 κατα-

117 1365 262 1413 λαβεῖν
293 1361 366 1412 τὴν
393 1361 525 1402 πόλιν.
597 1359 742 1413 ἔπραξε
772 1363 815 1401 δὲ
846 1359 951 1400 ταῦτ’
977 1361 1020 1400 ἐκ
1054 1361 1210 1410 Θηβῶν
1239 1357 1288 1398 δι’
1324 1357 1446 1409 Εὐρυ-
1469 1366 1515 1403 99

117 1426 249 1483 μάχου
293 1432 364 1470 τοῦ
404 1425 642 1469 Λεοντιάδου
688 1430 1047 1481 βοιωταρχοῦντος,
1093 1422 1335 1477 ἀνοιξάντων
1381 1426 1450 1466 τὰς

118 1496 246 1538 πύλας
274 1498 344 1547 τῆς
375 1495 512 1538 νυκτὸς
545 1495 793 1536 Ναυκλείδου
824 1495 885 1535 καὶ
911 1493 1046 1535 ἄλλων
1069 1497 1187 1534 τινῶν
1211 1492 1295 1544 μετ’
1321 1492 1449 1543 αὐτοῦ,

59 1582 100 1604 20
119 1562 364 1604 πεισθέντων
398 1561 613 1616 χρήμασιν.
686 1562 917 1613 αἰσθόμενοι
951 1561 983 1602 δ’
1016 1562 1052 1602 οἱ
1084 1563 1300 1601 Πλαταιεῖς
1337 1559 1451 1600 ἔνδον

119 1632 235 1673 ὄντας
263 1629 353 1672 τοὺς
383 1629 588 1681 Θηβαίους
625 1631 693 1680 τῆς
726 1628 863 1671 νυκτὸς
888 1627 951 1669 καὶ
984 1627 1169 1679 ἐξαπίνης
1200 1623 1355 1678 [αὐτῶν]
1379 1625 1450 1676 τὴν

119 1698 238 1738 πόλιν
275 1699 318 1738 ἐν
353 1696 487 1753 εἰρήνῃ
530 1696 855 1748 κατειλημμένην,
895 1694 1200 1747 προσεβοήθουν
1238 1695 1299 1734 καὶ
1341 1693 1450 1733 αὐτοὶ

122 1765 184 1805 καὶ
219 1762 519 1806 συνετάττοντο.
591 1765 652 1805 καὶ
685 1764 818 1814 ἐπειδὴ
851 1762 976 1816 ἡμέρα
1002 1762 1160 1815 ἐγένετο
1192 1762 1254 1803 καὶ
1279 1760 1382 1802 εἶδον
1407 1759 1452 1800 οὗ

121 1832 297 1874 πολλοὺς
329 1833 443 1874 ὄντας
477 1831 566 1873 τοὺς
596 1832 817 1882 Θηβαίους,
854 1832 960 1871 ἀλλὰ
989 1830 1079 1872 τοὺς
1112 1830 1287 1882 πρώτους
1323 1828 1451 1868 αὐτῶν

62 1912 100 1943 25
123 1899 433 1950 εἰσεληλυθότας
461 1898 575 1951 (ὕδωρ
604 1900 679 1952 γὰρ
712 1898 926 1951 γενόμενον
959 1899 1027 1948 τῆς
1060 1896 1197 1938 νυκτὸς
1227 1895 1328 1937 πολὺ
1362 1895 1451 1935 ἐκώ·
1472 1888 1608 1946 [1379]

121 1971 246 2007 λυσεν
271 1965 410 2008 αὐτοὺς
434 1964 582 2008 πάντας
614 1967 827 2007 εἰσελθεῖν·
898 1966 918 2004 ὁ
951 1964 1024 2017 γὰρ
1058 1963 1243 2005 Ἀσωπὸς
1275 1961 1452 2014 ποταμὸς

121 2033 245 2086 μέγας
285 2034 400 2086 ἐρρύη
443 2034 504 2074 καὶ
546 2035 733 2084 διαβῆναι
774 2031 818 2073 οὗ
858 2030 989 2086 ῥᾴδιον
1030 2031 1090 2083 ἦν,
1135 2031 1268 2073 ἄλλως
1307 2047 1350 2071 τε
1389 2029 1452 2070 καὶ

124 2098 285 2151 νυκτός),
312 2100 363 2143 ὡς
399 2100 468 2142 οὖν
504 2100 610 2141 εἶδον
645 2102 681 2141 οἱ
718 2103 935 2141 Πλαταιεῖς
969 2099 1060 2140 τοὺς
1087 2100 1293 2149 Θηβαίους
1326 2098 1368 2138 ἐν
1404 2101 1451 2154 τῇ
1475 2115 1542 2140 100

171 2219 184 2239 Ι
212 2212 246 2242 ἐν
262 2212 444 2242 Πλαταιᾶσι
463 2211 542 2249 (·εσι
560 2209 700 2249 Fcorr.)
721 2208 788 2246 FQ
893 2215 1053 2250 σαλαμηνι
1071 2207 1110 2239 Sl
1262 2208 1284 2237 6
1307 2208 1409 2238 αὑτῶν
1428 2205 1452 2235 F

124 2263 210 2284 corr.
230 2252 274 2292 Q¹
409 2264 426 2293 7
451 2253 501 2294 δὲ]
529 2255 566 2291 δὴ
585 2253 719 2283 Dobree
854 2261 892 2282 10
917 2253 1153 2293 ἐκκολάψαντες
1174 2250 1261 2292 Ργρ.
1281 2249 1311 2288 Q
1324 2263 1387 2291 γρ.,
1407 2249 1449 2280 cf.

125 2296 182 2326 lvii
199 2299 251 2335 64,
270 2296 375 2328 Thuc.
394 2297 403 2327 i
424 2306 483 2335 132
500 2308 507 2328 ε
533 2297 724 2337 ἐκκόψαντες
735 2300 812 2327 cett.
877 2295 1033 2336 ἐγγράψαι
1050 2295 1075 2325 F
1086 2308 1136 2337 γρ.
1153 2294 1183 2333 Q
1195 2307 1248 2335 γρ.
1341 2304 1377 2323 12
1399 2291 1454 2335 (ἡ)

125 2342 207 2380 παρὰ
224 2340 320 2371 Blass
456 2350 493 2378 14
517 2342 614 2372 αὐτον
630 2340 668 2371 Sl
687 2351 695 2370 t
718 2341 819 2372 awo?
831 2338 854 2369 S
868 2349 936 2370 rec.
1003 2339 1183 2380 χρήσονται
1202 2348 1218 2368 ι·
1230 2338 1259 2367 D
1348 2337 1451 2369 oc‘om.

126 2382 156 2413 Y
172 2383 201 2412 D
333 2393 370 2414 21
398 2385 501 2416 αὑτῶν
517 2383 639 2414 seclusi
659 2383 736 2414 coll.
762 2383 866 2413 Thuc.
887 2383 908 2412 ii
932 2392 962 2420 3.
986 2392 998 2412 1
1017 2394 1024 2413 ε
1050 2384 1153 2414 αὑτῶν
1171 2383 1230 2419 τὴν
1247 2381 1344 2411 codd.
1363 2391 1369 2410 :
1393 2381 1454 2418 τὴν

126 2429 229 2458 αὑτῶν
260 2426 385 2465 Dyroff
556 2437 596 2465 23
622 2425 849 2468 ἐγίγνετοΡΩ
883 2432 974 2456 recte
1008 2425 1097 2463 sort„
1130 2425 1168 2456 cf.
1194 2425 1301 2455 Thuc.
1333 2425 1353 2454 ii
1378 2433 1407 2463 3.
1433 2433 1453 2461 4

126 2480 166 2509 27
190 2470 290 2511 μέγας
308 2471 394 2512 Ργρ.
411 2470 441 2501 D
456 2481 463 2501 ε
487 2470 571 2511 μέγα
588 2470 612 2501 S
625 2469 663 2500 Ρ)
675 2470 706 2509 Q
798 2470 890 2510 ἐρρύη
905 2469 1004 2510 μέγας
1021 2469 1128 2500 Thuc.
1147 2469 1167 2498 ii
1186 2478 1215 2507 5.
1236 2479 1255 2498 2
