1742 2774
783 307 900 344 XLII

231 414 392 462 ΠΡΟΣ
430 418 795 460 ΦΑΙΝΙΠΠΟΝ
836 417 979 458 ΠΕΡΙ
1020 411 1414 460 ΑΝΤΙΔΟΣΕΩΣ

716 531 933 562 ΎΠΟΘΕΣῙΣ

215 607 260 646 Ο
280 608 348 658 μὲν
367 606 480 659 λόγος
499 607 564 645 οὐκ
584 606 807 657 ἀναφέρεται
825 606 926 657 παρά
948 623 1054 645 τινων
1075 607 1123 647 εἷς
1145 606 1210 646 τὸν
1231 605 1490 655 Δημοσθενην,

162 661 340 701 ὑπόθεσιν
367 661 398 700 δ’
431 679 507 713 εχει
539 662 685 730 ταύτην.
743 661 788 711 ὴν
817 661 1013 713 σύνταγμα
1045 662 1146 711 παρὰ
1178 663 1253 701 τοῖς
1282 659 1491 730 Αθηναίοις

162 717 381 766 τριακοσίων
400 717 540 766 ἀνδρῶν
560 718 652 755 κατὰ
671 716 735 755 τὸν
755 718 919 754 πλοῦτον
940 716 1211 767 ἐξειλεγμένων,
1235 715 1287 756 οἱς
1307 716 1489 754 ἀνέκειντο

161 774 233 810 τῶν
262 774 499 824 λειτουργιῶν
531 771 569 808 αῖ
600 772 774 821 μείζονες
832 771 943 820 νόμος
976 770 1005 808 δ’
1038 771 1155 809 ἐδιδου
1184 774 1235 822 τῷ
1265 770 1489 819 πεπονηκότι
1508 770 1652 826 [1038]

125 835 142 867 5
162 827 301 865 τούτων
317 827 567 872 ὑπεξελθεῖν’
551 843 590 864 εκ
610 828 674 864 τοῦ
701 826 976 894 συντάγματος,
995 842 1025 862 ει
1048 827 1117 864 τιν’
1149 827 1278 863 ἑαυτοῦ
1305 824 1489 863 πλουσιώ-

161 898 268 931 τερον
286 879 510 932 σχολάζοντ’
531 880 745 919 ἐπεδείκνυε.
805 880 864 918 καὶ
885 882 915 918 εἷ
934 882 1002 929 μὲν
1018 881 1038 918 ὁ
1054 880 1286 930 προβληθεὶς
1305 879 1491 931 ὡμολόγει

162 937 436 986 πλουσιωτερος
470 953 572 983 ειναι,
607 937 656 976 εἷς
688 935 772 975 τοίς
806 935 1039 985 τριακοσίους
1073 934 1370 973 ἆιτικαθίστατο·
1404 936 1433 971 εἰ
1462 932 1492 971 δ’

163 991 317 1041 ἠρνεῖτο,
339 991 407 1041 τὴν
425 990 556 1029 οὐσίαν
578 990 826 1028 ἀντεδίδοσαν.
888 992 950 1028 νῦν
969 990 1092 1028 τοίνυν
1112 989 1161 1030 εἷς
1180 992 1251 1028 τῶν
1270 988 1493 1039 τριακοσίων
1512 1001 1532 1025 2

162 1045 407 1095 πεπονηκέναι
435 1046 555 1097 λέγων
585 1045 643 1082 καὶ
669 1044 758 1083 εἶναι
781 1046 893 1094 πένης
920 1045 979 1082 ἐπὶ
1005 1044 1213 1083 Φαίνιππον
1237 1044 1408 1093 ἐλήλυθε,
1434 1043 1492 1081 καὶ

107 1117 145 1140 10
162 1102 227 1149 τῆς
258 1100 387 1140 οὗσίας
421 1102 469 1141 εἷς
498 1100 685 1138 ἀντίδοσιν
716 1101 861 1149 ἥκουσι.
919 1100 1002 1150 περὶ
1031 1099 1069 1138 δὲ
1097 1101 1235 1138 τούτων
1265 1101 1416 1151 ἐγκαλεῖ
1442 1102 1492 1150 τῷ

163 1154 366 1207 Φαινίππῳ,
389 1157 435 1196 ὡς
455 1156 538 1193 οὕτε
556 1156 623 1205 τὴν
644 1155 870 1207 ἀπογραφὴν
888 1157 954 1204 τῆς
978 1154 1106 1195 οὐσίας
1127 1154 1297 1192 δεδωκότι
1318 1155 1410 1192 κατὰ
1428 1154 1493 1193 τὸν

163 1210 400 1260 προσήκοντα
435 1210 569 1261 χρόνον
608 1208 694 1247 ἀλλ’
728 1211 885 1259 ὕστερον
922 1212 1065 1261 πολλῷ,
1100 1210 1147 1247 τοί
1179 1226 1219 1247 τε
1252 1212 1390 1258 σημεῖα
1421 1213 1493 1249 τῶν

163 1265 371 1315 οἰκημάτων
398 1265 608 1315 ἀφῃρηκότι
637 1266 727 1314 ὑπὲρ
756 1267 821 1303 τοῦ
851 1267 1060 1315 ἐκφορῆσαι
1087 1267 1159 1303 τῶν
1185 1264 1288 1303 ἔνδον
1313 1265 1404 1311 τινά,
1434 1264 1493 1303 καὶ

163 1319 302 1372 ψευδῶς
321 1319 487 1369 ὀφείλειν
506 1321 635 1357 πολλὰ
653 1320 906 1371 πλαττομένῳ.

107 1431 145 1462 15
231 1415 377 1456 Πολλὰ
403 1415 555 1468 κάγαθὰ
588 1414 756 1467 γένοιτο,
784 1410 814 1454 ὦ
845 1413 984 1466 ἄνδρες
1018 1416 1215 1464 δικασταί,
1243 1418 1397 1467 πρῶτον
1419 1415 1493 1466 μὲν

163 1482 254 1534 ὑμῖν
282 1480 447 1529 ἅπασιν,
479 1481 615 1523 ἔπειτα
643 1484 686 1523 δὲ
717 1481 779 1522 καὶ
810 1481 964 1523 Σόλωνι
996 1486 1049 1537 τῷ
1082 1480 1398 1534 νομοθετήσαντι
1424 1484 1493 1522 τὸν

163 1549 252 1602 περὶ
276 1553 354 1591 τῶν
379 1550 622 1591 ἀντιδόσεων
650 1550 785 1601 νόμον.
859 1550 892 1590 εἰ
919 1549 971 1600 μὴ
998 1550 1072 1602 γὰρ
1096 1549 1209 1591 οὗτος
1231 1549 1326 1601 ἡμῖν
1350 1553 1493 1602 σαφῶς

164 1616 361 1669 διώρισεν,
395 1618 435 1658 τί
467 1621 622 1670 πρῶτον
651 1620 712 1658 δεῖ
742 1620 868 1657 ποιεῖν
901 1616 991 1658 τοὺς
1024 1617 1331 1659 ἀντιδεδωκότας
1364 1616 1427 1657 καὶ
1455 1617 1498 1657 τί

165 1683 345 1737 δεύτερον
372 1684 433 1725 καὶ
457 1684 589 1726 τᾶλλα
611 1683 646 1725 δ’
671 1684 832 1737 ἐφεξῆς,
860 1684 927 1725 οὐκ
958 1683 1030 1723 οἶδ’
1056 1685 1146 1724 ὅποι
1175 1686 1372 1736 προῆλθεν
1397 1683 1445 1724 ἂν
1470 1683 1492 1734 ἡ

106 1769 146 1791 20
165 1752 319 1792 τουτουὶ
352 1753 581 1793 Φαινίππου
612 1752 753 1803 τόλμα,
789 1752 887 1792 ὅπου
920 1768 966 1804 γε
999 1752 1061 1792 καὶ
1095 1755 1164 1792 νῦν
1193 1750 1348 1792 ἅπαντα
1371 1754 1493 1791 ταῦτα

165 1818 432 1872 προλέγοντος
461 1819 557 1870 ἡμῖν
582 1823 650 1860 τοῦ
675 1819 809 1870 νόμου,
837 1819 942 1870 ὅμως
968 1818 1080 1859 οὐδὲν
1105 1819 1325 1871 φροντίσας
1349 1822 1427 1859 τῶν
1450 1819 1493 1858 ἐν
1513 1811 1655 1866 [1039]

166 1885 266 1942 αὐτῷ
293 1885 574 1940 γεγραμμένων
601 1887 774 1934 δικαίων,
801 1886 888 1927 ἀντὶ
912 1888 983 1937 μὲν
1008 1890 1076 1926 τοῦ
1102 1890 1219 1937 τριῶν
1243 1886 1398 1938 ἡμερῶν
1420 1883 1494 1938 ἀφ’

165 1952 213 2004 ἧς
241 1953 373 2005 ὤμοσε
408 1953 479 2004 τὴν
507 1955 715 2007 ἀπόφασιν
744 1955 882 1995 δοῦναί
909 1970 975 2006 μοι
1010 1956 1080 2005 τῆς
1117 1953 1254 1995 οὐσίας
1281 1955 1350 2004 τῆς
1378 1953 1495 1993 αὑτοῦ

169 2022 265 2061 κατὰ
289 2024 359 2062 τὸν
381 2021 517 2073 νόμον,
544 2018 567 2072 ἢ
594 2023 627 2062 εἰ
650 2021 701 2072 μὴ
728 2020 809 2061 τότ’
829 2021 1038 2072 ἐβούλετο,
1064 2026 1112 2078 τῇ
1137 2019 1173 2072 γ’
1199 2020 1291 2076 ἕκτῃ
1312 2017 1491 2072 (φθίνον-

109 2104 145 2137 25
166 2084 251 2140 τος)
279 2090 413 2129 δοῦναι
444 2091 513 2128 τοῦ
541 2092 840 2142 βοηδρομιῶνος
872 2089 1007 2140 μηνός,
1038 2086 1086 2138 ἣν
1112 2088 1262 2138 δεηθείς
1285 2104 1360 2138 μου
1383 2087 1495 2128 ἔθετο

213 2197 372 2229 Tnums
388 2208 395 2229 ε
421 2199 488 2240 περὶ
506 2198 696 2231 ἀντιδόσεως
712 2209 775 2231 om.
794 2198 819 2229 S

218 2261 251 2282 11
279 2255 352 2285 οὔτε
370 2253 509 2293 Sauppe
525 2264 533 2285 ε
558 2253 627 2286 οὐδὲ
645 2254 745 2285 codd.
864 2263 902 2283 12
927 2252 1061 2295 χρόνον]
1080 2252 1176 2292 νόμον
1193 2251 1217 2283 S
1340 2261 1377 2289 13
1403 2248 1494 2291 ὑπὲρ]

168 2297 217 2328 καὶ
234 2298 302 2338 περὶ
320 2296 345 2328 S
434 2300 623 2340 διαφορῆσαι
639 2297 665 2329 F
738 2318 740 2320 v
756 2311 828 2330 τινα
844 2301 909 2329 τῶν
926 2298 1015 2329 ἔνδον
1032 2296 1056 2327 S
1071 2296 1102 2326 D
1250 2297 1287 2326 16
1310 2296 1366 2326 τὸν
1383 2305 1446 2325 om,
1464 2293 1497 2323 A

170 2349 207 2379 17
232 2343 432 2374 αντιδωσεων
447 2341 485 2372 Sl
640 2351 683 2373 20
705 2341 849 2382 τουτουὶ]
868 2343 925 2373 τοῦ
942 2340 966 2371 S
1071 2353 1109 2380 γε
1128 2339 1293 2370 Dindorf:
1315 2340 1379 2379 γὰρ
1397 2337 1494 2368 codd.

168 2393 209 2457 314
233 2385 267 2424 ’γ’
280 2385 388 2460 (ἔηνΑ
477 2386 642 2428 φθίνοντος
655 2390 735 2426 post
746 2385 824 2428 ἕκτῃ
834 2385 911 2416 add.
924 2383 1100 2416 Thalheim
1114 2396 1121 2423 ;
1146 2387 1224 2423 post
1239 2382 1338 2423 μηνός
1355 2381 1494 2420 Reiske‚

206 2438 285 2459 UUSC
313 2438 351 2459 er
