1746 2774
147 491 164 522 5

126 834 165 856 10

128 1171 163 1202 15

127 1510 166 1532 20

129 1843 166 1873 25

630 112 960 150 ΕΠΙΣΤΟΛΙΙ
997 116 1059 150 ΠΙ
1531 106 1662 162 [1481]

186 212 247 252 καὶ
276 215 398 252 ταῦτα
429 216 496 252 τοῦ
531 215 602 263 μὲν
633 211 858 262 νοσήματος
891 213 1018 256 ὄντος,
1057 215 1132 250 τῶν
1159 209 1191 249 δ’
1226 211 1267 249 ἐν
1298 213 1377 251 τοῖς
1409 212 1510 250 θεοῖς

185 278 534 331 ἀποδεδειγμένων.

253 346 329 386 Καὶ
369 346 446 398 μὴν
485 346 572 386 οὐδὲ
614 346 682 386 τὸν
719 344 878 385 Πυθέαν
914 346 1152 397 παραλείψω
1189 345 1255 384 τὸν
1291 343 1408 396 μέχρι
1444 346 1511 394 τῆς
1534 360 1576 393 29

186 414 358 465 παρόδου
383 414 606 464 δημοτικόν,
633 415 732 464 μετὰ
757 417 878 452 ταῦτα
897 412 929 451 δ’
957 412 1113 462 ἕτοιμον
1140 413 1193 453 εἰς
1223 413 1269 451 τὰ
1297 411 1379 451 καθ’
1405 413 1511 462 ὑμῶν

185 479 324 520 πάντα.
396 481 453 522 τίς
479 482 553 533 γὰρ
578 480 645 520 οὐκ
672 480 776 520 οἶδεν
809 483 958 525 τοῦτον,
986 480 1051 519 ὅτε
1080 481 1152 530 μὲν
1182 479 1252 529 τὴν
1281 480 1378 531 ὑπὲρ
1407 480 1512 529 ὑμῶν

185 546 296 598 τάξιν
320 547 424 600 ἔχων
450 548 504 589 εἷς
528 551 571 587 τὸ
605 547 886 587 πολιτεύεσθαι
915 545 1067 602 παρῃέι,
1091 546 1141 588 ὡς
1172 550 1312 586 δοῦλον
1348 546 1510 585 ἐλαυνό-

183 631 302 665 μενον
328 615 391 655 καὶ
416 614 576 667 γραφὴν
603 614 733 665 ξενίας
753 615 952 666 φεύγοντα
979 614 1040 653 καὶ
1064 617 1202 666 μικροῦ
1228 612 1412 665 πραθένθ’
1437 612 1512 653 ὑπὸ

184 682 332 722 τούτων
361 681 418 723 οῖς
447 685 515 721 νῦν
550 683 753 734 ὑπηρετῶν
787 681 875 722 τοὺς
910 680 992 721 κατ’
1024 682 1117 731 ἐμοῦ
1149 682 1293 733 λόγους
1324 680 1510 732 ἔγραφεν,

186 748 319 799 ἐπειδὴ
347 748 379 788 δ’
407 749 430 788 ἃ
456 749 664 801 κατηγόρει
696 749 784 789 τότε
810 752 887 789 τῶν
913 748 1062 794 ἄλλων,
1089 751 1157 788 νῦν
1194 747 1308 790 αὐτὸς
1339 747 1510 799 πράττει,
1535 762 1580 796 30

185 815 424 867 εὐποροῦντα
443 818 515 866 μὲν
531 817 653 857 οὕτως
672 817 775 856 ὥστε
795 815 851 855 δύ’
872 816 979 868 ἔχειν
1000 816 1167 867 ἑταίρας,
1187 815 1226 855 αἳ
1244 815 1361 868 μέχρι
1388 815 1514 867 φθόης

187 887 316 924 καλῶς
354 887 538 923 ποιοῦσαι
575 884 911 936 προπεπόμφασιν
948 883 1077 928 αὐτόν,
1117 882 1233 923 πέντε
1270 882 1446 922 τάλαντα
1482 881 1513 921 δ’

186 950 366 1002 ὀφλόντα
390 951 485 1005 ῥᾷον
512 951 685 990 ἐκτεῖσαι
710 947 732 1000 ἦ
753 949 869 990 πέντε
895 949 1071 1003 δραχμὰς
1096 949 1144 989 ἂν
1161 949 1285 1000 ἔδειξε
1310 950 1511 1001 πρότερον,

185 1016 281 1069 πρὸς
307 1020 348 1058 δὲ
373 1017 526 1059 τούτοις
555 1017 645 1069 παρ’
675 1019 793 1068 ὑμῶν,
822 1021 888 1057 τοῦ
920 1016 1052 1068 δήμου,
1081 1017 1125 1057 οὐ
1150 1018 1272 1068 μόνον
1305 1019 1372 1067 τῆς
1398 1021 1511 1056 πολι-

185 1085 289 1126 τείας
312 1086 595 1137 μετειληφότα,
618 1083 638 1124 ὃ
664 1084 796 1125 κοινὸν
821 1084 972 1125 ὄνειδός
997 1086 1108 1124 ἐστιν
1134 1084 1296 1130 ἅπασιν,
1320 1085 1425 1124 ἀλλὰ
1453 1084 1514 1123 καὶ

186 1151 316 1192 θύονθ’
350 1153 446 1204 ὑπὲρ
479 1152 585 1203 ὑμῶν
618 1154 687 1193 τὰς
721 1153 904 1205 πατρίους
939 1152 1077 1193 θυσίας
1109 1153 1150 1191 ἐν
1184 1156 1381 1204 Δελφοῖς;
1420 1152 1513 1191 ὅταν
1534 1163 1573 1197 31

186 1218 254 1259 οὖν
279 1222 440 1259 τοιαῦτα
465 1220 527 1260 καὶ
552 1223 766 1270 τηλικαῦτα
791 1222 916 1259 πᾶσιν
937 1220 1031 1259 ἰδεῖν
1055 1218 1079 1274 ᾗ
1106 1219 1415 1271 παραδείγματα,
1445 1218 1512 1271 ἀφ’

186 1287 240 1326 ὧν
275 1286 299 1326 ἃ
333 1290 542 1327 λυσιτελεῖ
575 1286 818 1338 προελέσθαι
854 1289 930 1327 πᾶς
965 1303 1024 1327 τις
1054 1285 1101 1327 ἂν
1136 1287 1273 1337 κρίναι,
1310 1290 1515 1338 φοβοῦμαι
1536 1283 1674 1337 [1482]

185 1351 325 1404 μήποτ’
353 1354 488 1406 ἔρημοι
512 1358 589 1394 τῶν
621 1355 718 1405 ὑπὲρ
746 1354 852 1404 ὑμῶν
878 1354 1071 1406 ε’ρούντων
1104 1353 1287 1406 γένησθε,
1315 1353 1448 1394 ἄλλως
1473 1370 1515 1393 τε

187 1421 249 1460 καὶ
275 1421 369 1461 ὅταν
393 1424 471 1460 τῶν
496 1423 714 1471 δημοτικῶν
738 1420 829 1462 τοὺς
857 1423 929 1472 μὲν
955 1420 977 1471 ἡ
1012 1419 1239 1470 καθήκουσα
1262 1424 1379 1472 μοῖρα
1406 1420 1467 1459 καὶ
1491 1420 1513 1471 ἡ

185 1488 284 1541 τύχη
313 1487 375 1528 καὶ
401 1488 421 1526 ὁ
445 1488 586 1540 χρόνος
612 1490 860 1540 παραιρῆται,
888 1488 970 1527 οῖον
1005 1487 1239 1527 Ναυσικλέα
1265 1488 1327 1527 καὶ
1353 1486 1516 1539 Χάρητα

188 1555 249 1595 καὶ
277 1555 466 1606 Διότιμον
504 1556 565 1595 καὶ
600 1554 813 1595 Μενεσθέα
847 1556 907 1595 καὶ
945 1553 1132 1604 Εὔδοξον,
1160 1555 1217 1594 ἔτι
1242 1555 1274 1593 δ’
1302 1554 1516 1594 Εὐθύδικον

188 1622 250 1662 καὶ
273 1621 500 1674 Ἐφιάλτην
525 1622 587 1662 καὶ
612 1624 852 1675 Λυκοῦργον,
874 1621 963 1663 τοὺς
988 1621 1021 1661 δ’
1036 1623 1146 1672 ὑμεῖς
1170 1624 1361 1673 προῆσθε,
1382 1621 1516 1673 ὥσπερ

1537 1700 1555 1733 La>

1560 1700 1579 1722 ω

187 1690 414 1741 Χαρίδημον
440 1689 501 1729 καὶ
527 1688 731 1729 Φιλοκλέα
757 1691 819 1730 καὶ
840 1688 919 1740 ἐμέ.
980 1690 1034 1729 ὧν
1060 1688 1213 1740 ἑτέρους
1239 1688 1516 1741 εὐνουστέρους

188 1755 267 1796 οὐδ’
294 1757 404 1797 αὐτοὶ
428 1756 617 1807 νομίζετε·
657 1757 689 1796 εἰ
719 1756 749 1796 δ’
776 1757 931 1807 ὁμοίους
956 1755 1077 1802 τινάς,
1106 1756 1149 1795 οὐ
1175 1759 1323 1808 φθονῶ,
1351 1756 1513 1807 βουλοί-

1421 1822 1507 1837 Χ“’Χ

185 1840 263 1874 μην
297 1822 330 1863 δ’
356 1823 416 1870 ἄν,
444 1825 553 1875 εἴπερ
583 1824 692 1874 ὑμεῖς
723 1825 877 1865 δικαίως
910 1823 1042 1865 αὐτοῖς
1071 1823 1341 1876 προσοίσεσθε
1371 1840 1432 1862 και
1461 1841 1514 1874 μη

187 1890 294 1930 ταῦθ’
320 1890 420 1942 ἅπερ
436 1890 547 1940 ἡμεῖς
569 1892 788 1937 πείσονται,
817 1891 867 1932 ὡς
900 1891 1115 1932 πλείστους
1144 1890 1282 1932 αὐτοὺς
1313 1889 1512 1942 γενέσθαι.

234 2010 247 2030 1
268 2000 294 2032 δ’
307 2002 340 2031 ἐν
353 1999 433 2039 Pap.
451 2000 607 2038 (Reiskeffl
627 2012 633 2031 :
651 2000 683 2032 δὲ
699 2001 796 2032 codd.
875 2011 895 2040 3
911 2001 969 2032 τὸν
982 2006 1061 2030 ante
1076 1999 1198 2031 Πυθέαν
1212 2001 1311 2031 codd.
1331 2013 1338 2031 z
1353 2011 1417 2031 om.
1432 1999 1511 2039 Pap.

189 2053 207 2082 5
232 2044 308 2083 ὑπὲρ
325 2045 419 2075 codd.
435 2055 440 2075 :
459 2046 527 2086 περὶ
541 2045 600 2083 (ex
613 2044 694 2083 καθ’)
710 2044 789 2084 Pap.
891 2055 912 2083 9
937 2043 1061 2084 ἐπειδὴ]
1077 2046 1142 2075 ἐπεὶ
1160 2044 1237 2083 Pap.
1329 2047 1393 2076 τῶν
1405 2044 1515 2075 ἄλλων

187 2098 252 2120 om.
270 2088 348 2127 Pap.
464 2098 503 2118 10
526 2089 625 2120 οὕτως
642 2087 741 2128 ὥστε]
758 2102 820 2120 τως
839 2091 878 2120 ὡς
896 2087 975 2127 Pap.
1070 2087 1211 2129 ἑταίρας]
1231 2087 1341 2128 ἑτέρας
1360 2087 1397 2117 S¹
1413 2087 1513 2126 (corr.

189 2141 231 2162 m.
249 2136 346 2171 rec.)‚
368 2130 406 2161 Fl
507 2130 606 2172 φθόης
624 2130 647 2160 S
662 2131 686 2160 F
702 2131 743 2169 Q,
762 2132 929 2170 Harpocr.
945 2142 952 2162 :
977 2134 1057 2172 φθῆς
1073 2131 1096 2160 F
1108 2144 1157 2171 γρ.
1174 2131 1204 2169 Q
1215 2144 1266 2171 γρ.
1282 2142 1289 2161 :
1313 2133 1418 2168 Φυλῆς
1432 2129 1511 2170 Pap.

192 2185 230 2204 12
246 2176 321 2216 ῥξίον
331 2184 387 2212 mg·
399 2175 478 2205 edit.
493 2174 613 2213 Paris„
628 2174 723 2213 Pap:
738 2175 848 2216 ῥᾴδιον
861 2174 884 2204 S
899 2174 923 2204 F
937 2174 967 2213 Q
1060 2176 1201 2205 ἐκτεῖσαι
1214 2174 1267 2206 8¹:
1287 2174 1512 2211 e'mraazvulg.

188 2218 226 2249 ἂν
242 2218 337 2257 ἔδειξε
356 2218 432 2256 Pap.
451 2228 459 2248 ε
483 2217 629 2258 ἀνέξεσθε
647 2218 743 2249 codd.
762 2229 769 2248 :
794 2218 964 2259 ἀνέχεσθαι
986 2218 1111 2248 Reiske
1205 2227 1241 2256 15
1266 2218 1416 2258 πατρίους
1433 2216 1513 2256 Pap.

188 2261 320 2301 (Wolf)
336 2271 343 2291 τ
366 2262 526 2303 πατρῴους
543 2261 639 2292 codd.
754 2262 792 2290 16
815 2264 997 2299 τηλικαῐῖτα
1011 2262 1062 2293 καὶ
1079 2263 1211 2292 τοιαῦτα
1230 2261 1308 2299 Pap.
1432 2270 1469 2298 17
1495 2260 1514 2291 ἃ

188 2306 358 2336 λυσιτελεῖ
378 2304 569 2346 προελέσθαι
596 2304 674 2343 Pap.
691 2316 698 2335 ε
733 2305 924 2337 ἀλυσιτελὲς
949 2304 1141 2346 προελέσθαι
1157 2305 1199 2335 τὰ
1222 2307 1279 2335 τοῦ
1297 2305 1396 2344 δῖ’,μου
1411 2304 1510 2334 codd.

192 2358 229 2386 19
253 2349 302 2379 καὶ
331 2349 408 2379 ὅταν
431 2348 553 2378 codd.:
578 2348 654 2379 ἵταν
679 2347 759 2386 Pap.
909 2358 947 2377 21
974 2347 1143 2379 Εὐθύδικον
1169 2346 1248 2385 Pap,
1278 2347 1446 2384 (Schmidt
1470 2348 1512 2377 ad

190 2391 287 2422 Dein.
320 2391 330 2421 i
356 2392 412 2431 33]
428 2402 436 2422 ε
462 2394 593 2423 Εὔδικον
609 2392 706 2422 codd.
863 2402 902 2430 24
929 2392 1052 2431 ὁμοίους
1071 2391 1094 2420 S
1110 2390 1175 2428 FQ
1190 2389 1270 2429 Pap.
1286 2401 1294 2421 :
1319 2391 1429 2429 ὁμοίως
1448 2401 1511 2428 mg.

189 2435 269 2466 edit.
288 2434 390 2465 Paris.
523 2436 564 2464 26
587 2434 736 2475 γενέσθαι
754 2433 832 2473 Pap.
854 2434 972 2475 (Fuhr)
992 2446 998 2465 z
1021 2433 1212 2474 γενήσεσθαι
1230 2433 1327 2465 codd.
