1763 2778
124 125 260 181 [1374]

217 241 260 283 87

220 736 263 770 88

127 923 259 979 [1375]

218 1329 264 1373 89

217 1863 291 1907 90'

682 123 1204 181 [ΔΗΜΟΣΘΕΝΟΎΣ]
1533 123 1610 179 [ux

282 234 359 270 τῶν
396 232 463 280 τῆς
499 230 664 270 πόλεως.
738 229 800 269 καὶ
836 228 897 268 ὅτι
931 231 1052 268 ταῦτα
1088 228 1210 269 οὕτως
1251 226 1348 281 ἔχει,
1385 230 1454 267 τοῦ
1489 227 1610 278 νόμου

282 297 397 337 αὐτοῦ
423 297 660 339 ἀκούσαντες
686 293 1012 348 ἀναγνωσθέντος
1035 296 1209 336 εἴσεσθε.
1283 296 1348 335 καί
1367 311 1434 346 μοι
1458 293 1576 345 λαβέ.

754 409 900 439 ΝΟΜΟΣ
926 408 1138 438 ΜΟΙΧΕΙΑΣ

337 468 508 506 Επειδὰν
528 468 566 505 δὲ
586 467 654 517 ἕλῃ
672 467 737 505 τὸν
756 467 902 517 μοιχόν,
919 485 972 517 μη
994 468 1130 513 ἐξέστω
1150 470 1200 517 τῷ
1222 466 1345 504 ἑλόντι
1365 469 1546 504 συνοικεῖν
1565 468 1613 517 τῇ

282 540 436 574 ’γῑΨαίΚΙᾺ
466 523 528 559 ἐαν
547 521 584 558 δε
604 526 770 571 συνοικῇ,
795 523 925 571 ἄτιμος
952 522 1057 559 ἔστω.
1115 507 1209 570 μηδιὲ
1232 522 1278 571 Τῇ
1303 538 1446 571 ’γυναικί
1474 522 1611 566 ἐξέστω
1631 538 1648 568 5

284 577 434 615 εἰσιέναι
464 578 511 615 εἷς
540 577 586 613 τὰ
615 577 692 625 ἱερὰ
720 577 765 613 τὰ
793 575 993 624 δημοτελῆ,
1017 576 1074 623 ἐφ
1099 579 1124 626 ᾑ
1149 574 1194 612 ἂν
1220 576 1350 625 μοιχὸς
1375 577 1463 626 ἁλῷ·
1494 577 1557 613 ἐὰν
1582 574 1612 613 δ’

283 632 389 682 εἰσίῃ,
413 631 577 680 νηποινεὶ
596 648 774 681 πασχετω
794 630 813 667 ὃ
834 647 868 667 τι
887 629 930 667 ἂν
950 631 1092 680 πάσχῃ,
1115 629 1216 678 πλὴν
1236 630 1407 668 θανάτου.

350 725 550 776 Βούλομαι
572 725 705 765 τοίνυν
727 724 829 774 ὑμῖν,
857 722 885 764 ὦ
912 723 1050 776 ἄνδρες
1071 722 1287 774 Ἀθηναῖοι,
1317 724 1378 764 καὶ
1398 727 1465 764 τοῦ
1490 722 1612 775 δήμου

283 795 350 832 τοῦ
374 792 595 842 Ἀθηναίων
624 792 840 844 μαρτυρίαν
872 789 1168 844 παρασχέσθαι,
1195 790 1247 832 ὡς
1279 790 1492 841 σπουδάζει
1523 792 1611 843 περὶ

283 858 331 899 τὰ
361 861 445 912 ἱερὰ
476 862 598 898 ταῦτα
621 858 683 898 καὶ
710 858 762 901 ὡς
784 857 943 908 πολλὴν
968 859 1156 910 πρόνοιαν
1180 858 1268 910 περὶ
1293 858 1421 899 αὐτῶν
1445 859 1609 908 πεποίη-

283 944 358 966 ται.
428 926 451 966 ὁ
482 927 557 978 γὰρ
592 928 714 976 δῆμος
742 925 764 965 ὁ
795 924 1018 975 Ἀθηναίων
1051 925 1282 977 κυριώτατος
1312 924 1365 966 ὢν
1395 929 1473 965 τῶν
1497 926 1540 966 ἐν
1565 931 1612 982 τῇ

283 994 399 1034 πόλει
432 992 629 1040 ἁπάντων,
669 992 730 1032 καὶ
767 991 857 1043 ἐξὸν
893 992 996 1047 αὐτῷ
1030 996 1156 1033 ποιεῖν
1193 993 1215 1032 ὅ
1248 1009 1286 1033 τι
1320 991 1369 1032 ἂν
1401 993 1610 1043 βούληται,

283 1062 383 1100 οὕτω
417 1060 539 1101 καλὸν
574 1060 638 1101 καὶ
671 1059 818 1110 σεμνὸν
850 1058 1020 1112 ἡγήσατ’
1052 1060 1152 1100 εἶναι
1181 1062 1305 1110 δῶρον
1330 1059 1375 1100 τὸ
1399 1059 1612 1109 Ἀθηναῖον

282 1127 480 1180 γενέσθαι,
509 1127 615 1168 ὥστε
646 1127 788 1177 νόμους
819 1127 930 1167 ἔθετο
961 1128 1064 1181 αὑτῷ
1096 1126 1180 1166 καθ’
1212 1126 1277 1167 οὓς
1310 1129 1510 1166 ποιεῖσθαι
1539 1128 1610 1172 δεῖ,

282 1193 352 1235 ἐάν
385 1211 475 1235 τινα
507 1194 748 1246 βούλωνται,
788 1194 968 1244 πολίτην,
1007 1193 1044 1234 οἳ
1083 1197 1155 1234 νῦν
1193 1192 1613 1245 προπεπηλακισμένοι

283 1262 386 1302 εἰσὶν
421 1262 498 1302 ὑπὸ
534 1260 743 1314 Στεφάνου
780 1261 933 1301 τουτουὶ
972 1260 1033 1300 καὶ
1069 1264 1146 1300 τῶν
1183 1261 1281 1300 οὕτω
1319 1260 1611 1312 γεγαμηκότων.

1635 878 1673 900 10

1636 1213 1671 1245 15

282 1329 386 1379 ὅμως
412 1328 446 1369 δ’
471 1328 682 1370 ἀκούοντες
708 1328 835 1368 αὐτῶν
854 1329 1041 1378 βελτίους
1068 1327 1228 1373 ἔσεσθε,
1249 1327 1312 1367 καὶ
1338 1329 1386 1366 τὰ
1413 1326 1612 1367 κάλλιστα
1642 1351 1644 1353 -

284 1395 346 1436 καὶ
369 1395 416 1436 τὰ
442 1396 666 1446 σεμνότατα
690 1397 794 1446 δῶρα
819 1399 900 1437 τοῖς
927 1395 1179 1446 εὐεργετοῦσι
1196 1394 1267 1443 τὴν
1292 1394 1410 1434 πόλιν
1430 1394 1612 1444 διδόμενα

282 1463 491 1515 γνώσεσθε
522 1462 572 1504 ὡς
603 1460 904 1512 λελυμασμένοι
932 1462 1048 1502 εἰσίν.
1119 1465 1274 1513 πρῶτον
1297 1463 1369 1511 μὲν
1393 1463 1470 1513 γὰρ
1494 1461 1612 1512 νόμος

284 1529 373 1570 ἐστὶ
395 1533 447 1583 τῷ
474 1528 580 1583 δήμῳ
606 1529 782 1580 κείμενος
805 1528 857 1579 μὴ
883 1528 1029 1580 ἐξεῖναι
1053 1527 1297 1579 ποιήσασθαι
1322 1527 1546 1578 Ἀθηναῖον,
1566 1527 1612 1569 ὃν

283 1596 332 1637 ἂν
363 1596 414 1647 μὴ
446 1596 492 1637 δι’
527 1597 794 1648 ἀνδραγαθίαν
826 1597 882 1638 εἷς
913 1595 981 1636 τὸν
1007 1598 1130 1646 δῆμον
1162 1595 1231 1636 τὸν
1255 1594 1476 1646 Ἀθηναίων
1502 1594 1612 1645 ἄξιον

282 1662 307 1719 ᾗ
335 1663 523 1716 γενέσθαι
555 1665 735 1713 πολίτην.
808 1662 931 1703 ἔπειτ’
960 1664 1120 1703 ἐπειδὰν
1157 1665 1301 1719 πεισθῇ
1338 1663 1358 1701 ὁ
1394 1664 1513 1713 δῆμος
1551 1662 1612 1703 καὶ

283 1733 336 1784 δῷ
360 1730 430 1780 τὴν
457 1729 617 1781 δωρεάν,
645 1731 715 1771 οὐκ
739 1731 785 1785 ἐᾷ
812 1731 944 1785 κυρίαν
969 1729 1157 1782 γενέσθαι
1181 1729 1253 1780 τὴν
1272 1730 1445 1779 ποίησιν,
1467 1731 1536 1770 ἐὰν
1559 1728 1611 1780 μὴ

282 1802 330 1852 τῇ
368 1796 493 1851 ψήφῳ
533 1798 588 1838 εἰς
626 1797 700 1847 τὴν
740 1798 937 1838 ἐπιοῦσαν
982 1797 1201 1846 ἐκκλησίαν
1246 1795 1612 1849 ὑπερεξακισχίλιοι

296 1865 503 1914 Αθηναίων
548 1864 812 1916 ψηφίσωνται
862 1864 1035 1916 κρύβδην
1082 1864 1362 1916 ψηφιζόμενοι.
1432 1863 1523 1906 τοὺς
1570 1865 1612 1904 δὲ

283 1930 490 1982 πρυτάνεις
523 1932 675 1972 κελεύει
708 1930 857 1972 τιθέναι
890 1931 979 1972 τοὺς
1014 1932 1220 1972 καδίσκους
1253 1931 1274 1970 ὁ
1298 1930 1417 1980 νόμος
1451 1931 1512 1970 καὶ
1540 1930 1612 1979 τὴν

282 2000 425 2050 ψῆφον
450 1998 600 2038 διδόναι
619 1999 827 2050 προσιόντι
850 2003 904 2053 τῷ
929 1997 1036 2052 δήμῳ
1064 1999 1153 2049 πρὶν
1172 1997 1260 2040 τοὺς
1278 1997 1412 2048 ξένους
1432 1996 1609 2044 εἰσιέναι,

284 2066 345 2105 καὶ
377 2067 425 2105 τὰ
456 2064 578 2117 γέρρα
609 2066 795 2117 ἀναιρεῖν,
827 2066 891 2106 ἵνα
920 2066 1048 2118 κύριος
1081 2064 1134 2106 ὢν
1166 2064 1281 2107 αὐτὸς
1306 2066 1423 2105 αὑτοῦ
1446 2065 1612 2106 ἕκαστος

334 2182 345 2201 1
372 2175 436 2203 τῶν
452 2183 516 2203 om.
540 2183 555 2202 1·
571 2172 599 2201 D
751 2183 770 2202 2
794 2177 871 2212 post
888 2172 973 2208 λαβέ
989 2173 1065 2203 add.
1084 2173 1141 2204 τὸν
1157 2172 1252 2212 νόμον
1269 2172 1294 2202 F
1307 2172 1358 2210 Q:
1383 2182 1448 2202 om.
1476 2170 1610 2202 SYrD

281 2225 301 2254 3
327 2221 501 2248 MOIXEIA
519 2215 543 2246 S
561 2216 622 2246 litt.
642 2229 689 2247 εια
704 2217 736 2247 in
749 2226 812 2247 ras.
904 2218 925 2246 6
949 2217 1029 2257 ἱερὰῙ
1044 2217 1108 2257 ἱερὰ
1119 2219 1221 2248 ταῦτα
1236 2216 1484 2246 Bckk.Anecd.
1504 2225 1572 2252 140.
1591 2224 1610 2253 3

281 2261 369 2289 6-10
384 2260 425 2290 τὰ
437 2262 598 2298 δημοτελῆ
613 2260 770 2299 usquead
789 2260 853 2299 ἱερὰ
868 2269 932 2290 om.
956 2260 979 2290 S
992 2270 1007 2289 r
1020 2259 1063 2289 Yl
1081 2271 1088 2297 ;
1106 2261 1146 2290 ad
1165 2259 1298 2291 θανάτου
1316 2270 1382 2289 om.
1402 2259 1431 2288 D
1490 2269 1507 2297 7
1527 2259 1609 2296 εἰσίῃ

283 2302 312 2332 Y
326 2313 391 2341 mg.
411 2313 419 2334 :
443 2305 491 2341 εἵη
507 2302 531 2332 F
545 2302 574 2341 Q
701 2313 721 2341 9
737 2304 814 2334 ‘rofi'
833 2303 904 2343 A6.]
923 2306 988 2334 τῶν
1008 2305 1069 2334 Ἀθ.
1090 2303 1115 2333 F
1252 2312 1285 2333 11
1305 2303 1446 2333 alterum
1465 2305 1481 2334 ὁ
1497 2312 1562 2332 om.
1583 2301 1608 2331 F

284 2350 426 2384 αθηναιος
444 2346 468 2376 S
549 2356 584 2384 17
603 2351 680 2376 ante
698 2347 778 2386 ὅμως
796 2346 946 2376 lacunam
965 2347 1081 2377 statuit
1103 2346 1318 2376 Herwerdcn
1410 2345 1609 2378 ἀκούσαντες

284 2389 309 2420 F
325 2399 410 2420 corr.
558 2400 600 2419 ρο
622 2394 666 2430 τῷ
685 2390 772 2430 δήμῳ
789 2400 854 2420 om.
875 2389 917 2419 Y¹
932 2401 946 2420 r
959 2390 988 2419 D
1147 2400 1185 2420 21
1211 2391 1268 2420 τὸν
1285 2388 1367 2430 Ἀθ.]
1385 2392 1450 2420 τῶν
1466 2389 1532 2421 Ἀθ.
1553 2387 1578 2418 F
1593 2396 1610 2417 r

283 2442 324 2472 25
348 2432 518 2471 Ἀθηναίων
535 2433 559 2463 S
571 2433 601 2463 Y
616 2433 645 2462 D
660 2445 667 2463 :
691 2432 849 2472 Ἀθηναῖοι
869 2433 957 2473 vulg.
1051 2433 1092 2462 28
1116 2433 1195 2474 ’γέρα
1212 2432 1236 2463 S
1250 2432 1274 2462 F
1286 2432 1317 2463 D

1635 1542 1674 1564 20

1635 1877 1673 1910 25
