1763 2778
106 154 239 210 ιαμ]
681 152 1165 192 ΔΙΙΜΟΣΘΕΝΟΎΣ
1524 145 1586 202 [ιν

261 255 416 294 τουτονὶ
462 255 605 296 πείσας
647 251 939 304 Καλλικράτην.
1010 250 1144 301 δέομαι
1193 250 1236 301 δὴ
1280 250 1438 292 πάντων
1479 251 1586 300 ὑμῶν

264 322 434 362 ἀκοῦσαί
453 337 528 371 μου
555 320 616 361 καὶ
640 318 856 372 προσέχειν
873 318 941 359 τὸν
957 322 1062 364 νοῦν,
1090 317 1163 371 οὐχ
1195 317 1246 360 ὡς
1274 317 1389 360 αὐτὸς
1422 317 1587 367 δυνησό-

262 405 379 440 μενος
405 389 542 434 εἰπεῖν,
568 386 661 428 ἀλλ’
686 385 735 427 ἵν’
761 387 870 437 ὑμεῖς
896 385 942 436 ἐξ
964 385 1090 426 αὐτῶν
1115 388 1193 426 τῶν
1209 383 1450 439 πραγμάτων
1468 401 1585 425 κατα-

263 455 423 508 μάθητε,
451 456 512 495 ὅτι
536 457 717 507 φανερῶς
743 456 1080 505 συκοφαντοῦμαι.

225 538 245 572 3
324 520 401 563 ἐῈν
441 525 514 574 μὲν
544 521 624 568 οῦν,
664 518 693 560 ὦ
729 520 866 572 ἄνδρες
903 519 1118 570 Ἀθηναῖοι,
1157 518 1253 572 πρὸς
1288 518 1465 561 ἅπαντας
1500 518 1628 564 τοὺς5

264 589 411 630 τούτων
437 589 580 641 λόγους
605 587 775 641 ὑπάρχει
799 604 865 638 μοι
895 589 1056 627 δίκαιον.
1127 586 1170 627 τὸ
1195 588 1270 639 γὰρ
1297 586 1444 640 χωρίον
1475 588 1590 626 τοῦτο

265 656 608 711 περιῳκοδόμησεν
649 655 670 695 ὁ
708 653 834 707 πατὴρ
870 657 1008 706 μικροῦ
1044 655 1125 694 δεῖν
1160 653 1250 705 πρὶν
1286 655 1355 704 ἐμὲ
1389 652 1589 706 γενέσθαι,

268 724 409 773 ζῶντος
431 725 504 774 μὲν
529 722 586 763 ἔτι
603 721 880 763 Καλλιππίδου
895 724 963 761 τοῦ
977 720 1125 761 τούτων
1144 720 1291 772 πατρὸς
1310 720 1372 761 καὶ
1391 722 1589 773 γειτνιῶν-

266 807 344 836 τος,
360 788 402 832 ὃς
418 789 702 842 ἀκριβέστερον
717 788 800 846 ᾔδει
815 787 938 839 δήπου
953 788 1115 834 τούτων,
1132 789 1245 830 ὄντος
1261 789 1302 828 δὲ
1320 785 1592 827 Καλλικλέους

224 871 246 904 4
267 856 406 910 ἀνδρὸς
431 856 502 908 ἤδη
530 856 591 896 καὶ
612 858 892 907 ἐπιδημοῦντος
910 853 1140 906 Ἀθήνησιν.
1212 856 1255 896 ἐν
1269 856 1312 896 δὲ
1335 854 1486 895 τούτοις
1510 857 1593 895 τοῖς
1617 870 1654 891 10

267 924 399 965 ἔτεσιν
415 923 563 965 ἅπασιν
583 923 662 964 οὔτ’
681 925 862 976 ἐγκαλῶν
878 922 1004 965 οὐδεὶς
1025 920 1176 963 πώποτ’
1192 920 1314 973 ἦλθεν
1334 922 1421 962 οὔτε
1438 921 1591 973 μεμφό-

266 1008 384 1042 μενος
405 989 545 1042 (καίτοι
560 992 680 1041 δῆλον
696 991 757 1032 ὅτι
773 990 836 1030 καὶ
854 988 936 1031 τόθ’
951 990 1073 1031 ὕδατα
1088 988 1284 1031 πολλάκις
1310 986 1492 1041 ἐγένετο),
1512 985 1594 1028 οὐδ’

114 1061 244 1117 [1273]
267 1058 468 1099 ἐκώλυσεν
493 1056 539 1109 ἐξ
560 1058 697 1111 ἀρχῆς,
725 1059 833 1109 εἴπερ
858 1057 981 1107 ἠδίκει
1001 1055 1088 1098 τινὰ
1105 1059 1412 1108 περιοικοδομῶν
1429 1056 1449 1095 ὁ
1468 1054 1595 1107 πατὴρ

266 1125 312 1166 τὸ
335 1124 524 1177 ἡμέτερον
548 1126 707 1178 χωρίον,
735 1124 825 1165 ἀλλ’
850 1123 930 1164 οὐδ’
962 1124 1235 1177 ἀπηγόρευσεν
1267 1123 1355 1164 οὐδὲ
1388 1121 1590 1174 διεμαρτύ-

266 1209 375 1245 ρατο,
403 1191 528 1233 πλέον
552 1194 622 1243 μὲν
646 1188 669 1242 ἢ
707 1190 972 1232 πεντεκαιδέκ’
996 1191 1063 1241 ἔτη
1088 1194 1157 1231 τοῦ
1181 1189 1326 1243 πατρὸς
1352 1190 1593 1241 ἐπιβιόντος,
1619 1208 1654 1238 ¹5

229 1276 245 1312 5
267 1259 334 1299 οὐκ
361 1258 511 1300 ἐλάττω
538 1261 579 1300 δὲ
603 1262 671 1299 τοῦ
693 1259 841 1299 τούτων
867 1257 1012 1310 πατρὸς
1036 1259 1329 1298 Καλλιππίδου.
1401 1258 1538 1302 καίτοι,
1565 1254 1595 1296 ὦ

269 1327 524 1372 Καλλίκλεις,
544 1325 635 1377 ἐξῆν
662 1324 786 1376 δήπου
810 1324 892 1365 τόθ’
918 1326 1021 1376 ὑμῖν,
1041 1325 1186 1376 ὁρῶσιν
1206 1323 1593 1375 ἀποικοδομουμένην

267 1393 339 1444 τὴν
363 1392 577 1447 χαράδραν,
605 1394 792 1433 ἐλθοῦσιν
818 1392 930 1434 εὐθὺς
966 1393 1201 1444 ἀγανακτεῖν
1239 1392 1300 1431 καὶ
1327 1390 1463 1443 λέγειν
1497 1389 1591 1442 πρὸς

268 1460 337 1501 τὸν
374 1460 524 1512 πατέρα
564 1462 572 1476 ‘
588 1460 745 1505 Τεισία,
786 1459 826 1500 τί
864 1462 986 1499 ταῦτα
1024 1462 1167 1506 ποιεῖς,·
1206 1459 1480 1509 ἀποικοδομεῖς
1521 1457 1592 1507 τὴν

269 1526 490 1580 χαράδραν;
517 1525 586 1567 εἶτ’
611 1529 844 1578 ἐμπεσεῖται
868 1529 912 1566 τὸ
936 1527 1038 1577 ὕδωρ
1063 1526 1119 1567 εἰς
1142 1525 1187 1566 τὸ
1215 1526 1362 1579 χωρίον
1387 1525 1430 1566 τὸ
1455 1524 1592 1575 ἡμέτε-
1614 1538 1654 1560 20

267 1611 337 1647 pov
353 1593 377 1645 ',
402 1593 451 1635 ἵν’
476 1595 509 1635 εἰ
541 1596 612 1645 μὲν
638 1593 832 1645 ἐβούλετο
855 1593 1101 1640 παύσασθαι,
1132 1596 1253 1644 μηδὲν
1289 1593 1380 1643 ἡμῖν
1416 1591 1464 1642 ἦν
1499 1595 1592 1632 δυσ-

269 1663 384 1714 χερὲς
423 1661 519 1713 πρὸς
557 1659 772 1711 ἀλλήλους,
817 1661 851 1702 εἶ
892 1659 926 1701 δ’
964 1660 1222 1712 ὠλιγώρησεν
1261 1660 1322 1700 καὶ
1367 1658 1517 1710 συνέβη
1559 1674 1596 1698 τι

269 1732 459 1775 τοιοῦτον,
487 1727 680 1780 μάρτυσιν
707 1727 813 1782 εἶχες
837 1731 919 1768 τοῖς
943 1728 1033 1767 τότε
1056 1726 1388 1779 παραγενομένοις
1407 1728 1594 1779 χρῆσθαι.

229 1807 250 1841 6
272 1795 333 1836 καὶ
359 1795 405 1846 νὴ
434 1795 498 1836 Δι’
525 1794 720 1845 ἐπιδεῖξαί
739 1793 787 1847 γε’
812 1793 850 1834 σ’
887 1794 966 1835 ἔδει
984 1797 1106 1835 πᾶσιν
1142 1794 1362 1846 ἀνθρώποις
1395 1793 1596 1847 χαράδραν

270 1861 408 1908 οὖσαν,
435 1863 498 1902 ἵνα
520 1861 571 1913 μὴ
597 1861 706 1916 λόγῳ
731 1862 866 1912 μόνον,
885 1862 1019 1913 ὥσπερ
1039 1864 1119 1910 νῦν,
1138 1860 1229 1901 ἀλλ’
1249 1861 1350 1914 ἔργῳ
1375 1859 1443 1900 τὸν
1462 1858 1595 1911 πατέρ’
1618 1875 1654 1905 25

271 1928 464 1970 ἀδικοῦντ’
491 1928 720 1981 ἀπέφαινες.
793 1928 942 1968 τούτων
977 1929 1108 1968 τοίνυν
1145 1928 1257 1968 οὐδὲν
1285 1926 1434 1968 πώποτ’
1471 1926 1596 1968 οὐδεὶς

318 2048 332 2068 Ι
361 2038 588 2078 Καλλικράτην
604 2037 634 2068 Α
650 2037 736 2078 Ργρ.
754 2035 786 2076 Q
797 2049 848 2078 γρ.
868 2048 876 2068 :
901 2039 1162 2078 Καλλικρατίτην
1179 2036 1202 2067 S
1218 2036 1243 2067 F
1254 2035 1284 2075 Q
1299 2036 1330 2066 D
1460 2046 1479 2075 5
1505 2035 1596 2074 Ἀθη-

270 2082 366 2122 ναῖοι]
385 2082 532 2114 δικασταί
548 2082 632 2122 pr.
648 2081 678 2120 Q
690 2094 742 2122 γρ.
890 2082 911 2111 6
933 2080 1072 2121 τούτων]
1088 2081 1204 2112 τούτου
1219 2080 1250 2110 Λ
1335 2079 1469 2120 ὑπάρχει
1489 2093 1542 2120 μοι
1564 2079 1595 2109 Α

270 2125 296 2156 F
310 2139 362 2166 -γρ,
374 2125 482 2166 Ωγρ.,
499 2125 537 2156 cf.
554 2128 569 2163 ξ
589 2136 644 2163 14:
668 2125 847 2167 παρέχομαι
861 2124 886 2155 S
897 2124 922 2155 F
936 2124 965 2162 Q
981 2124 1009 2153 D
1103 2125 1123 2155 8
1140 2127 1197 2155 τοῦ
1212 2123 1350 2164 τούτων]
1364 2126 1480 2155 τούτου
1497 2125 1554 2154 τοῦ
1572 2122 1597 2153 S

270 2180 292 2208 9
308 2168 422 2209 δήπου]
437 2182 496 2200 που
507 2169 537 2198 Α
629 2179 641 2199 1
652 2178 663 2198 1
682 2168 881 2209 μεμψόμενος
900 2168 1013 2198 Nabcr
1104 2177 1141 2197 12
1163 2168 1288 2207 ἐγίνετο
1302 2167 1332 2197 Α
1392 2169 1460 2198 οὐδ’
1473 2166 1573 2196 Blass
1588 2177 1596 2196 τ

271 2213 338 2244 οὔτ’
352 2212 376 2242 S
388 2212 413 2242 F
428 2212 458 2250 Q
473 2212 501 2241 D
516 2223 523 2242 ε
547 2213 596 2243 καὶ
609 2211 674 2243 οὔτ’
689 2212 719 2242 Α
812 2222 847 2250 14
866 2211 1018 2252 ἡμέτερον
1031 2220 1092 2241 om.
1108 2210 1138 2240 A
1231 2220 1267 2248 15
1291 2213 1488 2246 ἐπιβιοῦντος
1499 2210 1594 2240 codd.

274 2257 379 2294 15-16
402 2255 502 2287 πλέον
525 2277 532 2284 -
558 2279 564 2286 .
590 2279 597 2285 .
623 2255 842 2287 Καλλιππίδου
866 2260 940 2294 post
962 2254 1130 2292 Ἀθήνησιν
1155 2254 1226 2289 (1οἲ
1255 2260 1382 2292 transp.
1410 2253 1517 2286 Blass.
1545 2254 1595 2285 καὶ

272 2304 352 2329 ante
368 2299 470 2331 πλέον
489 2299 611 2334 addito,
627 2298 660 2329 δὲ
683 2304 760 2338 post
784 2301 818 2330 ἐν
840 2299 954 2329 deleto
1089 2298 1128 2328 16
1152 2299 1374 2329 Καλλιππίδου
1398 2297 1477 2327 secl.
1499 2296 1597 2326 Blass

276 2352 313 2381 17
331 2341 397 2374 τόθ’
415 2342 462 2372 S:
486 2344 535 2374 καὶ
552 2341 684 2374 τόθἈΞ
708 2341 797 2373 τοῦτ’
813 2341 900 2381 vulg.
1040 2350 1078 2380 19
1100 2346 1210 2372 Τισεια
1228 2341 1251 2371 S
1377 2350 1413 2370 21
1443 2342 1514 2378 ὑμῖν
1529 2340 1553 2370 S
1566 2339 1596 2369 D

273 2386 312 2424 ἦν
330 2386 453 2417 Turn:
477 2399 497 2424 η
516 2385 559 2416 S:
585 2384 608 2427 ᾗ
625 2385 713 2424 vulg.
742 2387 835 2424 (post
856 2385 1020 2423 ἀλλήλους
1041 2384 1088 2420 Λ)
1222 2394 1264 2413 22
1287 2383 1353 2423 καὶ]
1377 2382 1458 2425 κᾷτα
1482 2383 1596 2413 Naber

274 2439 314 2468 23
338 2429 407 2470 εἶχε
422 2429 454 2459 Α
541 2429 722 2470 χρήσασθαι
733 2428 764 2458 Α
873 2438 914 2467 24
938 2428 977 2469 -γέ
990 2440 1026 2459 σε
1042 2427 1174 2458 Dobree
1190 2438 1197 2458 ι
1221 2440 1257 2459 σε
1275 2426 1299 2457 S
1319 2427 1408 2466 vulg.
1424 2438 1431 2458 :
1457 2427 1496 2458 σε’
1509 2440 1547 2467 ’γε
1563 2426 1596 2457 Α
