1763 2778
142 114 284 172 [1442]

271 1594 290 1628 3

153 1640 289 1696 [1443]

709 111 1190 151 ΔΗΜΟΣΘΕΝΟΎΣ

303 214 463 271 ᾠήθητε,
504 215 604 255 οὕτω
646 213 708 254 καὶ
743 211 814 253 τὸν
850 211 974 263 λόγον
1013 209 1107 261 ἀξιῶ
1146 208 1215 250 τὸν
1255 208 1460 261 εἰρημένον
1498 207 1545 259 ἐξ
1577 208 1631 249 ὧν

303 283 501 322 ἀντειπεῖν
532 281 643 331 ἡμεῖς
680 279 824 334 ἔχομεν
857 276 1148 330 σκεψαμένους,
1184 278 1252 317 ἐὰν
1283 278 1356 327 μὲν
1389 273 1631 327 συμφέρονθ’

305 349 452 401 εὕρητε,
474 350 602 404 ἀγαθῇ
627 347 728 403 τύχῃ
753 346 973 391 πείθεσθαι,
995 344 1042 385 ἂν
1059 344 1091 383 δ’
1111 343 1169 396 ἄρ’
1190 344 1339 384 ἕκαστα
1362 341 1633 395 λογιζομένοις

306 415 558 466 ἀλλοιότερος
589 419 710 470 φανῇ,
739 413 829 465 πρὶν
855 414 1041 464 ἁμαρτεῖν
1064 409 1525 462 μεταβουλευσαμένους,
1551 412 1633 450 τοῖς

305 484 428 535 ὀρθῶς
454 482 618 536 ἔχουσιν
643 479 887 535 χρήσασθαι.

934 583 1001 620 ΑΓ

374 658 567 699 Μάλιστα
590 657 675 710 μέν,
704 656 733 698 ὦ
759 657 897 709 ἄνδρες
923 655 1139 707 Ἀθηναῖοι,
1167 654 1392 706 βουλοίμην
1417 652 1465 694 ἂν
1489 653 1585 704 ὑμᾶς
1612 652 1636 693 ἃ

306 726 441 777 μέλλω
467 725 601 778 λέγειν
617 727 841 775 πεισθῆναι·
881 725 913 764 εἰ
933 723 966 765 δ’
984 723 1061 776 ἄρα
1079 721 1182 763 τοῦτ’
1204 721 1310 777 ἄλλῃ
1329 738 1382 777 πῃ
1403 721 1632 771 συμβαίνοι,

308 796 459 848 ἐμαυτῷ
485 793 521 845 γ’
546 791 594 833 ἂν
619 793 800 845 εἰρῆσθαι
826 790 900 843 πρὸ
926 790 1074 833 παντὸς
1103 789 1201 830 αὐτὰ
1225 787 1424 839 δεξαίμην.
1487 787 1575 828 ἔστι
1600 786 1633 827 δ’

307 861 353 902 οὐ
377 861 513 913 μόνον,
533 860 584 902 ὡς
609 863 725 906 δοκεῖ,
747 858 792 899 τὸ
816 857 912 911 πρὸς
936 859 1035 909 ὑμᾶς
1060 859 1185 898 εἰπεῖν
1203 855 1382 911 χαλεπὸν
1407 857 1455 896 τὰ
1480 854 1632 902 δέοντα,

308 929 414 969 ἀλλὰ
440 928 502 968 καὶ
528 926 611 967 καθ’
637 926 754 967 αὑτὸν
780 925 1056 977 σκοπούμενον
1082 926 1222 977 εὑρεῖν.
1293 923 1407 976 γνοίη
1433 922 1465 963 δ’
1490 922 1538 963 ἄν
1562 939 1634 969 τις,

308 997 341 1037 εἰ
377 995 429 1046 μὴ
465 994 533 1035 τὸν
568 995 692 1047 λόγον
727 994 836 1045 ὑμᾶς,
877 992 984 1034 ἀλλὰ
1023 994 1070 1033 τὰ
1111 989 1307 1044 πράγματ’
1345 989 1410 1043 ἐφ’
1447 991 1501 1030 ὧν
1544 991 1638 1031 ε’στε

310 1062 538 1116 σκέψεσθαι
561 1063 734 1113 νομίσαι,
763 1062 825 1102 καὶ
854 1062 980 1102 πλείω
1012 1058 1190 1109 σπουδὴν
1214 1062 1282 1098 τοῦ
1312 1061 1440 1098 δοκεῖν
1465 1057 1638 1108 ἐπιεικὴς

311 1130 410 1171 εἶναι
435 1126 458 1181 ἢ
483 1133 552 1170 τοῦ
575 1129 700 1171 δεινὸς
724 1130 848 1169 εἰπεῖν
875 1129 1049 1180 φανῆναι
1075 1130 1240 1168 ποιοῖτο.
1305 1126 1380 1178 ἐγὼ
1407 1127 1500 1177 γοῦν
1523 1123 1638 1175 (οὕτω

308 1199 350 1238 τί
364 1214 430 1248 μοι
456 1196 604 1249 ἀγαθὸν
623 1194 792 1249 γένοιτο)
815 1194 949 1245 ἐπειδὴ
976 1194 1064 1246 περὶ
1096 1198 1174 1234 τῶν
1199 1193 1405 1244 παρόντων
1431 1190 1542 1249 ἐπῄει
1572 1209 1638 1243 μοι

311 1268 489 1311 σκοπεῖν,
515 1264 654 1316 λόγοις
681 1265 752 1314 μὲν
781 1262 843 1302 καὶ
874 1261 968 1313 μάλ’
1005 1261 1212 1314 ἀφθόνοις,
1239 1260 1306 1302 οὓς
1335 1260 1403 1300 οὐκ
1437 1259 1484 1300 ἂν
1514 1260 1639 1310 ἀηδῶς

309 1331 463 1382 ἠκούεθ’
496 1332 616 1382 ὑμεῖς,
649 1329 922 1383 ἐνετύγχανον.
997 1329 1059 1370 καὶ
1088 1330 1163 1382 γὰρ
1201 1327 1252 1370 ὡς
1288 1328 1525 1368 δικαιότατοι
1561 1330 1640 1367 τῶν

310 1397 519 1449 Ἑλλήνων
544 1396 651 1444 ε’στέ,
678 1396 795 1438 πολλ’
821 1394 940 1449 <ὅντ’>
966 1397 1091 1437 εἰπεῖν
1123 1395 1185 1436 καὶ
1215 1395 1346 1447 ἑώρων
1372 1395 1434 1434 καὶ
1458 1395 1549 1447 ὁρῶ,
1578 1393 1640 1434 καὶ

312 1466 363 1508 ὡς
388 1466 561 1518 ἀρίστων
579 1465 800 1518 προγόνων,
824 1464 886 1504 καὶ
912 1464 1045 1504 πολλὰ
1069 1466 1242 1504 τοιαῦτα.
1291 1461 1398 1502 ἀλλὰ
1423 1465 1544 1502 ταῦτα
1567 1463 1640 1513 μὲν

311 1533 379 1574 τὸν
412 1534 558 1587 χρόνον
590 1533 762 1584 ἡσθῆναι
797 1530 1009 1582 ποιήσανθ’
1042 1531 1142 1571 ὅσον
1173 1529 1221 1571 ἂν
1253 1530 1366 1588 ῥηθῇ,
1399 1531 1499 1581 μετὰ
1534 1527 1640 1570 ταῦτ’

312 1602 476 1654 οἴχεται·
515 1603 575 1641 δεῖ
607 1602 648 1641 δὲ
685 1598 862 1652 πράξεώς
895 1615 1001 1640 τινος
1030 1597 1098 1639 τὸν
1128 1597 1300 1650 λέγοντα
1335 1599 1510 1650 φανῆναι
1543 1596 1641 1647 σύμ-

311 1672 476 1719 βουλον,
518 1666 566 1708 δι’
605 1666 652 1718 ἣν
693 1667 753 1707 καὶ
791 1664 891 1717 μετὰ
929 1665 1035 1706 ταῦτ’
1076 1667 1225 1718 ἀγαθοῦ
1260 1682 1365 1707 τινος
1401 1665 1491 1716 ὑμῖν
1527 1663 1641 1704 ἔσται

313 1736 521 1791 παρουσία.
575 1738 688 1775 τοῦτο
713 1732 746 1774 δ’
771 1733 842 1785 ἤδη
870 1733 932 1774 καὶ
958 1733 1131 1773 σπάνιον
1160 1732 1223 1773 καὶ
1250 1735 1430 1786 χαλεπὸν
1455 1747 1639 1783 πεπειρα-

312 1801 430 1853 μένος
455 1800 526 1842 οἶδ’
551 1799 595 1842 ὂν
622 1802 760 1853 εὑρεῖν.
817 1801 907 1841 οὐδὲ
937 1799 1014 1852 γὰρ
1047 1800 1236 1850 αὔταρκες
1267 1799 1312 1839 τὸ
1346 1800 1441 1840 ἰδεῖν
1475 1800 1563 1839 ἐστι
1594 1797 1643 1838 τὰ

314 1872 486 1915 τοιαῦτα,
513 1868 561 1909 ἂν
585 1868 637 1920 μὴ
664 1869 727 1909 καὶ
752 1869 892 1909 πεῖσαί
907 1884 965 1909 τις
994 1866 1083 1909 τοὺς
1118 1866 1429 1918 συναρουμένους
1455 1867 1551 1917 ὑμᾶς
1577 1868 1639 1906 δυ-

315 1939 425 1993 νηθῇ.
497 1937 541 1977 οὗ
574 1935 651 1986 μὴν
677 1934 767 1976 ἀλλ’
794 1934 888 1986 ἐμὸν
912 1937 983 1985 μὲν
1010 1934 1127 1986 ἔργον
1153 1934 1278 1974 εἰπεῖν
1303 1934 1400 1976 ἴσως
1433 1933 1457 1974 ἃ
1488 1931 1642 1974 πέπεικ’

315 2005 482 2054 ἐμαυτὸν
520 2001 752 2055 συμφέρειν,
795 2001 984 2055 ὑμέτερον
1025 1999 1059 2042 δ’
1100 2001 1348 2043 ἀκούσαντας
1391 2003 1530 2053 κρῖναι,
1572 1999 1643 2040 κᾶν

316 2070 477 2127 ἀρέσκῃ,
504 2073 688 2124 χρῆσθαι.

360 2190 379 2210 2
404 2179 513 2220 ἕξομεν
531 2179 555 2209 F
568 2188 652 2210 corr.
815 2189 836 2218 9
861 2179 941 2211 αὐτὰ
958 2189 974 2209 r
991 2177 1121 2217 (Blass)
1138 2188 1144 2208 :
1170 2178 1247 2209 αὐτὸ
1263 2181 1341 2208 cett.
1505 2185 1542 2206 12
1568 2179 1643 2208 ἐστε

316 2223 436 2254 Wolf:
475 2225 544 2255 ἐστι
583 2223 679 2254 codd.
825 2233 862 2260 13
888 2222 1063 2262 σκέψεσθαι
1103 2232 1118 2252 ι·
1158 2221 1285 2261 (Blass]
1302 2232 1309 2251 :
1348 2219 1526 2261 σκέψασθαι
1563 2225 1642 2251 cett.

317 2267 470 2305 βούλοιτο
486 2268 610 2306 νομίσαι
627 2277 644 2296 r
777 2276 814 2303 14
839 2269 945 2298 δεινῶς
959 2265 983 2297 S
994 2275 1078 2296 corr.
1098 2265 1217 2296 Fcorr.
1237 2264 1268 2303 Q
1397 2274 1432 2302 15
1456 2265 1487 2296 τί
1500 2277 1552 2302 μοι
1565 2268 1644 2294 ante

317 2312 438 2351 ἀγαθὸν
449 2310 472 2341 S
488 2311 566 2349 vulg
580 2321 586 2340 :
611 2314 687 2348 post
703 2310 823 2351 ἀγαθὸν
839 2319 856 2340 r
966 2319 1002 2348 17
1027 2309 1188 2346 ἠκούσατε
1204 2318 1220 2338 ι·
1328 2308 1366 2338 18
1388 2306 1502 2350 (ὄντα)
1518 2307 1642 2346 addidi,

318 2355 359 2386 cf.
389 2355 469 2394 Lys.
498 2354 544 2384 xii
572 2363 613 2392 95
729 2365 771 2385 20
793 2354 876 2394 μετὰ
900 2363 915 2382 r
937 2352 1081 2390 Vindob.
1108 2363 1127 2391 4
1154 2351 1367 2392 (Schaeserk
1393 2352 1475 2390 μετὰ
1501 2350 1534 2382 δὲ
1563 2355 1641 2381 cett.

319 2409 360 2430 22
385 2399 459 2438 ἡμῖν
476 2397 499 2428 S
513 2408 528 2427 x·
541 2397 606 2427 FY
621 2397 688 2428 DC
822 2407 863 2436 23
887 2395 913 2428 δ’
932 2398 993 2435 ἤδη
1011 2395 1150 2434 Svulg.‚
1169 2395 1209 2426 cf.
1231 2396 1289 2426 xix
1310 2405 1358 2434 19,
1375 2394 1432 2426 Ar.
1451 2394 1536 2426 Ach.
1555 2403 1641 2434 315:

319 2444 357 2481 δὴ
375 2452 390 2472 1·
493 2451 533 2480 25
559 2439 806 2481 συναρουμένους
824 2440 952 2470 Reiske
967 2452 972 2471 :
998 2438 1240 2481 συναιρομένους
1268 2439 1391 2478 Svulg.
1408 2449 1415 2468 z
1441 2436 1642 2479 συιαιρουμέ-

319 2499 390 2520 vous
408 2485 447 2516 F1
465 2485 566 2516 Coisl.
583 2495 646 2524 339
765 2486 806 2515 28
830 2485 1012 2526 χρήσασθαι
1032 2483 1128 2514 Blass

1657 875 1697 898 10

1662 1210 1698 1242 Ῑ5

1663 1545 1702 1568 20

1663 1880 1703 1914 ²5
