<?xml version="1.0" encoding="UTF-8"?>
<!DOCTYPE html PUBLIC "-//W3C//DTD XHTML 1.0 Transitional//EN"
    "http://www.w3.org/TR/xhtml1/DTD/xhtml1-transitional.dtd">
<html xmlns="http://www.w3.org/1999/xhtml" xml:lang="en" lang="en">
 <head>
  <title>
</title>
<meta http-equiv="Content-Type" content="text/html;charset=utf-8" />
  <meta name='ocr-system' content='tesseract 3.04.00' />
  <meta name='ocr-capabilities' content='ocr_page ocr_carea ocr_par ocr_line ocrx_word'/>
</head>
<body>
  <div class='ocr_page' id='page_1' title='image "./orationesrecog03demouoft_0318.png"; bbox 0 0 1763 2778; ppageno 0'>
   <div class='ocr_carea' id='block_1_1' title="bbox 101 114 238 169">
    <p class='ocr_par' dir='ltr' id='par_1_1' title="bbox 101 114 238 169">
     <span class='ocr_line' id='line_1_1' title="bbox 101 114 238 169; baseline 0 0"><span class='ocrx_word' id='word_1_1' title='bbox 101 114 238 169; x_wconf 78' lang='lat'><strong>[1347]</strong></span> 
     </span>
    </p>
   </div>
   <div class='ocr_carea' id='block_1_2' title="bbox 666 110 1588 169">
    <p class='ocr_par' dir='ltr' id='par_1_2' title="bbox 666 110 1588 169">
     <span class='ocr_line' id='line_1_2' title="bbox 666 110 1588 169; baseline -0.009 -13"><span class='ocrx_word' id='word_1_2' title='bbox 666 111 1189 169; x_wconf 68' lang='grc' dir='ltr'>[ΔΙΙλῙΟΣΘΕΝΟΎΣ]</span> <span class='ocrx_word' id='word_1_3' title='bbox 1512 110 1588 166; x_wconf 74' lang='lat' dir='ltr'>[mx</span> 
     </span>
    </p>
   </div>
   <div class='ocr_carea' id='block_1_3' title="bbox 261 214 1589 336">
    <p class='ocr_par' dir='ltr' id='par_1_3' title="bbox 261 214 1589 336">
     <span class='ocr_line' id='line_1_3' title="bbox 261 214 1589 268; baseline -0.002 -11"><span class='ocrx_word' id='word_1_4' title='bbox 261 217 422 258; x_wconf 88' lang='grc' dir='ltr'>πώποτε</span> <span class='ocrx_word' id='word_1_5' title='bbox 445 215 514 268; x_wconf 81' lang='grc' dir='ltr'>ὑφ’</span> <span class='ocrx_word' id='word_1_6' title='bbox 541 216 650 267; x_wconf 86' lang='grc' dir='ltr'>ἡμῶν</span> <span class='ocrx_word' id='word_1_7' title='bbox 674 215 920 267; x_wconf 84' lang='grc' dir='ltr'>ἠδικημένος.</span> <span class='ocrx_word' id='word_1_8' title='bbox 989 218 1071 256; x_wconf 81' lang='grc' dir='ltr'>τοῖς</span> <span class='ocrx_word' id='word_1_9' title='bbox 1095 216 1167 265; x_wconf 79' lang='grc' dir='ltr'>μὲν</span> <span class='ocrx_word' id='word_1_10' title='bbox 1193 214 1261 254; x_wconf 75' lang='grc' dir='ltr'>οὖν</span> <span class='ocrx_word' id='word_1_11' title='bbox 1279 216 1482 255; x_wconf 79' lang='grc' dir='ltr'>δικασταῖς</span> <span class='ocrx_word' id='word_1_12' title='bbox 1507 217 1589 255; x_wconf 85' lang='grc' dir='ltr'>τοῖς</span> 
     </span>
     <span class='ocr_line' id='line_1_4' title="bbox 262 279 1588 336; baseline -0.004 -12"><span class='ocrx_word' id='word_1_13' title='bbox 262 285 352 325; x_wconf 87' lang='grc' dir='ltr'>τότε</span> <span class='ocrx_word' id='word_1_14' title='bbox 384 283 576 325; x_wconf 81' lang='grc' dir='ltr'>δικάσασι</span> <span class='ocrx_word' id='word_1_15' title='bbox 607 282 766 333; x_wconf 78' lang='grc' dir='ltr'>πολλὴν</span> <span class='ocrx_word' id='word_1_16' title='bbox 799 282 917 336; x_wconf 80' lang='grc' dir='ltr'>χάριν</span> <span class='ocrx_word' id='word_1_17' title='bbox 955 280 1052 322; x_wconf 91' lang='grc' dir='ltr'>κατά</span> <span class='ocrx_word' id='word_1_18' title='bbox 1087 299 1131 334; x_wconf 91' lang='grc' dir='ltr'>γε</span> <span class='ocrx_word' id='word_1_19' title='bbox 1169 284 1282 321; x_wconf 85' lang='grc' dir='ltr'>τοῦτο</span> <span class='ocrx_word' id='word_1_20' title='bbox 1319 281 1411 334; x_wconf 81' lang='grc' dir='ltr'>ἔχω,</span> <span class='ocrx_word' id='word_1_21' title='bbox 1449 282 1509 320; x_wconf 84' lang='grc' dir='ltr'>ὅτι</span> <span class='ocrx_word' id='word_1_22' title='bbox 1544 279 1588 319; x_wconf 84' lang='grc' dir='ltr'>οὗ</span> 
     </span>
    </p>
   </div>
   <div class='ocr_carea' id='block_1_4' title="bbox 103 347 1587 411">
    <p class='ocr_par' dir='ltr' id='par_1_4' title="bbox 103 347 1587 411">
     <span class='ocr_line' id='line_1_5' title="bbox 103 347 1587 411; baseline -0.006 -15"><span class='ocrx_word' id='word_1_23' title='bbox 103 356 241 411; x_wconf 73' lang='lat'><strong>[1348]</strong></span> <span class='ocrx_word' id='word_1_24' title='bbox 263 354 460 404; x_wconf 80' lang='grc' dir='ltr'>περιεῖδον</span> <span class='ocrx_word' id='word_1_25' title='bbox 501 351 619 391; x_wconf 79' lang='grc' dir='ltr'>αὐτὸν</span> <span class='ocrx_word' id='word_1_26' title='bbox 657 349 974 403; x_wconf 77' lang='grc' dir='ltr'>ἀναρπασθέντα,</span> <span class='ocrx_word' id='word_1_27' title='bbox 1015 347 1107 389; x_wconf 88' lang='grc' dir='ltr'>ἀλλ’</span> <span class='ocrx_word' id='word_1_28' title='bbox 1155 350 1348 399; x_wconf 87' lang='grc' dir='ltr'>ἐτίμησαν</span> <span class='ocrx_word' id='word_1_29' title='bbox 1379 347 1587 394; x_wconf 84' lang='grc' dir='ltr'>ταλάντου,</span> 
     </span>
    </p>
   </div>
   <div class='ocr_carea' id='block_1_5' title="bbox 220 484 992 538">
    <p class='ocr_par' dir='ltr' id='par_1_5' title="bbox 220 484 992 538">
     <span class='ocr_line' id='line_1_6' title="bbox 220 484 992 538; baseline -0.003 -12"><span class='ocrx_word' id='word_1_30' title='bbox 220 497 242 531; x_wconf 90' lang='grc'>9</span> <span class='ocrx_word' id='word_1_31' title='bbox 263 485 404 537; x_wconf 84' lang='grc' dir='ltr'>ἔρανον</span> <span class='ocrx_word' id='word_1_32' title='bbox 428 484 738 538; x_wconf 82' lang='grc' dir='ltr'>ἐνεχειρήσαμεν</span> <span class='ocrx_word' id='word_1_33' title='bbox 767 486 992 525; x_wconf 82' lang='grc' dir='ltr'>ἀποδοῦναι.</span> 
     </span>
    </p>
   </div>
   <div class='ocr_carea' id='block_1_6' title="bbox 263 413 1591 470">
    <p class='ocr_par' dir='ltr' id='par_1_6' title="bbox 263 413 1591 470">
     <span class='ocr_line' id='line_1_7' title="bbox 263 413 1591 470; baseline -0.003 -12"><span class='ocrx_word' id='word_1_34' title='bbox 263 419 367 459; x_wconf 82' lang='grc' dir='ltr'>ὥστε</span> <span class='ocrx_word' id='word_1_35' title='bbox 393 419 604 468; x_wconf 86' lang='grc' dir='ltr'>δυνηθῆναι</span> <span class='ocrx_word' id='word_1_36' title='bbox 630 419 803 458; x_wconf 85' lang='grc' dir='ltr'>ἐκτεῖσαι</span> <span class='ocrx_word' id='word_1_37' title='bbox 819 417 949 468; x_wconf 85' lang='grc' dir='ltr'>μόλις·</span> <span class='ocrx_word' id='word_1_38' title='bbox 985 416 1108 470; x_wconf 84' lang='grc' dir='ltr'>τούτῳ</span> <span class='ocrx_word' id='word_1_39' title='bbox 1135 417 1177 456; x_wconf 79' lang='grc' dir='ltr'>δὲ</span> <span class='ocrx_word' id='word_1_40' title='bbox 1201 415 1357 457; x_wconf 84' lang='grc' dir='ltr'>δικαίως</span> <span class='ocrx_word' id='word_1_41' title='bbox 1381 414 1449 455; x_wconf 87' lang='grc' dir='ltr'>τὸν</span> <span class='ocrx_word' id='word_1_42' title='bbox 1474 413 1591 454; x_wconf 85' lang='grc' dir='ltr'>αὐτὸν</span> 
     </span>
    </p>
   </div>
   <div class='ocr_carea' id='block_1_7' title="bbox 262 547 1595 873">
    <p class='ocr_par' dir='ltr' id='par_1_7' title="bbox 262 547 1595 873">
     <span class='ocr_line' id='line_1_8' title="bbox 263 547 1592 603; baseline -0.004 -11"><span class='ocrx_word' id='word_1_43' title='bbox 263 551 453 602; x_wconf 84' lang='grc' dir='ltr'>ἐζήτησεν</span> <span class='ocrx_word' id='word_1_44' title='bbox 489 553 646 592; x_wconf 84' lang='grc' dir='ltr'>ἀνελεῖν</span> <span class='ocrx_word' id='word_1_45' title='bbox 681 551 796 603; x_wconf 75' lang='grc' dir='ltr'>ἡμᾶς,</span> <span class='ocrx_word' id='word_1_46' title='bbox 831 551 940 592; x_wconf 79' lang='grc' dir='ltr'>ἀλλὰ</span> <span class='ocrx_word' id='word_1_47' title='bbox 978 551 1040 591; x_wconf 76' lang='grc' dir='ltr'>καὶ</span> <span class='ocrx_word' id='word_1_48' title='bbox 1078 552 1119 590; x_wconf 83' lang='grc' dir='ltr'>ἐκ</span> <span class='ocrx_word' id='word_1_49' title='bbox 1156 552 1226 600; x_wconf 85' lang='grc' dir='ltr'>τῆς</span> <span class='ocrx_word' id='word_1_50' title='bbox 1256 550 1443 601; x_wconf 87' lang='grc' dir='ltr'>πατρίδος</span> <span class='ocrx_word' id='word_1_51' title='bbox 1474 547 1592 588; x_wconf 84' lang='grc' dir='ltr'>αὐτὸν</span> 
     </span>
     <span class='ocr_line' id='line_1_9' title="bbox 263 615 1593 671; baseline -0.002 -12"><span class='ocrx_word' id='word_1_52' title='bbox 263 618 463 670; x_wconf 75' lang='grc' dir='ltr'>ἐβουλήθη</span> <span class='ocrx_word' id='word_1_53' title='bbox 491 620 695 670; x_wconf 76' lang='grc' dir='ltr'>ἐκβαλεῖν.</span> <span class='ocrx_word' id='word_1_54' title='bbox 753 617 968 671; x_wconf 83' lang='grc' dir='ltr'>ἐπενέγκας</span> <span class='ocrx_word' id='word_1_55' title='bbox 990 619 1067 671; x_wconf 74' lang='grc' dir='ltr'>γὰρ</span> <span class='ocrx_word' id='word_1_56' title='bbox 1094 617 1196 671; x_wconf 78' lang='grc' dir='ltr'>αὐτῷ</span> <span class='ocrx_word' id='word_1_57' title='bbox 1228 617 1356 657; x_wconf 80' lang='grc' dir='ltr'>αἰτίαν</span> <span class='ocrx_word' id='word_1_58' title='bbox 1384 617 1512 668; x_wconf 77' lang='grc' dir='ltr'>ψευδῆ</span> <span class='ocrx_word' id='word_1_59' title='bbox 1543 615 1593 656; x_wconf 83' lang='grc' dir='ltr'>ὡς</span> 
     </span>
     <span class='ocr_line' id='line_1_10' title="bbox 263 681 1592 739; baseline -0.003 -13"><span class='ocrx_word' id='word_1_60' title='bbox 263 685 477 738; x_wconf 76' lang='grc' dir='ltr'>Ἀφίδναζέ</span> <span class='ocrx_word' id='word_1_61' title='bbox 493 703 590 727; x_wconf 90' lang='grc' dir='ltr'>ποτε</span> <span class='ocrx_word' id='word_1_62' title='bbox 613 686 852 739; x_wconf 85' lang='grc' dir='ltr'>ἀφικόμενος</span> <span class='ocrx_word' id='word_1_63' title='bbox 870 685 934 726; x_wconf 84' lang='grc' dir='ltr'>ἐπὶ</span> <span class='ocrx_word' id='word_1_64' title='bbox 958 683 1153 737; x_wconf 85' lang='grc' dir='ltr'>δραπέτην</span> <span class='ocrx_word' id='word_1_65' title='bbox 1179 685 1297 724; x_wconf 82' lang='grc' dir='ltr'>αὑτοῦ</span> <span class='ocrx_word' id='word_1_66' title='bbox 1323 683 1444 734; x_wconf 80' lang='grc' dir='ltr'>ζητῶν</span> <span class='ocrx_word' id='word_1_67' title='bbox 1469 681 1592 722; x_wconf 88' lang='grc' dir='ltr'>πατά-</span> 
     </span>
     <span class='ocr_line' id='line_1_11' title="bbox 263 749 1592 805; baseline -0.002 -12"><span class='ocrx_word' id='word_1_68' title='bbox 263 752 342 804; x_wconf 80' lang='grc' dir='ltr'>ξειε</span> <span class='ocrx_word' id='word_1_69' title='bbox 370 757 537 805; x_wconf 83' lang='grc' dir='ltr'>γυναῖκα</span> <span class='ocrx_word' id='word_1_70' title='bbox 566 753 629 794; x_wconf 86' lang='grc' dir='ltr'>καὶ</span> <span class='ocrx_word' id='word_1_71' title='bbox 661 754 703 794; x_wconf 85' lang='grc' dir='ltr'>ἐκ</span> <span class='ocrx_word' id='word_1_72' title='bbox 727 755 796 803; x_wconf 85' lang='grc' dir='ltr'>τῆς</span> <span class='ocrx_word' id='word_1_73' title='bbox 828 754 984 805; x_wconf 82' lang='grc' dir='ltr'>πληγῆς</span> <span class='ocrx_word' id='word_1_74' title='bbox 1018 750 1291 801; x_wconf 83' lang='grc' dir='ltr'>τελευτήσειεν</span> <span class='ocrx_word' id='word_1_75' title='bbox 1326 750 1349 801; x_wconf 87' lang='grc' dir='ltr'>ἡ</span> <span class='ocrx_word' id='word_1_76' title='bbox 1376 749 1592 802; x_wconf 80' lang='grc' dir='ltr'>ἄνθρωπος,</span> 
     </span>
     <span class='ocr_line' id='line_1_12' title="bbox 262 815 1595 873; baseline -0.002 -13"><span class='ocrx_word' id='word_1_77' title='bbox 262 820 669 872; x_wconf 90' lang='grc' dir='ltr'>παρασκευασάμενος</span> <span class='ocrx_word' id='word_1_78' title='bbox 692 820 921 873; x_wconf 82' lang='grc' dir='ltr'>ἀνθρώπους</span> <span class='ocrx_word' id='word_1_79' title='bbox 941 819 1102 861; x_wconf 82' lang='grc' dir='ltr'>δούλους</span> <span class='ocrx_word' id='word_1_80' title='bbox 1129 818 1191 858; x_wconf 90' lang='grc' dir='ltr'>καὶ</span> <span class='ocrx_word' id='word_1_81' title='bbox 1217 815 1519 858; x_wconf 85' lang='grc' dir='ltr'>κατασκευάσας</span> <span class='ocrx_word' id='word_1_82' title='bbox 1544 816 1595 858; x_wconf 81' lang='grc' dir='ltr'>ὣς</span> 
     </span>
    </p>
   </div>
   <div class='ocr_carea' id='block_1_8' title="bbox 202 883 1595 941">
    <p class='ocr_par' dir='ltr' id='par_1_8' title="bbox 202 883 1595 941">
     <span class='ocr_line' id='line_1_13' title="bbox 202 883 1595 941; baseline -0.003 -14"><span class='ocrx_word' id='word_1_83' title='bbox 202 901 246 928; x_wconf 92' lang='lat'>10</span> <span class='ocrx_word' id='word_1_84' title='bbox 265 889 477 940; x_wconf 82' lang='grc' dir='ltr'>Κυρηναῖοι</span> <span class='ocrx_word' id='word_1_85' title='bbox 498 889 648 938; x_wconf 84' lang='grc' dir='ltr'>εἴησαν,</span> <span class='ocrx_word' id='word_1_86' title='bbox 667 891 853 939; x_wconf 81' lang='grc' dir='ltr'>προεῖπεν</span> <span class='ocrx_word' id='word_1_87' title='bbox 877 886 979 941; x_wconf 79' lang='grc' dir='ltr'>αὐτῷ</span> <span class='ocrx_word' id='word_1_88' title='bbox 1005 886 1069 926; x_wconf 86' lang='grc' dir='ltr'>ἐπὶ</span> <span class='ocrx_word' id='word_1_89' title='bbox 1087 886 1308 939; x_wconf 78' lang='grc' dir='ltr'>Παλλαδίῳ</span> <span class='ocrx_word' id='word_1_90' title='bbox 1335 885 1473 937; x_wconf 90' lang='grc' dir='ltr'>φόνου.</span> <span class='ocrx_word' id='word_1_91' title='bbox 1534 883 1595 923; x_wconf 87' lang='grc' dir='ltr'>καὶ</span> 
     </span>
    </p>
   </div>
   <div class='ocr_carea' id='block_1_9' title="bbox 204 1574 242 1600">
    <p class='ocr_par' dir='ltr' id='par_1_9' title="bbox 204 1574 242 1600">
     <span class='ocr_line' id='line_1_14' title="bbox 204 1574 242 1600; baseline 0 0"><span class='ocrx_word' id='word_1_92' title='bbox 204 1574 242 1600; x_wconf 90' lang='lat'>11</span> 
     </span>
    </p>
   </div>
   <div class='ocr_carea' id='block_1_10' title="bbox 263 951 1598 1750">
    <p class='ocr_par' dir='ltr' id='par_1_10' title="bbox 263 951 1597 1544">
     <span class='ocr_line' id='line_1_15' title="bbox 263 951 1595 1007; baseline -0.003 -12"><span class='ocrx_word' id='word_1_93' title='bbox 263 954 404 1007; x_wconf 86' lang='grc' dir='ltr'>ἔλεγεν</span> <span class='ocrx_word' id='word_1_94' title='bbox 417 954 489 1005; x_wconf 78' lang='grc' dir='ltr'>τὴν</span> <span class='ocrx_word' id='word_1_95' title='bbox 509 956 618 1006; x_wconf 89' lang='grc' dir='ltr'>δίκην</span> <span class='ocrx_word' id='word_1_96' title='bbox 638 954 844 1007; x_wconf 84' lang='grc' dir='ltr'>Στέφανος</span> <span class='ocrx_word' id='word_1_97' title='bbox 861 954 1013 999; x_wconf 83' lang='grc' dir='ltr'>οὑτοσί,</span> <span class='ocrx_word' id='word_1_98' title='bbox 1034 951 1322 1004; x_wconf 84' lang='grc' dir='ltr'>διομοσάμενος</span> <span class='ocrx_word' id='word_1_99' title='bbox 1346 951 1399 994; x_wconf 83' lang='grc' dir='ltr'>ὡς</span> <span class='ocrx_word' id='word_1_100' title='bbox 1423 951 1595 992; x_wconf 86' lang='grc' dir='ltr'>ἔκτεινεν</span> 
     </span>
     <span class='ocr_line' id='line_1_16' title="bbox 263 1017 1596 1075; baseline -0.003 -14"><span class='ocrx_word' id='word_1_101' title='bbox 263 1021 571 1074; x_wconf 86' lang='grc' dir='ltr'>Ἀπολλόδωρος</span> <span class='ocrx_word' id='word_1_102' title='bbox 602 1021 675 1072; x_wconf 78' lang='grc' dir='ltr'>τὴν</span> <span class='ocrx_word' id='word_1_103' title='bbox 708 1025 874 1074; x_wconf 80' lang='grc' dir='ltr'>γυναῖκα</span> <span class='ocrx_word' id='word_1_104' title='bbox 902 1021 1143 1075; x_wconf 75' lang='grc' dir='ltr'>αὐτοχειρία,</span> <span class='ocrx_word' id='word_1_105' title='bbox 1182 1019 1371 1071; x_wconf 81' lang='grc' dir='ltr'>ἐξώλειαν</span> <span class='ocrx_word' id='word_1_106' title='bbox 1404 1019 1506 1073; x_wconf 80' lang='grc' dir='ltr'>αὐτῷ</span> <span class='ocrx_word' id='word_1_107' title='bbox 1533 1017 1596 1058; x_wconf 90' lang='grc' dir='ltr'>καὶ</span> 
     </span>
     <span class='ocr_line' id='line_1_17' title="bbox 263 1083 1596 1143; baseline -0.004 -14"><span class='ocrx_word' id='word_1_108' title='bbox 263 1088 371 1142; x_wconf 82' lang='grc' dir='ltr'>γένει</span> <span class='ocrx_word' id='word_1_109' title='bbox 397 1090 459 1130; x_wconf 82' lang='grc' dir='ltr'>καὶ</span> <span class='ocrx_word' id='word_1_110' title='bbox 483 1090 585 1143; x_wconf 78' lang='grc' dir='ltr'>οἰκίᾳ</span> <span class='ocrx_word' id='word_1_111' title='bbox 611 1088 923 1141; x_wconf 82' lang='grc' dir='ltr'>ἐπαρασάμενος,</span> <span class='ocrx_word' id='word_1_112' title='bbox 945 1088 970 1129; x_wconf 75' lang='grc' dir='ltr'><strong><em>ἃ</em></strong></span> <span class='ocrx_word' id='word_1_113' title='bbox 992 1086 1076 1128; x_wconf 83' lang='grc' dir='ltr'>οὔτ’</span> <span class='ocrx_word' id='word_1_114' title='bbox 1099 1086 1259 1140; x_wconf 87' lang='grc' dir='ltr'>ἐγένετο</span> <span class='ocrx_word' id='word_1_115' title='bbox 1283 1084 1365 1126; x_wconf 81' lang='grc' dir='ltr'>οὔτ’</span> <span class='ocrx_word' id='word_1_116' title='bbox 1389 1084 1492 1126; x_wconf 80' lang='grc' dir='ltr'>εἶδεν</span> <span class='ocrx_word' id='word_1_117' title='bbox 1517 1083 1596 1125; x_wconf 81' lang='grc' dir='ltr'>οὔτ’</span> 
     </span>
     <span class='ocr_line' id='line_1_18' title="bbox 263 1152 1597 1207; baseline -0.003 -11"><span class='ocrx_word' id='word_1_118' title='bbox 263 1155 435 1207; x_wconf 82' lang='grc' dir='ltr'>ἤκουσεν</span> <span class='ocrx_word' id='word_1_119' title='bbox 452 1156 612 1198; x_wconf 84' lang='grc' dir='ltr'>οὐδενὸς</span> <span class='ocrx_word' id='word_1_120' title='bbox 627 1156 786 1196; x_wconf 90' lang='grc' dir='ltr'>πώποτε</span> <span class='ocrx_word' id='word_1_121' title='bbox 803 1156 1032 1207; x_wconf 83' lang='grc' dir='ltr'>ἀνθρώπων.</span> <span class='ocrx_word' id='word_1_122' title='bbox 1082 1153 1334 1207; x_wconf 78' lang='grc' dir='ltr'>ἐξελεγχθεὶς</span> <span class='ocrx_word' id='word_1_123' title='bbox 1354 1152 1387 1192; x_wconf 89' lang='grc' dir='ltr'>δ’</span> <span class='ocrx_word' id='word_1_124' title='bbox 1404 1154 1597 1205; x_wconf 85' lang='grc' dir='ltr'>ἐπιορκῶν</span> 
     </span>
     <span class='ocr_line' id='line_1_19' title="bbox 265 1221 1595 1276; baseline -0.002 -14"><span class='ocrx_word' id='word_1_125' title='bbox 265 1224 328 1264; x_wconf 85' lang='grc' dir='ltr'>καὶ</span> <span class='ocrx_word' id='word_1_126' title='bbox 351 1225 479 1276; x_wconf 81' lang='grc' dir='ltr'>ψευδῆ</span> <span class='ocrx_word' id='word_1_127' title='bbox 506 1223 635 1264; x_wconf 84' lang='grc' dir='ltr'>αἰτίαν</span> <span class='ocrx_word' id='word_1_128' title='bbox 656 1222 868 1275; x_wconf 85' lang='grc' dir='ltr'>ἐπιφέρων,</span> <span class='ocrx_word' id='word_1_129' title='bbox 896 1223 958 1263; x_wconf 86' lang='grc' dir='ltr'>καὶ</span> <span class='ocrx_word' id='word_1_130' title='bbox 984 1221 1216 1275; x_wconf 77' lang='grc' dir='ltr'>καταφανὴς</span> <span class='ocrx_word' id='word_1_131' title='bbox 1244 1221 1458 1274; x_wconf 87' lang='grc' dir='ltr'>γενόμενος</span> <span class='ocrx_word' id='word_1_132' title='bbox 1481 1237 1595 1270; x_wconf 90' lang='grc' dir='ltr'>μεμι-</span> 
     </span>
     <span class='ocr_line' id='line_1_20' title="bbox 265 1286 1596 1342; baseline -0.003 -12"><span class='ocrx_word' id='word_1_133' title='bbox 265 1289 468 1341; x_wconf 85' lang='grc' dir='ltr'>σθωμένος</span> <span class='ocrx_word' id='word_1_134' title='bbox 514 1290 591 1330; x_wconf 84' lang='grc' dir='ltr'>ὑπὸ</span> <span class='ocrx_word' id='word_1_135' title='bbox 639 1293 965 1342; x_wconf 84' lang='grc' dir='ltr'>Κηφισοφῶντος</span> <span class='ocrx_word' id='word_1_136' title='bbox 1013 1288 1076 1330; x_wconf 86' lang='grc' dir='ltr'>καὶ</span> <span class='ocrx_word' id='word_1_137' title='bbox 1122 1287 1457 1340; x_wconf 81' lang='grc' dir='ltr'>Ἀπολλοφάνους</span> <span class='ocrx_word' id='word_1_138' title='bbox 1499 1286 1596 1326; x_wconf 85' lang='grc' dir='ltr'>ὥστ’</span> 
     </span>
     <span class='ocr_line' id='line_1_21' title="bbox 264 1353 1597 1409; baseline -0.002 -11"><span class='ocrx_word' id='word_1_139' title='bbox 264 1356 454 1408; x_wconf 80' lang='grc' dir='ltr'>ἐξελάσαι</span> <span class='ocrx_word' id='word_1_140' title='bbox 469 1356 778 1409; x_wconf 86' lang='grc' dir='ltr'>Ἀπολλόδωρον</span> <span class='ocrx_word' id='word_1_141' title='bbox 794 1353 816 1407; x_wconf 83' lang='grc' dir='ltr'>ἢ</span> <span class='ocrx_word' id='word_1_142' title='bbox 836 1358 1033 1408; x_wconf 83' lang='grc' dir='ltr'>ἀτιμῶσαι</span> <span class='ocrx_word' id='word_1_143' title='bbox 1050 1356 1237 1409; x_wconf 88' lang='grc' dir='ltr'>ἀργύριον</span> <span class='ocrx_word' id='word_1_144' title='bbox 1251 1355 1440 1407; x_wconf 86' lang='grc' dir='ltr'>εἰληφώς,</span> <span class='ocrx_word' id='word_1_145' title='bbox 1458 1355 1597 1406; x_wconf 85' lang='grc' dir='ltr'>ὀλίγας</span> 
     </span>
     <span class='ocr_line' id='line_1_22' title="bbox 265 1421 1597 1477; baseline -0.002 -13"><span class='ocrx_word' id='word_1_146' title='bbox 265 1423 430 1477; x_wconf 82' lang='grc' dir='ltr'>ψήφους</span> <span class='ocrx_word' id='word_1_147' title='bbox 459 1425 704 1476; x_wconf 86' lang='grc' dir='ltr'>μεταλαβὼν</span> <span class='ocrx_word' id='word_1_148' title='bbox 734 1426 776 1464; x_wconf 88' lang='grc' dir='ltr'>ἐκ</span> <span class='ocrx_word' id='word_1_149' title='bbox 808 1425 1097 1471; x_wconf 86' lang='grc' dir='ltr'>πεντακοσίων,</span> <span class='ocrx_word' id='word_1_150' title='bbox 1130 1424 1310 1474; x_wconf 86' lang='grc' dir='ltr'>ἀπῆλθεν</span> <span class='ocrx_word' id='word_1_151' title='bbox 1346 1421 1597 1474; x_wconf 85' lang='grc' dir='ltr'>ἐπιωρκηκὼς</span> 
     </span>
     <span class='ocr_line' id='line_1_23' title="bbox 266 1489 804 1544; baseline 0 -13"><span class='ocrx_word' id='word_1_152' title='bbox 266 1491 329 1532; x_wconf 88' lang='grc' dir='ltr'>καὶ</span> <span class='ocrx_word' id='word_1_153' title='bbox 354 1489 471 1541; x_wconf 81' lang='grc' dir='ltr'>δόξας</span> <span class='ocrx_word' id='word_1_154' title='bbox 494 1491 667 1544; x_wconf 87' lang='grc' dir='ltr'>πονηρὸς</span> <span class='ocrx_word' id='word_1_155' title='bbox 690 1491 804 1532; x_wconf 74' lang='grc' dir='ltr'>εἶναι.</span> 
     </span>
    </p>

    <p class='ocr_par' dir='ltr' id='par_1_11' title="bbox 264 1555 1598 1750">
     <span class='ocr_line' id='line_1_24' title="bbox 331 1555 1598 1611; baseline -0.002 -13"><span class='ocrx_word' id='word_1_156' title='bbox 331 1561 525 1602; x_wconf 86' lang='grc' dir='ltr'>Σκοπεῖτε</span> <span class='ocrx_word' id='word_1_157' title='bbox 555 1559 602 1610; x_wconf 77' lang='grc' dir='ltr'>δὴ</span> <span class='ocrx_word' id='word_1_158' title='bbox 636 1558 758 1605; x_wconf 83' lang='grc' dir='ltr'>αὐτοί,</span> <span class='ocrx_word' id='word_1_159' title='bbox 790 1556 819 1599; x_wconf 74' lang='grc' dir='ltr'><em>ὦ</em></span> <span class='ocrx_word' id='word_1_160' title='bbox 848 1558 988 1611; x_wconf 83' lang='grc' dir='ltr'>ἄνδρες</span> <span class='ocrx_word' id='word_1_161' title='bbox 1024 1557 1220 1605; x_wconf 87' lang='grc' dir='ltr'>δικασταί,</span> <span class='ocrx_word' id='word_1_162' title='bbox 1256 1559 1299 1598; x_wconf 84' lang='grc' dir='ltr'>ἐκ</span> <span class='ocrx_word' id='word_1_163' title='bbox 1325 1560 1406 1598; x_wconf 86' lang='grc' dir='ltr'>τῶν</span> <span class='ocrx_word' id='word_1_164' title='bbox 1436 1555 1598 1596; x_wconf 85' lang='grc' dir='ltr'>εἰκότων</span> 
     </span>
     <span class='ocr_line' id='line_1_25' title="bbox 264 1622 1597 1679; baseline -0.004 -13"><span class='ocrx_word' id='word_1_165' title='bbox 264 1626 516 1678; x_wconf 79' lang='grc' dir='ltr'>λογιζόμενοι</span> <span class='ocrx_word' id='word_1_166' title='bbox 538 1626 637 1679; x_wconf 86' lang='grc' dir='ltr'>πρὸς</span> <span class='ocrx_word' id='word_1_167' title='bbox 660 1628 758 1677; x_wconf 76' lang='grc' dir='ltr'>ὑμᾶς</span> <span class='ocrx_word' id='word_1_168' title='bbox 783 1625 934 1672; x_wconf 79' lang='grc' dir='ltr'>αὐτούς,</span> <span class='ocrx_word' id='word_1_169' title='bbox 961 1627 1001 1666; x_wconf 89' lang='grc' dir='ltr'>τί</span> <span class='ocrx_word' id='word_1_170' title='bbox 1023 1625 1071 1667; x_wconf 80' lang='grc' dir='ltr'>ἂν</span> <span class='ocrx_word' id='word_1_171' title='bbox 1094 1624 1328 1678; x_wconf 73' lang='grc' dir='ltr'>ἐχρησάμην</span> <span class='ocrx_word' id='word_1_172' title='bbox 1357 1625 1508 1678; x_wconf 77' lang='grc' dir='ltr'>ἐμαυτῷ</span> <span class='ocrx_word' id='word_1_173' title='bbox 1536 1622 1597 1662; x_wconf 84' lang='grc' dir='ltr'>καὶ</span> 
     </span>
     <span class='ocr_line' id='line_1_26' title="bbox 264 1689 1598 1750; baseline -0.004 -16"><span class='ocrx_word' id='word_1_174' title='bbox 264 1698 312 1750; x_wconf 87' lang='grc' dir='ltr'>τῇ</span> <span class='ocrx_word' id='word_1_175' title='bbox 337 1694 490 1746; x_wconf 83' lang='grc' dir='ltr'>γυναικὶ</span> <span class='ocrx_word' id='word_1_176' title='bbox 510 1694 573 1734; x_wconf 85' lang='grc' dir='ltr'>καὶ</span> <span class='ocrx_word' id='word_1_177' title='bbox 598 1699 644 1750; x_wconf 84' lang='grc' dir='ltr'>τῇ</span> <span class='ocrx_word' id='word_1_178' title='bbox 671 1694 840 1750; x_wconf 82' lang='grc' dir='ltr'>ἀδελφῇ,</span> <span class='ocrx_word' id='word_1_179' title='bbox 858 1695 944 1734; x_wconf 84' lang='grc' dir='ltr'>εἴτι</span> <span class='ocrx_word' id='word_1_180' title='bbox 965 1692 1257 1747; x_wconf 78' lang='grc' dir='ltr'>Ἀπολλοδώρῳ</span> <span class='ocrx_word' id='word_1_181' title='bbox 1284 1689 1437 1742; x_wconf 85' lang='grc' dir='ltr'>συνέβη</span> <span class='ocrx_word' id='word_1_182' title='bbox 1457 1692 1598 1731; x_wconf 83' lang='grc' dir='ltr'>παθεῖν</span> 
     </span>
    </p>
   </div>
   <div class='ocr_carea' id='block_1_11' title="bbox 265 1755 1608 1814">
    <p class='ocr_par' dir='ltr' id='par_1_12' title="bbox 265 1755 1608 1814">
     <span class='ocr_line' id='line_1_27' title="bbox 265 1755 1608 1814; baseline -0.003 -14"><span class='ocrx_word' id='word_1_183' title='bbox 265 1761 320 1801; x_wconf 81' lang='grc' dir='ltr'>ὧν</span> <span class='ocrx_word' id='word_1_184' title='bbox 344 1760 550 1814; x_wconf 86' lang='grc' dir='ltr'>Στέφανος</span> <span class='ocrx_word' id='word_1_185' title='bbox 583 1762 721 1802; x_wconf 87' lang='grc' dir='ltr'>οὑτοσὶ</span> <span class='ocrx_word' id='word_1_186' title='bbox 751 1760 1046 1812; x_wconf 83' lang='grc' dir='ltr'>ἐπεβούλευσεν</span> <span class='ocrx_word' id='word_1_187' title='bbox 1072 1760 1187 1814; x_wconf 81' lang='grc' dir='ltr'>αὐτῷ,</span> <span class='ocrx_word' id='word_1_188' title='bbox 1213 1755 1237 1810; x_wconf 89' lang='grc' dir='ltr'>ἢ</span> <span class='ocrx_word' id='word_1_189' title='bbox 1269 1759 1313 1800; x_wconf 83' lang='grc' dir='ltr'>ἐν</span> <span class='ocrx_word' id='word_1_190' title='bbox 1337 1762 1389 1813; x_wconf 79' lang='grc' dir='ltr'>τῷ</span> <span class='ocrx_word' id='word_1_191' title='bbox 1419 1755 1608 1811; x_wconf 76' lang='grc' dir='ltr'>προτέρῳ</span> 
     </span>
    </p>
   </div>
   <div class='ocr_carea' id='block_1_12' title="bbox 266 1823 1598 1883">
    <p class='ocr_par' dir='ltr' id='par_1_13' title="bbox 266 1823 1598 1883">
     <span class='ocr_line' id='line_1_28' title="bbox 266 1823 1598 1883; baseline -0.003 -15"><span class='ocrx_word' id='word_1_192' title='bbox 266 1823 289 1878; x_wconf 81' lang='grc' dir='ltr'>ἢ</span> <span class='ocrx_word' id='word_1_193' title='bbox 316 1829 358 1868; x_wconf 87' lang='grc' dir='ltr'>ἐν</span> <span class='ocrx_word' id='word_1_194' title='bbox 381 1831 435 1883; x_wconf 82' lang='grc' dir='ltr'>τῷ</span> <span class='ocrx_word' id='word_1_195' title='bbox 454 1828 606 1883; x_wconf 79' lang='grc' dir='ltr'>ὑστέρῳ</span> <span class='ocrx_word' id='word_1_196' title='bbox 627 1829 768 1880; x_wconf 87' lang='grc' dir='ltr'>ἀγῶνι;</span> <span class='ocrx_word' id='word_1_197' title='bbox 806 1824 828 1878; x_wconf 85' lang='grc' dir='ltr'>ἢ</span> <span class='ocrx_word' id='word_1_198' title='bbox 850 1827 944 1882; x_wconf 77' lang='grc' dir='ltr'>ποίᾳ</span> <span class='ocrx_word' id='word_1_199' title='bbox 962 1826 1136 1882; x_wconf 85' lang='grc' dir='ltr'>αἰσχύνῃ</span> <span class='ocrx_word' id='word_1_200' title='bbox 1156 1825 1224 1866; x_wconf 81' lang='grc' dir='ltr'>οὐκ</span> <span class='ocrx_word' id='word_1_201' title='bbox 1249 1825 1299 1867; x_wconf 77' lang='grc' dir='ltr'>ἂν</span> <span class='ocrx_word' id='word_1_202' title='bbox 1323 1825 1386 1867; x_wconf 85' lang='grc' dir='ltr'>καὶ</span> <span class='ocrx_word' id='word_1_203' title='bbox 1412 1829 1598 1879; x_wconf 73' lang='grc' dir='ltr'>συμφορᾷ</span> 
     </span>
    </p>
   </div>
   <div class='ocr_carea' id='block_1_13' title="bbox 266 1933 1599 2457">
    <p class='ocr_par' dir='ltr' id='par_1_14' title="bbox 266 1933 1599 2457">
     <span class='ocr_line' id='line_1_29' title="bbox 310 1933 1599 1978; baseline -0.004 -9"><span class='ocrx_word' id='word_1_204' title='bbox 310 1947 330 1975; x_wconf 90' lang='grc'>4</span> <span class='ocrx_word' id='word_1_205' title='bbox 354 1937 453 1978; x_wconf 74' lang='grc' dir='ltr'>ὥστε]</span> <span class='ocrx_word' id='word_1_206' title='bbox 479 1938 564 1970; x_wconf 79' lang='grc' dir='ltr'>ὥστε</span> <span class='ocrx_word' id='word_1_207' title='bbox 589 1939 639 1969; x_wconf 82' lang='grc' dir='ltr'>καὶ</span> <span class='ocrx_word' id='word_1_208' title='bbox 663 1937 766 1968; x_wconf 89' lang='lat' dir='ltr'>YrD</span> <span class='ocrx_word' id='word_1_209' title='bbox 878 1939 1045 1975; x_wconf 82' lang='grc' dir='ltr'>δυνηθῆναι</span> <span class='ocrx_word' id='word_1_210' title='bbox 1069 1937 1109 1968; x_wconf 75' lang='grc' dir='ltr'>ἂν</span> <span class='ocrx_word' id='word_1_211' title='bbox 1131 1936 1250 1966; x_wconf 87' lang='lat' dir='ltr'>codd.:</span> <span class='ocrx_word' id='word_1_212' title='bbox 1281 1936 1321 1968; x_wconf 69' lang='grc' dir='ltr'>ἂν</span> <span class='ocrx_word' id='word_1_213' title='bbox 1343 1934 1410 1965; x_wconf 87' lang='lat' dir='ltr'><strong>del.</strong></span> <span class='ocrx_word' id='word_1_214' title='bbox 1435 1933 1599 1965; x_wconf 84' lang='lat' dir='ltr'>Schaefer</span> 
     </span>
     <span class='ocr_line' id='line_1_30' title="bbox 267 1977 1598 2022; baseline -0.002 -10"><span class='ocrx_word' id='word_1_215' title='bbox 267 1981 386 2013; x_wconf 83' lang='grc' dir='ltr'>δίκαιον</span> <span class='ocrx_word' id='word_1_216' title='bbox 401 1980 427 2011; x_wconf 91' lang='lat' dir='ltr'><strong>F</strong></span> <span class='ocrx_word' id='word_1_217' title='bbox 440 1991 525 2013; x_wconf 82' lang='lat' dir='ltr'>corr.</span> <span class='ocrx_word' id='word_1_218' title='bbox 546 1981 590 2021; x_wconf 61' lang='grc' dir='ltr'>ΩΙ</span> <span class='ocrx_word' id='word_1_219' title='bbox 726 1991 743 2020; x_wconf 89' lang='grc'><strong>7</strong></span> <span class='ocrx_word' id='word_1_220' title='bbox 768 1985 846 2020; x_wconf 86' lang='lat' dir='ltr'>post</span> <span class='ocrx_word' id='word_1_221' title='bbox 863 1983 962 2022; x_wconf 81' lang='grc' dir='ltr'>ψευδῆ</span> <span class='ocrx_word' id='word_1_222' title='bbox 977 1981 1053 2011; x_wconf 89' lang='lat' dir='ltr'>add.</span> <span class='ocrx_word' id='word_1_223' title='bbox 1074 1982 1113 2012; x_wconf 83' lang='grc' dir='ltr'>ὡς</span> <span class='ocrx_word' id='word_1_224' title='bbox 1129 1980 1219 2020; x_wconf 71' lang='grc' dir='ltr'>ὦφλε</span> <span class='ocrx_word' id='word_1_225' title='bbox 1233 1982 1280 2020; x_wconf 77' lang='grc' dir='ltr'>τῷ</span> <span class='ocrx_word' id='word_1_226' title='bbox 1293 1979 1433 2019; x_wconf 82' lang='grc' dir='ltr'>δημοσίῳ</span> <span class='ocrx_word' id='word_1_227' title='bbox 1451 1979 1485 2009; x_wconf 86' lang='grc' dir='ltr'>ἐκ</span> <span class='ocrx_word' id='word_1_228' title='bbox 1501 1977 1598 2010; x_wconf 80' lang='grc' dir='ltr'>πέντε</span> 
     </span>
     <span class='ocr_line' id='line_1_31' title="bbox 266 2022 1594 2061; baseline -0.004 -5"><span class='ocrx_word' id='word_1_229' title='bbox 266 2026 317 2056; x_wconf 79' lang='grc' dir='ltr'>καὶ</span> <span class='ocrx_word' id='word_1_230' title='bbox 344 2026 464 2057; x_wconf 70' lang='grc' dir='ltr'>εἴκοσιν</span> <span class='ocrx_word' id='word_1_231' title='bbox 487 2027 567 2057; x_wconf 79' lang='grc' dir='ltr'>ἐτῶν</span> <span class='ocrx_word' id='word_1_232' title='bbox 587 2025 708 2056; x_wconf 91' lang='lat' dir='ltr'>codd.:</span> <span class='ocrx_word' id='word_1_233' title='bbox 736 2026 840 2055; x_wconf 70' lang='lat' dir='ltr'>verba</span> <span class='ocrx_word' id='word_1_234' title='bbox 863 2024 938 2055; x_wconf 86' lang='lat' dir='ltr'>hinc</span> <span class='ocrx_word' id='word_1_235' title='bbox 955 2023 1161 2054; x_wconf 81' lang='lat' dir='ltr'>alienissima</span> <span class='ocrx_word' id='word_1_236' title='bbox 1183 2027 1277 2053; x_wconf 89' lang='lat' dir='ltr'>notat</span> <span class='ocrx_word' id='word_1_237' title='bbox 1298 2022 1450 2061; x_wconf 86' lang='lat' dir='ltr'>Jurinus,</span> <span class='ocrx_word' id='word_1_238' title='bbox 1468 2027 1594 2061; x_wconf 82' lang='lat' dir='ltr'>transp.</span> 
     </span>
     <span class='ocr_line' id='line_1_32' title="bbox 267 2065 1597 2108; baseline -0.005 -9"><span class='ocrx_word' id='word_1_239' title='bbox 267 2066 418 2108; x_wconf 86' lang='lat' dir='ltr'>Sauppe.</span> <span class='ocrx_word' id='word_1_240' title='bbox 576 2069 596 2098; x_wconf 89' lang='lat'>8</span> <span class='ocrx_word' id='word_1_241' title='bbox 630 2067 733 2108; x_wconf 74' lang='grc' dir='ltr'>ζητῶν</span> <span class='ocrx_word' id='word_1_242' title='bbox 769 2069 834 2100; x_wconf 84' lang='lat' dir='ltr'><strong>del.</strong></span> <span class='ocrx_word' id='word_1_243' title='bbox 875 2068 1019 2107; x_wconf 88' lang='lat' dir='ltr'>Dobree,</span> <span class='ocrx_word' id='word_1_244' title='bbox 1053 2067 1171 2104; x_wconf 82' lang='lat' dir='ltr'><strong>Cobet,</strong></span> <span class='ocrx_word' id='word_1_245' title='bbox 1206 2067 1248 2098; x_wconf 87' lang='lat' dir='ltr'>cf.</span> <span class='ocrx_word' id='word_1_246' title='bbox 1282 2065 1443 2096; x_wconf 78' lang='lat' dir='ltr'>Aeschin.</span> <span class='ocrx_word' id='word_1_247' title='bbox 1478 2065 1500 2094; x_wconf 92' lang='lat' dir='ltr'>ii</span> <span class='ocrx_word' id='word_1_248' title='bbox 1538 2074 1597 2103; x_wconf 85' lang='lat'>114</span> 
     </span>
     <span class='ocr_line' id='line_1_33' title="bbox 270 2107 1599 2154; baseline -0.002 -12"><span class='ocrx_word' id='word_1_249' title='bbox 270 2121 310 2142; x_wconf 93' lang='lat'>10</span> <span class='ocrx_word' id='word_1_250' title='bbox 333 2112 650 2154; x_wconf 77' lang='grc' dir='ltr'>παρασκευασάμενοι</span> <span class='ocrx_word' id='word_1_251' title='bbox 663 2111 755 2153; x_wconf 71' lang='grc' dir='ltr'>Ωγρ.</span> <span class='ocrx_word' id='word_1_252' title='bbox 775 2123 783 2143; x_wconf 84' lang='lat'>:</span> <span class='ocrx_word' id='word_1_253' title='bbox 807 2112 1125 2154; x_wconf 83' lang='grc' dir='ltr'>παρακελευσάμενος</span> <span class='ocrx_word' id='word_1_254' title='bbox 1139 2111 1165 2141; x_wconf 87' lang='lat' dir='ltr'><strong>F</strong></span> <span class='ocrx_word' id='word_1_255' title='bbox 1176 2111 1207 2142; x_wconf 94' lang='lat' dir='ltr'><strong>D</strong></span> <span class='ocrx_word' id='word_1_256' title='bbox 1298 2107 1599 2141; x_wconf 80' lang='grc' dir='ltr'>κατασκευάσαντες</span> 
     </span>
     <span class='ocr_line' id='line_1_34' title="bbox 268 2151 1595 2197; baseline -0.004 -11"><span class='ocrx_word' id='word_1_257' title='bbox 268 2154 359 2196; x_wconf 73' lang='grc' dir='ltr'>Ργρ.</span> <span class='ocrx_word' id='word_1_258' title='bbox 383 2154 476 2197; x_wconf 73' lang='grc' dir='ltr'>Ω-γρ.</span> <span class='ocrx_word' id='word_1_259' title='bbox 493 2156 522 2186; x_wconf 97' lang='lat' dir='ltr'>D</span> <span class='ocrx_word' id='word_1_260' title='bbox 673 2165 773 2186; x_wconf 83' lang='lat'>10-11</span> <span class='ocrx_word' id='word_1_261' title='bbox 799 2157 840 2188; x_wconf 86' lang='grc' dir='ltr'>ὡς</span> <span class='ocrx_word' id='word_1_262' title='bbox 867 2159 1032 2197; x_wconf 78' lang='grc' dir='ltr'>Κυρηναῖοι</span> <span class='ocrx_word' id='word_1_263' title='bbox 1052 2158 1164 2193; x_wconf 67' lang='grc' dir='ltr'>εἴησαν</span> <span class='ocrx_word' id='word_1_264' title='bbox 1185 2153 1255 2192; x_wconf 80' lang='lat' dir='ltr'>FQ</span> <span class='ocrx_word' id='word_1_265' title='bbox 1272 2153 1322 2184; x_wconf 90' lang='lat' dir='ltr'>D:</span> <span class='ocrx_word' id='word_1_266' title='bbox 1347 2166 1430 2191; x_wconf 91' lang='grc' dir='ltr'>ησαν</span> <span class='ocrx_word' id='word_1_267' title='bbox 1454 2151 1505 2182; x_wconf 88' lang='lat' dir='ltr'>Y:</span> <span class='ocrx_word' id='word_1_268' title='bbox 1530 2161 1595 2182; x_wconf 85' lang='lat' dir='ltr'>om.</span> 
     </span>
     <span class='ocr_line' id='line_1_35' title="bbox 269 2195 1595 2240; baseline -0.003 -11"><span class='ocrx_word' id='word_1_269' title='bbox 269 2198 293 2230; x_wconf 91' lang='lat' dir='ltr'>S</span> <span class='ocrx_word' id='word_1_270' title='bbox 306 2208 322 2229; x_wconf 88' lang='lat' dir='ltr'>r</span> <span class='ocrx_word' id='word_1_271' title='bbox 336 2199 446 2238; x_wconf 82' lang='lat' dir='ltr'>spatio</span> <span class='ocrx_word' id='word_1_272' title='bbox 463 2209 571 2230; x_wconf 87' lang='lat' dir='ltr'>vacuo</span> <span class='ocrx_word' id='word_1_273' title='bbox 590 2199 709 2230; x_wconf 82' lang='lat' dir='ltr'>relicto</span> <span class='ocrx_word' id='word_1_274' title='bbox 723 2210 731 2230; x_wconf 74' lang='grc' dir='ltr'>ε</span> <span class='ocrx_word' id='word_1_275' title='bbox 756 2201 796 2232; x_wconf 86' lang='grc' dir='ltr'>ὡς</span> <span class='ocrx_word' id='word_1_276' title='bbox 807 2199 906 2240; x_wconf 80' lang='grc' dir='ltr'>κύριοι</span> <span class='ocrx_word' id='word_1_277' title='bbox 919 2202 1030 2237; x_wconf 79' lang='grc' dir='ltr'>εἴησαν</span> <span class='ocrx_word' id='word_1_278' title='bbox 1048 2198 1152 2229; x_wconf 89' lang='lat' dir='ltr'>Hude</span> <span class='ocrx_word' id='word_1_279' title='bbox 1245 2207 1257 2227; x_wconf 94' lang='lat'>1</span> <span class='ocrx_word' id='word_1_280' title='bbox 1267 2207 1279 2227; x_wconf 93' lang='lat'>1</span> <span class='ocrx_word' id='word_1_281' title='bbox 1307 2199 1456 2238; x_wconf 83' lang='grc' dir='ltr'>προεῖπον</span> <span class='ocrx_word' id='word_1_282' title='bbox 1469 2195 1493 2225; x_wconf 89' lang='lat' dir='ltr'>F</span> <span class='ocrx_word' id='word_1_283' title='bbox 1508 2205 1595 2225; x_wconf 83' lang='lat' dir='ltr'>corr.</span> 
     </span>
     <span class='ocr_line' id='line_1_36' title="bbox 267 2240 1599 2283; baseline -0.005 -7"><span class='ocrx_word' id='word_1_284' title='bbox 267 2241 396 2281; x_wconf 79' lang='lat' dir='ltr'><strong>Qcorr.</strong></span> <span class='ocrx_word' id='word_1_285' title='bbox 414 2242 444 2272; x_wconf 93' lang='lat' dir='ltr'>D</span> <span class='ocrx_word' id='word_1_286' title='bbox 548 2240 647 2283; x_wconf 77' lang='grc' dir='ltr'>φόνοῦ</span> <span class='ocrx_word' id='word_1_287' title='bbox 665 2242 722 2281; x_wconf 83' lang='lat' dir='ltr'>FQ</span> <span class='ocrx_word' id='word_1_288' title='bbox 844 2253 882 2273; x_wconf 83' lang='lat'>12</span> <span class='ocrx_word' id='word_1_289' title='bbox 906 2242 1093 2274; x_wconf 81' lang='grc' dir='ltr'>ἀπέκτεινεν</span> <span class='ocrx_word' id='word_1_290' title='bbox 1109 2242 1139 2272; x_wconf 88' lang='lat' dir='ltr'>Y</span> <span class='ocrx_word' id='word_1_291' title='bbox 1157 2252 1173 2272; x_wconf 83' lang='lat'>1·</span> <span class='ocrx_word' id='word_1_292' title='bbox 1288 2250 1326 2280; x_wconf 85' lang='lat'>13</span> <span class='ocrx_word' id='word_1_293' title='bbox 1350 2245 1428 2270; x_wconf 90' lang='lat' dir='ltr'>ante</span> <span class='ocrx_word' id='word_1_294' title='bbox 1449 2240 1599 2279; x_wconf 77' lang='grc' dir='ltr'>ἐξώλειαν</span> 
     </span>
     <span class='ocr_line' id='line_1_37' title="bbox 267 2281 1599 2328; baseline -0.003 -12"><span class='ocrx_word' id='word_1_295' title='bbox 267 2287 344 2318; x_wconf 86' lang='lat' dir='ltr'><strong>add.</strong></span> <span class='ocrx_word' id='word_1_296' title='bbox 359 2287 515 2328; x_wconf 80' lang='grc' dir='ltr'>ἀρώμενος</span> <span class='ocrx_word' id='word_1_297' title='bbox 533 2287 630 2318; x_wconf 91' lang='lat' dir='ltr'>codd.</span> <span class='ocrx_word' id='word_1_298' title='bbox 647 2297 655 2317; x_wconf 92' lang='lat'>:</span> <span class='ocrx_word' id='word_1_299' title='bbox 680 2286 744 2317; x_wconf 85' lang='lat' dir='ltr'>del.</span> <span class='ocrx_word' id='word_1_300' title='bbox 771 2285 898 2316; x_wconf 83' lang='lat' dir='ltr'>Reiske</span> <span class='ocrx_word' id='word_1_301' title='bbox 1005 2291 1134 2327; x_wconf 81' lang='grc' dir='ltr'>εξωλειν</span> <span class='ocrx_word' id='word_1_302' title='bbox 1145 2284 1182 2316; x_wconf 86' lang='lat' dir='ltr'>S¹</span> <span class='ocrx_word' id='word_1_303' title='bbox 1334 2293 1371 2321; x_wconf 90' lang='lat'>14</span> <span class='ocrx_word' id='word_1_304' title='bbox 1395 2282 1491 2323; x_wconf 78' lang='grc' dir='ltr'>εἶδεν]</span> <span class='ocrx_word' id='word_1_305' title='bbox 1514 2281 1599 2313; x_wconf 77' lang='grc' dir='ltr'>οἶδεν</span> 
     </span>
     <span class='ocr_line' id='line_1_38' title="bbox 270 2325 1597 2370; baseline -0.006 -8"><span class='ocrx_word' id='word_1_306' title='bbox 270 2329 330 2361; x_wconf 87' lang='lat' dir='ltr'>SF</span> <span class='ocrx_word' id='word_1_307' title='bbox 345 2329 376 2368; x_wconf 82' lang='lat' dir='ltr'>Q</span> <span class='ocrx_word' id='word_1_308' title='bbox 556 2340 594 2369; x_wconf 88' lang='lat'>15</span> <span class='ocrx_word' id='word_1_309' title='bbox 618 2329 759 2370; x_wconf 75' lang='grc' dir='ltr'>οὐδενὸς]</span> <span class='ocrx_word' id='word_1_310' title='bbox 793 2331 893 2363; x_wconf 81' lang='grc' dir='ltr'>οὐδεὶς</span> <span class='ocrx_word' id='word_1_311' title='bbox 922 2330 1030 2360; x_wconf 82' lang='lat' dir='ltr'>codex</span> <span class='ocrx_word' id='word_1_312' title='bbox 1062 2328 1267 2359; x_wconf 83' lang='lat' dir='ltr'>Bodleianus</span> <span class='ocrx_word' id='word_1_313' title='bbox 1297 2327 1385 2366; x_wconf 86' lang='lat' dir='ltr'>apud</span> <span class='ocrx_word' id='word_1_314' title='bbox 1416 2325 1597 2364; x_wconf 81' lang='lat' dir='ltr'>Taylorum</span> 
     </span>
     <span class='ocr_line' id='line_1_39' title="bbox 273 2367 1597 2414; baseline -0.002 -11"><span class='ocrx_word' id='word_1_315' title='bbox 273 2383 312 2413; x_wconf 85' lang='lat'>19</span> <span class='ocrx_word' id='word_1_316' title='bbox 331 2378 410 2414; x_wconf 84' lang='lat' dir='ltr'>post</span> <span class='ocrx_word' id='word_1_317' title='bbox 426 2374 646 2406; x_wconf 78' lang='grc' dir='ltr'>πεντακοσίων</span> <span class='ocrx_word' id='word_1_318' title='bbox 661 2374 737 2406; x_wconf 86' lang='lat' dir='ltr'><strong>add.</strong></span> <span class='ocrx_word' id='word_1_319' title='bbox 756 2376 908 2414; x_wconf 82' lang='grc' dir='ltr'>δραχμῶν</span> <span class='ocrx_word' id='word_1_320' title='bbox 923 2372 1026 2412; x_wconf 81' lang='lat' dir='ltr'><strong>vulg.,</strong></span> <span class='ocrx_word' id='word_1_321' title='bbox 1045 2375 1204 2404; x_wconf 84' lang='grc' dir='ltr'>δικαστῶν</span> <span class='ocrx_word' id='word_1_322' title='bbox 1221 2370 1251 2409; x_wconf 80' lang='lat' dir='ltr'><strong>Q</strong></span> <span class='ocrx_word' id='word_1_323' title='bbox 1263 2383 1313 2411; x_wconf 80' lang='grc' dir='ltr'>Ὑρ.</span> <span class='ocrx_word' id='word_1_324' title='bbox 1327 2370 1367 2407; x_wconf 77' lang='lat' dir='ltr'>D,</span> <span class='ocrx_word' id='word_1_325' title='bbox 1385 2369 1427 2400; x_wconf 85' lang='lat' dir='ltr'>cs.</span> <span class='ocrx_word' id='word_1_326' title='bbox 1441 2368 1574 2399; x_wconf 81' lang='lat' dir='ltr'>Andoc.</span> <span class='ocrx_word' id='word_1_327' title='bbox 1587 2367 1597 2398; x_wconf 79' lang='lat' dir='ltr'><strong>i</strong></span> 
     </span>
     <span class='ocr_line' id='line_1_40' title="bbox 271 2414 1390 2457; baseline -0.003 -10"><span class='ocrx_word' id='word_1_328' title='bbox 271 2426 310 2457; x_wconf 91' lang='lat'>17</span> <span class='ocrx_word' id='word_1_329' title='bbox 326 2428 334 2448; x_wconf 71' lang='grc' dir='ltr'>ι</span> <span class='ocrx_word' id='word_1_330' title='bbox 358 2417 424 2449; x_wconf 88' lang='lat' dir='ltr'><strong>del.</strong></span> <span class='ocrx_word' id='word_1_331' title='bbox 440 2417 567 2447; x_wconf 86' lang='lat' dir='ltr'>Reiske</span> <span class='ocrx_word' id='word_1_332' title='bbox 699 2425 738 2448; x_wconf 81' lang='lat'>21</span> <span class='ocrx_word' id='word_1_333' title='bbox 765 2418 855 2449; x_wconf 79' lang='grc' dir='ltr'>αὐτοί</span> <span class='ocrx_word' id='word_1_334' title='bbox 869 2427 934 2448; x_wconf 91' lang='lat' dir='ltr'>om.</span> <span class='ocrx_word' id='word_1_335' title='bbox 954 2416 1003 2455; x_wconf 80' lang='lat'>5¹,</span> <span class='ocrx_word' id='word_1_336' title='bbox 1023 2416 1102 2447; x_wconf 86' lang='lat' dir='ltr'>add.</span> <span class='ocrx_word' id='word_1_337' title='bbox 1118 2416 1153 2445; x_wconf 87' lang='lat' dir='ltr'>in</span> <span class='ocrx_word' id='word_1_338' title='bbox 1171 2424 1236 2454; x_wconf 89' lang='lat' dir='ltr'>mg.</span> <span class='ocrx_word' id='word_1_339' title='bbox 1253 2414 1326 2445; x_wconf 86' lang='lat' dir='ltr'><strong>ead.</strong></span> <span class='ocrx_word' id='word_1_340' title='bbox 1345 2424 1390 2444; x_wconf 91' lang='lat' dir='ltr'>m.</span> 
     </span>
    </p>
   </div>
   <div class='ocr_carea' id='block_1_14' title="bbox 1052 481 1629 537">
    <p class='ocr_par' dir='ltr' id='par_1_15' title="bbox 1052 481 1629 537">
     <span class='ocr_line' id='line_1_41' title="bbox 1052 481 1629 537; baseline -0.007 -13"><span class='ocrx_word' id='word_1_341' title='bbox 1052 483 1115 524; x_wconf 81' lang='grc' dir='ltr'>καὶ</span> <span class='ocrx_word' id='word_1_342' title='bbox 1144 484 1218 535; x_wconf 77' lang='grc' dir='ltr'>γὰρ</span> <span class='ocrx_word' id='word_1_343' title='bbox 1254 482 1299 523; x_wconf 82' lang='grc' dir='ltr'>οὗ</span> <span class='ocrx_word' id='word_1_344' title='bbox 1321 482 1444 534; x_wconf 87' lang='grc' dir='ltr'>μόνον</span> <span class='ocrx_word' id='word_1_345' title='bbox 1471 481 1591 537; x_wconf 87' lang='grc' dir='ltr'>ταύτῃ</span> <span class='ocrx_word' id='word_1_346' title='bbox 1612 497 1629 528; x_wconf 83' lang='grc'><em>5</em></span> 
     </span>
    </p>
   </div>
   <div class='ocr_carea' id='block_1_15' title="bbox 1617 831 1656 853">
    <p class='ocr_par' dir='ltr' id='par_1_16' title="bbox 1617 831 1656 853">
     <span class='ocr_line' id='line_1_42' title="bbox 1617 831 1656 853; baseline 0 0"><span class='ocrx_word' id='word_1_347' title='bbox 1617 831 1656 853; x_wconf 90' lang='lat'>10</span> 
     </span>
    </p>
   </div>
   <div class='ocr_carea' id='block_1_16' title="bbox 1618 1167 1656 1199">
    <p class='ocr_par' dir='ltr' id='par_1_17' title="bbox 1618 1167 1656 1199">
     <span class='ocr_line' id='line_1_43' title="bbox 1618 1167 1656 1199; baseline 0 0"><span class='ocrx_word' id='word_1_348' title='bbox 1618 1167 1656 1199; x_wconf 89' lang='lat'>15</span> 
     </span>
    </p>
   </div>
   <div class='ocr_carea' id='block_1_17' title="bbox 1619 1507 1660 1528">
    <p class='ocr_par' dir='ltr' id='par_1_18' title="bbox 1619 1507 1660 1528">
     <span class='ocr_line' id='line_1_44' title="bbox 1619 1507 1660 1528; baseline 0 0"><span class='ocrx_word' id='word_1_349' title='bbox 1619 1507 1660 1528; x_wconf 81' lang='lat'>20</span> 
     </span>
    </p>
   </div>
   <div class='ocr_carea' id='block_1_18' title="bbox 1619 1841 1658 1874">
    <p class='ocr_par' dir='ltr' id='par_1_19' title="bbox 1619 1841 1658 1874">
     <span class='ocr_line' id='line_1_45' title="bbox 1619 1841 1658 1874; baseline 0 0"><span class='ocrx_word' id='word_1_350' title='bbox 1619 1841 1658 1874; x_wconf 86' lang='lat'>25</span> 
     </span>
    </p>
   </div>
  </div>
 </body>
</html>
