1763 2778
102 839 140 860 10

101 1173 137 1205 15

100 1515 140 1536 20

162 116 264 172 mx]
521 121 682 160 ΠΡΟΣ
728 119 1071 160 ΤΙΜΟΘΕΟΝ
1508 116 1645 172 [1195]

159 217 182 272 ἢ
209 220 260 262 ὡς
286 220 354 261 οὐκ
380 221 528 272 ἔλαβεν
553 221 573 260 ὁ
598 220 805 263 Φιλώνδας
829 219 872 260 τὸ
897 224 1044 261 ναῦλον
1068 224 1145 261 τῶν
1171 220 1301 271 ξύλων
1327 222 1402 262 ἀπὸ
1419 223 1487 271 τῆς

160 286 351 340 τραπέζης
386 284 408 338 ἢ
447 288 498 330 ὡς
534 287 661 328 αὐτῶν
694 304 753 330 τις
790 286 986 334 διέλυσεν,
1025 292 1106 330 πῶς
1142 288 1209 328 οὐκ
1241 289 1343 331 εἰκός
1376 290 1487 329 ἐστιν

159 355 258 406 ὑμᾶς
282 354 472 408 ἡγεῖσθαί
499 373 547 407 με
580 356 732 406 τάληθῆ
762 354 915 408 λέγειν;
956 355 1125 406 καὶμὴν
1162 355 1241 395 οὐδ’
1279 356 1407 396 ἐκεῖιό
1442 373 1486 408 γε
1507 374 1550 410 39

160 421 354 473 τολμησει
383 419 572 475 <λέγειν>,
613 422 664 465 ὡς
698 422 822 465 ἄλλος
852 440 910 465 τις
946 422 1106 463 διέλυσε
1138 422 1183 463 τὸ
1218 427 1366 464 ναῦλον
1390 424 1486 475 ὑπὲρ

159 493 236 530 τῶν
262 488 391 540 ξύλων
417 491 470 530 ὧν
495 507 644 542 ηγαγεν
669 491 689 530 ὁ
715 490 841 530 Φιλώι
847 493 935 536 δας,
962 507 985 540 η
1013 490 1032 529 ὁ
1057 507 1182 541 πατηρ
1209 490 1229 529 ὁ
1255 491 1359 541 ἐμός.
1418 491 1486 530 ἐὰν

160 558 202 598 δὲ
238 573 481 610 καταχρηται
516 561 569 612 τῷ
605 558 727 612 λόγῳ,
760 557 914 608 ἀξιοῦτε
944 556 1062 598 αὐτὸν
1093 558 1155 598 καὶ
1179 575 1249 608 την
1273 558 1486 610 μαρτυρίαν

160 623 444 677 παρασχέσθαι
466 625 557 675 ὑμῖν
581 628 649 665 τοῦ
674 625 890 666 ἀποδόντος
909 623 953 664 τὸ
971 628 1117 665 ναῦλον
1133 626 1229 677 ὑπὲρ
1245 629 1323 665 τῶν
1343 624 1484 675 ξύλων.

161 690 275 733 αὐτὸς
298 693 370 743 μὲν
393 692 470 744 γὰρ
496 692 749 744 ὁμολογεῖται
773 687 990 743 ἀποδημεῖν
1015 694 1120 744 παρὰ
1145 696 1323 743 βασιλεῖ,
1352 691 1419 732 τὸν
1445 694 1486 732 δὲ

161 758 384 806 Φιλώνδαν,
409 757 455 800 ὃν
480 758 660 811 ἔπεμψεν
686 759 748 799 ἐπὶ
773 760 821 798 τὰ
847 758 945 810 ξύλα
964 759 1025 799 καὶ
1052 759 1279 810 συνέστησε
1295 763 1347 814 τῷ
1369 759 1486 811 πατρὶ

159 829 211 880 τῷ
271 826 364 881 ἐμῷ,
412 827 626 877 τεθνηκότα
674 825 895 877 κατέλαβες
940 827 1046 877 ἥκων
1101 828 1206 879 παρὰ
1264 825 1483 877 βασιλέως.

161 893 375 945 ἀναγκαῖον
421 892 468 944 δὴ
516 898 593 934 τῶν
639 893 776 934 ἄλλων
823 894 978 933 οἰκείων
1027 893 1088 932 καὶ
1137 894 1378 944 ἐπιτηδείων,
1419 892 1485 934 οὓς
1505 904 1550 936 40

162 958 366 1002 κατέλιπες
392 961 611 1011 ἀποδημεῖν
637 960 800 1012 μέλλων
830 964 1186 1011 συνεπιμελεῖσθαι
1213 965 1292 1001 τῶν
1326 963 1483 1006 σαυτοῦ,
1507 957 1644 1011 [1196]

159 1026 303 1068 εἰδέναι
327 1029 413 1068 τινα
439 1029 529 1068 ὅθεν
554 1027 598 1068 τὸ
624 1032 770 1069 ναῦλον
793 1031 872 1068 τῶν
897 1027 1028 1079 ξύλων
1051 1029 1221 1079 πορίσας
1239 1028 1258 1066 ὁ
1278 1028 1487 1069 Φιλώνδας

157 1097 209 1149 τῷ
252 1093 455 1150 ναυκλήρῳ
494 1094 690 1142 διέλυσεν,
730 1096 762 1136 εἰ
796 1095 847 1147 μὴ
887 1095 966 1148 φὴς
1000 1094 1069 1136 τὸν
1104 1094 1253 1147 πατέρα
1288 1094 1355 1135 τὸν
1393 1093 1487 1145 ἐμὸν

159 1164 362 1214 συστῆσαι
409 1162 523 1218 αὐτῷ,
573 1165 670 1215 μηδὲ
717 1166 864 1214 λαβεῖν
910 1161 979 1203 τὸν
1028 1162 1238 1203 Φιλώνδαν
1281 1163 1386 1214 παρὰ
1421 1165 1488 1201 τοῦ

158 1228 304 1281 πατρὸς
328 1232 396 1270 τοῦ
422 1231 518 1281 ἐμοῦ
544 1229 590 1271 τὸ
618 1235 766 1272 ναῦλον
797 1234 875 1271 τῶν
899 1228 1044 1280 ξύλων.
1114 1230 1328 1282 μαρτυρίαν
1355 1230 1486 1269 τοίνυν
1506 1242 1547 1274 41

159 1295 315 1339 οὐδενὸς
351 1296 457 1352 ἔχεις
493 1297 774 1351 παρασχέσθαι
810 1301 888 1338 τῶν
924 1298 1075 1337 οἰκείων
1113 1301 1189 1337 τῶν
1232 1299 1390 1342 σαυτοῦ,
1437 1296 1487 1338 ὡς

159 1363 227 1405 οὐκ
261 1363 417 1416 ἐλήφθη
448 1369 521 1405 σοῦ
552 1365 847 1416 ἀποδημοῦντος
879 1367 923 1404 τὸ
957 1368 1103 1404 ναῦλον
1135 1368 1211 1404 τῶν
1248 1362 1378 1414 ξύλων
1408 1362 1486 1403 ἀπὸ

158 1433 226 1482 τῆς
273 1431 476 1484 τραπέζης,
527 1433 633 1472 ἀλλὰ
681 1435 789 1473 δυοῖν
837 1431 1014 1484 θάτερον,
1064 1428 1087 1481 ἢ
1131 1430 1259 1471 οὐδενὶ
1291 1436 1369 1488 χρῇ
1409 1434 1486 1470 τῶν

159 1499 313 1539 οἰκείων
336 1498 427 1540 οὐδὲ
451 1499 651 1542 πιστεύεις
674 1503 753 1539 τῶν
779 1502 927 1539 σαυτοῦ
952 1498 1092 1546 οὐδενί,
1123 1495 1146 1548 ἦ
1178 1499 1288 1539 εἰδὼς
1312 1498 1486 1549 ἀκριβῶς

158 1564 227 1606 τὸν
263 1566 473 1607 Φιλώνδαν
507 1567 691 1618 λαβόντα
726 1565 770 1606 τὸ
808 1569 954 1607 ναῦλον
990 1570 1067 1606 τῶν
1109 1564 1239 1615 ξύλων
1277 1566 1382 1616 παρὰ
1421 1568 1487 1604 τοῦ

159 1632 304 1685 πατρὸς
329 1637 397 1673 τοῦ
422 1635 528 1685 ἐμοῦ,
555 1632 657 1690 ᾧπερ
682 1633 800 1674 αὐτὸν
825 1632 1077 1684 συνέστησας
1103 1634 1167 1673 ὅτε
1193 1631 1386 1683 ἐξέπλεις,
1413 1632 1486 1672 οἴει

159 1702 240 1741 δεῖν
265 1700 546 1753 ἀποστερήσας
568 1700 681 1753 ἡμᾶς,
710 1702 779 1742 ἐὰν
805 1701 911 1757 δύνῃ,
939 1703 1204 1741 πλεονεκτεῖν.
1248 1699 1324 1751 ἐγὼ
1340 1699 1483 1745 τοίνυν,
1506 1706 1549 1739 42

159 1766 188 1808 ὦ
215 1767 350 1820 ἄνδρες
380 1769 573 1820 δικασταί,
604 1768 702 1820 πρὸς
725 1774 772 1826 τῇ
804 1769 1007 1822 μαρτυρίᾳ,
1035 1766 1083 1818 ἢν
1116 1766 1372 1819 παρέσχημαι
1396 1767 1485 1817 ὑμῖν

125 1852 136 1858 ·
158 1838 447 1888 μαρτυροῦντας
481 1835 571 1878 τοὺς
607 1837 747 1878 δόντας
771 1839 814 1875 τὸ
839 1835 1025 1888 ἀργύριον
1058 1836 1115 1876 οῖς
1140 1835 1251 1876 οὗτος
1277 1833 1485 1874 ἐκέλευσεν

161 1902 222 1943 καὶ
259 1901 498 1954 καθημένους
534 1903 597 1944 ἐπὶ
632 1904 678 1960 τῇ
715 1902 886 1959 τραπέζῃ
919 1902 1020 1950 τότε,
1057 1903 1119 1943 καὶ
1145 1900 1486 1952 πίστιν’ἠθέλησα

160 1970 363 2017 ἐπιθεῖναι,
389 1969 438 2022 ἢν
461 1971 736 2024 ἀναγνώσεται
759 1971 860 2022 ὑμῖν.

203 2083 222 2104 2
247 2073 327 2115 πῶς]
346 2074 365 2112 ἢ
383 2075 423 2107 ὡς
441 2074 465 2105 S
478 2074 503 2105 F
515 2073 546 2114 Q
559 2074 589 2105 D
779 2084 841 2113 3—4
866 2075 915 2107 καὶ
933 2075 994 2114 μὴν
1011 2098 1018 2106 .
1039 2099 1045 2106 .
1064 2099 1070 2105 .
1087 2073 1245 2113 τολμήσει
1263 2084 1328 2104 om.
1346 2072 1376 2101 A
1393 2071 1485 2103 solus

159 2127 179 2156 3
195 2117 249 2158 γε]
269 2131 306 2150 τε
319 2117 343 2149 S
357 2117 382 2148 F
395 2118 425 2157 Q
438 2118 468 2148 D
557 2129 577 2157 4
594 2123 672 2150 ante
682 2119 842 2159 τολμήσει
857 2119 932 2149 add.
942 2120 1040 2150 εἰπεῖν
1051 2118 1227 2156 Hirschig,
1240 2116 1337 2147 Blass
1351 2127 1359 2156 3
1376 2116 1486 2156 λέγειν

162 2161 289 2192 Reiske
303 2172 310 2194 ε
337 2172 402 2201 ego
420 2162 533 2203 λέγειν
547 2162 662 2193 addidi
680 2167 758 2202 post
773 2163 945 2202 τολμήσει.
994 2161 1072 2192 inde
1085 2161 1176 2191 enim
1193 2172 1291 2192 causa
1306 2159 1484 2191 omittendi

160 2204 194 2235 in
209 2204 242 2234 A
256 2205 340 2236 satis
357 2206 498 2237 evidens
582 2220 630 2239 τις
647 2209 682 2238 οὐ
699 2206 828 2238 διέλυσε
843 2205 874 2234 A
990 2215 1028 2235 10
1052 2205 1232 2241 κατέλαβες
1250 2204 1346 2235 BlaSS
1362 2214 1367 2233 Ξ
1393 2217 1484 2235 mvre-

160 2249 324 2288 λάμβανες
341 2249 365 2279 S
382 2250 471 2288 vulg.
489 2260 496 2280 :
521 2249 704 2287 κατελάβεν
718 2249 749 2279 A
865 2259 902 2279 12
927 2248 1096 2280 κατέλιπες
1114 2249 1137 2278 F
1153 2248 1183 2286 Q
1198 2259 1204 2279 :
1230 2248 1416 2279 κατέλειπες
1436 2247 1459 2277 S
1477 2257 1484 2276 t

161 2291 376 2325 κατέλιπενΑ
449 2292 603 2325 ἑαυτοῦΛ
695 2304 732 2333 13
749 2293 835 2334 ὅθεν]
849 2295 888 2325 ὣς
905 2292 935 2321 Α
1029 2302 1065 2330 14
1084 2291 1205 2333 φησιΑ
1298 2292 1334 2320 18
1353 2290 1483 2330 ἐλείφθη

161 2335 186 2366 S
198 2335 229 2374 Q
310 2336 387 2377 ἀπὸ]
409 2339 445 2369 ἐκ
459 2336 503 2375 A,
518 2337 559 2369 cf.
581 2340 596 2375 ξ
614 2338 634 2367 3
808 2347 849 2367 22
872 2338 929 2368 τοῦ
949 2338 1024 2375 ἐμοῦ
1039 2346 1103 2366 om.
1121 2336 1152 2365 A
1269 2334 1351 2375 ᾧπερ
1368 2333 1484 2363 WVOIf:

162 2380 268 2421 ὥσπερ
284 2381 382 2413 codd.
473 2381 569 2413 αὐτὸν
584 2392 652 2412 om.
666 2380 698 2410 A
810 2392 850 2418 23
870 2379 951 2420 δεῖν]
964 2382 1041 2412 ϊδειν
1052 2380 1075 2411 S
1087 2379 1117 2417 Q
1230 2389 1270 2417 24
1289 2379 1325 2415 ἢν
1339 2378 1362 2407 S
1375 2377 1460 2415 vulg.
1477 2387 1484 2406 :

159 2422 182 2465 ᾗ
196 2422 228 2452 Α
346 2425 389 2454 26
412 2427 470 2462 τῆς
485 2424 642 2466 τραπέζης
658 2424 691 2454 Α
779 2424 873 2464 prius
893 2425 942 2455 καὶ
958 2433 1022 2454 om.
1042 2423 1073 2454 A
1208 2433 1247 2461 27
1275 2424 1421 2454 ἐπιθεῖναι
1440 2422 1484 2450 S:

160 2466 300 2509 Τιμοθέῳ
318 2467 468 2500 ἐπιθεῖναι
484 2473 564 2500 cett.
