1746 2774
73 108 212 163 [1482]
663 112 1145 150 ΔιΙΜοΣΘΕΝοὙΣ

234 209 325 249 ἀλλ’
356 211 450 251 ὅταν
483 228 529 262 γε
561 209 708 250 τοιαῦθ’
745 211 809 250 οἶα
845 212 892 250 τὰ
928 215 1008 258 νῦν,
1038 211 1320 263 παραδείγματ’
1353 213 1559 264 ἐκφέρητε,

233 278 289 318 τίς
316 278 426 317 ἔστιν
451 279 563 319 ὅστις
601 279 657 320 εἰς
679 278 824 328 ταύτην
849 278 920 328 τὴν
952 278 1062 329 τάξιν
1097 277 1237 319 ἑαυτὸν
1270 280 1445 330 γνησίως
1473 281 1562 331 ὑμῖν

170 355 212 389 33
233 344 416 394 ἐθελήσει
449 348 601 392 δοῦναι;
639 344 745 385 ἀλλὰ
781 345 858 396 μὴν
890 350 967 385 τῶν
1004 363 1048 398 γε
1078 346 1463 397 προσποιησομένων
1495 347 1562 387 οὐκ

234 410 470 464 ἀπορήσετε·
508 411 696 464 οὐδὲγὰρ
732 413 934 465 πρότερον.
1008 412 1060 464 μὴ
1097 412 1252 465 γένοιτο
1289 413 1322 453 δ’
1355 414 1452 454 ἰδεῖν
1477 414 1560 465 ἐξε-

232 478 476 532 λεγχθέντας
523 479 660 520 αὐτοὺς
709 480 853 530 ὁμοίως
901 481 1078 527 ἐκείνοις,
1119 480 1157 521 οἳ
1195 484 1377 533 φανερῶς
1415 481 1441 522 ἃ
1482 480 1562 521 τότ’

232 545 422 597 ἠρνοῦντο
460 550 526 586 νῦν
566 547 866 597 πολιτευόμενοι
906 546 1031 587 οὐδέν’
1072 548 1179 598 ὑμῶν
1216 548 1305 589 οὔτε
1339 549 1563 589 δεδοίκασιν

233 612 313 652 οὔτ’
339 614 607 666 αἰσχύνονται.
667 614 693 654 ἃ
716 613 792 668 χρὴ
813 613 1103 667 λογιζομένους,
1126 613 1155 655 ὦ
1179 614 1318 668 ἄνδρες
1342 614 1561 666 Ἀθηναῖοι,

232 678 329 731 μήτε
354 685 431 721 τῶν
452 681 573 721 εὔνων
593 682 803 733 ὀλιγωρεῖν
827 680 925 732 μήτε
950 686 1034 724 τοῖς
1058 681 1302 734 προάγουσιν
1328 683 1382 724 εἷς
1405 683 1563 734 πικρίαν

169 761 212 795 34
233 747 297 787 καὶ
339 747 519 798 ὠμότητα
567 748 639 798 τὴν
691 749 810 789 πόλιν
858 750 1075 790 πείθεσθαι.
1149 749 1251 790 πολὺ
1293 751 1369 802 γὰρ
1406 752 1563 801 μᾶλλον

234 814 386 856 εὐνοίας
415 815 478 855 καὶ
504 817 806 868 φιλανθρωπίας
844 815 891 855 τὰ
928 817 1104 869 παρόντα
1138 815 1350 869 πράγματα
1381 820 1504 857 δεῖται
1539 814 1562 867 ἢ

232 884 407 936 ταραχῆς
432 883 493 922 καὶ
519 884 764 933 δυσμενείας,
792 884 845 923 ὧν
870 884 1078 940 ὑπερβολῇ
1101 884 1302 936 χρώμενοί
1322 901 1424 926 τινες
1449 885 1561 937 ἐργο-

231 952 409 1000 λαβοῦσι
426 948 510 990 καθ’
534 951 641 1001 ὑμῶν
667 951 722 992 εἰς
746 950 949 1004 ὑποδοχὴν
966 950 1220 1003 πραγμάτων,
1238 951 1293 992 ὧν
1307 951 1564 1003 διαψεύσειεν

232 1016 370 1059 αὐτοὺς
396 1017 416 1056 ὁ
439 1018 648 1069 λογισμός.
720 1019 753 1058 εἷ
779 1017 820 1057 δέ
840 1034 899 1060 τις
923 1019 1031 1069 ὑμῶν
1056 1018 1232 1070 διασύρει
1250 1021 1384 1065 ταῦτα,
1411 1021 1565 1070 πολλῆς

233 1085 345 1124 ἐστιν
370 1083 547 1134 εὐηθείας
569 1085 729 1136 μεστός.
800 1086 833 1125 εἶ
859 1083 946 1137 γάρ,
974 1085 998 1125 ἃ
1020 1086 1155 1137 μηδεὶς
1179 1084 1226 1126 ἂν
1251 1085 1437 1136 ἤλπισεν,
1465 1087 1566 1138 ὁρῶν

231 1150 488 1203 γεγενημένα,
525 1152 549 1192 ἃ
581 1152 644 1192 καὶ
681 1152 872 1204 πρότερον
908 1151 1049 1205 γέγονε
1083 1156 1152 1192 τοῦ
1188 1151 1310 1203 δήμου
1346 1152 1440 1205 πρὸς
1474 1153 1563 1194 τοὺς

69 1218 211 1274 [1483]
232 1219 329 1270 ὑπὲρ
345 1218 462 1258 αὐτοῦ
481 1218 673 1272 λέγοντας
692 1218 756 1260 ὑπ’
782 1219 1000 1272 ἀνθρώπων
1020 1219 1242 1273 ἐγκαθέτων
1261 1218 1561 1271 διαβληθέντος,

233 1289 301 1326 νῦν
325 1285 376 1336 μὴ
404 1285 451 1326 ἂν
478 1287 602 1327 οἴεται
626 1285 829 1339 γενέσθαι,
856 1291 939 1329 πῶς
964 1286 1009 1327 οὐ
1035 1286 1277 1339 τετύφωται,·

170 1366 210 1403 35
299 1351 418 1393 Ταῦτ’
445 1354 479 1393 εἷ
502 1355 574 1404 μὲν
594 1355 734 1406 παρῆν,
761 1353 893 1407 λέγων
918 1353 966 1395 ἂν
986 1355 1084 1405 ὑμᾶς
1109 1355 1331 1395 ἐδίδασκον·
1371 1353 1503 1406 ἐπειδὴ
1528 1353 1562 1396 δ’

234 1420 275 1460 ἐν
304 1419 495 1462 τοιούτοις
529 1422 606 1472 εἰμὶ
644 1422 686 1461 ἐν
716 1421 787 1468 οἷς,
819 1422 858 1463 εἴ
885 1438 944 1464 τις
977 1423 1072 1473 ἐμοῦ
1104 1421 1375 1474 κατέψευσται
1403 1421 1469 1475 ἐφ’
1505 1423 1563 1464 οἷς

232 1487 440 1534 ἀπόλωλα,
489 1487 656 1540 γένοιτο,
700 1488 861 1541 γράψας
910 1488 1151 1535 ἐπέσταλκα,
1191 1489 1347 1541 πρώτου
1385 1491 1458 1541 μὲν
1500 1490 1563 1530 καὶ

232 1559 424 1595 πλεῖστον
449 1556 576 1608 λόγον
600 1556 834 1607 ποιούμενος
859 1559 927 1596 τοῦ
954 1560 1076 1596 καλοῦ
1102 1556 1164 1596 καὶ
1193 1560 1262 1596 τοῦ
1286 1556 1564 1609 συμφέροντος

231 1623 335 1673 ὑμῖν,
374 1622 555 1674 δεύτερον
593 1621 625 1663 δ’
662 1624 722 1663 ὅτι
757 1622 829 1673 τὴν
865 1623 985 1674 αὐτὴν
1022 1623 1176 1664 εὔνοιαν
1214 1618 1283 1674 ἢν
1306 1623 1402 1675 πρὸς
1441 1624 1563 1673 ζῶντα

231 1691 456 1741 Λυκοῦργον
482 1690 606 1743 εἶχον,
633 1691 783 1731 δίκαιον
809 1690 909 1731 εἶναι
932 1691 1075 1742 νομίζω
1102 1691 1164 1731 καὶ
1187 1691 1283 1743 πρὸς
1308 1690 1397 1732 τοὺς
1422 1693 1563 1733 παῖδας

167 1760 212 1804 36
232 1755 348 1796 αὐτοῦ
372 1757 588 1808 φαίνεσθαι
613 1757 730 1809 ἔχων.
804 1758 837 1798 εἷ
862 1757 905 1798 δέ
928 1775 981 1813 τῳ
1015 1757 1264 1810 παρέστηκεν
1290 1758 1339 1798 ὡς
1368 1758 1473 1798 πολύ
1495 1775 1562 1809 μοι

232 1824 432 1874 περίεστιν
452 1827 529 1864 τῶν
562 1825 730 1875 ἐμαυτοῦ
756 1823 1009 1877 πραγμάτων,
1045 1825 1113 1865 οὐκ
1145 1824 1194 1865 ἂν
1225 1823 1436 1876 ὀκνήσαιμι
1465 1827 1561 1877 πρὸς

231 1893 369 1931 τοῦτον
395 1891 519 1931 εἰπεῖν
542 1891 603 1931 ὅτι
629 1895 706 1931 τῶν
727 1892 1013 1944 συμφερόντων
1032 1892 1129 1943 ὑμῖν·
1144 1892 1207 1932 καὶ
1229 1895 1300 1932 τοῦ
1316 1891 1465 1943 μηδένα
1482 1895 1560 1933 τῶν

233 1958 363 2009 φίλων
394 1959 694 2010 ἐγκαταλείπειν
728 1960 871 2009 ὁμοίως
905 1960 1041 2011 ὥσπερ
1073 1961 1143 2009 τῆς
1171 1959 1340 2010 ἐμαυτοῦ
1364 1960 1560 2012 σωτηρίας

282 2061 295 2080 1
322 2050 386 2091 υἷα]
407 2049 473 2082 οἷον
491 2049 571 2091 Pa'p.
666 2051 836 2092 ἐκφέρηται
858 2052 881 2083 S
896 2053 922 2083 F
1070 2063 1088 2082 2
1113 2055 1157 2085 εἷς
1175 2075 1182 2083 .
1201 2075 1210 2084 .
1231 2075 1238 2082 .
1258 2051 1342 2092 ὑμῖν]
1361 2053 1501 2093 ’γνησίως
1517 2053 1559 2084 εἷς

231 2094 354 2132 ταύτην
368 2096 429 2132 τὴν
444 2094 534 2135 τάξιν
551 2097 639 2135 ὑμεῖν
654 2097 766 2127 ἑαυτὸν
785 2097 864 2135 Pap.
1033 2106 1053 2135 3
1076 2109 1116 2137 γε
1132 2106 1197 2135 mg.
1219 2096 1299 2126 edit.
1319 2095 1433 2133 Paris„
1455 2095 1534 2135 Pap.
1551 2107 1558 2127 ε

231 2151 268 2168 τε
283 2136 305 2167 S
321 2137 344 2167 F
355 2137 385 2176 Q
518 2140 538 2168 6
555 2142 610 2171 νῦν
619 2140 716 2169 codd.
730 2150 737 2169 :
756 2141 890 2180 ὕστερον
904 2139 983 2179 Pap.
1076 2141 1253 2171 δεδοίκασιν
1266 2142 1338 2171 οὔτε
1350 2139 1558 2180 αἰσχύνονται

231 2181 331 2211 codd.
346 2191 353 2211 :
380 2183 579 2214 ἐδεδοίκεσαν
596 2184 669 2214 οὔτε
685 2184 872 2224 ᾐσχύνοντο
891 2182 969 2222 Pap.
1072 2193 1089 2222 7
1112 2183 1134 2214 ὦ
1150 2193 1216 2213 om.
1233 2182 1314 2222 Pap.
1419 2183 1439 2212 8
1462 2184 1559 2214 εὔνων

233 2224 258 2254 F
271 2235 354 2256 corr.
369 2237 375 2256 t
403 2225 516 2257 εὐνάων
534 2225 557 2255 S
572 2225 610 2255 Fl
622 2225 652 2264 Q
667 2236 674 2255 :
699 2226 891 2257 εὐνοούντων
911 2226 988 2265 Pap.
1142 2236 1175 2256 1¹
1205 2225 1271 2267 καὶ]
1289 2228 1308 2264 ’ἢ
1327 2225 1406 2265 Pap.
1498 2225 1556 2266 ὧν]

232 2268 270 2305 ἣν
290 2268 369 2307 Pap.
443 2278 480 2299 12
505 2269 702 2309 διαψεύσειεν
714 2269 832 2301 codd.:
851 2269 1016 2309 διέψευσεν
1030 2270 1109 2310 Pap.
1128 2281 1135 2301 ι
1153 2273 1368 2310 διαψευσθεῖεν
1385 2269 1478 2302 Suid.
1494 2279 1557 2300 ΞΝ.

233 2311 411 2352 ἐργολάβος
429 2313 558 2351 (αὐτοὺς
575 2314 592 2344 ὁ
608 2311 765 2353 λογισμός
783 2313 923 2351 omisso)
993 2315 1088 2345 αὐτὸς
1105 2313 1141 2344 S¹
1248 2323 1286 2352 14
1312 2316 1402 2345 ἐστιν
1419 2315 1557 2351 εὐηθείας

232 2355 328 2395 (-θίας
346 2356 384 2394 S)
402 2355 522 2396 μεστός
538 2356 634 2386 codd.
653 2367 659 2386 :
686 2357 828 2393 εὐηθείας
845 2357 935 2387 ἐστὶν
951 2358 1075 2395 πληρής
1093 2356 1172 2397 Pap.
1268 2358 1306 2387 18
1329 2359 1432 2388 ταῦτα
1453 2356 1532 2395 Pap.
1550 2367 1557 2386 ε

231 2401 335 2431 ταῦτα
361 2399 393 2430 δὲ
421 2399 518 2430 codd.
609 2401 686 2438 ὑμᾶς
710 2399 748 2430 ἂν
772 2398 852 2439 Pap.
992 2410 1029 2439 19
1053 2402 1113 2441 εἰμὶ
1140 2403 1173 2432 ἐν
1197 2400 1257 2442 οῖς]
1284 2400 1381 2441 ἐσμὲν
1407 2399 1452 2432 οἷς
1477 2399 1556 2441 Pap.

232 2452 273 2471 20
298 2443 421 2483 πρώτου
440 2442 530 2482 Pap„
550 2442 590 2473 cs.
609 2442 668 2472 xix
682 2452 720 2480 25
737 2453 743 2474 :
770 2446 892 2484 πρῶτον
909 2444 1006 2474 codd.
1120 2454 1158 2483 27
1187 2446 1413 2485 ἐγκαταλιπεῖν
1432 2442 1458 2472 F

1585 499 1601 530 5

1585 837 1623 859 10

1587 1172 1622 1203 15

1585 1510 1625 1532 20
