1742 2774
45 109 185 165 [1039]
618 106 1136 162 [ΔΙΙΜΟΣΘΕΝΟὙΣ]
1441 107 1530 163 [xm

165 231 185 255 2
207 208 271 250 καὶ
294 209 336 250 ἐν
360 207 387 266 ᾗ
410 208 645 262 ὡμολόγησε
672 210 815 251 δώσειν
839 209 910 261 τὴν
930 211 1148 263 ἀπόφασιν,
1175 210 1360 263 οὐδέτερα
1383 211 1530 252 τούτων

207 276 407 327 ἐποίησεν,
444 275 551 317 ἀλλὰ
587 276 892 330 καταφρονήσας
928 277 1176 331 ἀμφοτέρων,
1220 277 1283 318 καὶ
1323 277 1430 329 ἡμῶν
1468 278 1531 319 καὶ

206 346 276 384 τοῦ
308 344 442 395 νόμου,
481 343 647 399 δευτέρῳ
681 345 775 396 μηνὶ
810 345 966 392 ἔδωκεν,
1002 347 1111 386 δυοῖν
1147 342 1170 396 ἦ
1206 345 1335 398 τρισὶν
1370 344 1530 398 ἡμέραις

207 410 396 462 πρότερον
436 413 505 461 τῆς
545 413 598 453 εἷς
639 410 684 452 τὸ
724 410 980 464 δικαστήριον
1017 413 1188 459 εἰσόδου,
1230 412 1299 453 τὸν
1335 411 1368 452 δ’
1405 411 1531 453 ἄλλον

208 477 348 518 ἅπαντ’
374 479 550 519 ἐκποδὼν
576 477 623 528 ἧν
648 480 807 532 χρόνον·
846 479 932 520 ἀντὶ
958 481 999 520 δὲ
1024 483 1092 520 τοῦ
1115 481 1163 520 τὰ
1190 483 1336 530 σημεῖα
1361 480 1430 520 ἐᾶν
1453 483 1532 520 τῶν
1552 490 1569 522 5

207 544 428 595 οἰκημάτων
457 545 483 586 ἃ
514 545 865 598 παρεσημηνάμην,
900 547 1029 587 ἐλθὼν
1061 547 1118 589 εἷς
1147 546 1266 599 ἀγρὸν
1297 545 1444 601 ἀνέῳξε
1469 547 1532 587 καὶ

206 613 276 654 τὰς
306 611 440 664 κριθὰς
468 611 717 665 ἐξεφόρησεν
748 614 811 654 καὶ
845 612 988 660 τᾶλλα,
1019 613 1154 666 ὥσπερ
1192 612 1378 664 ἐξουσίαν
1414 616 1530 654 δεδω-

208 679 320 721 κότος
352 679 453 733 αὐτῷ
486 682 556 719 τοῦ
587 680 708 731 νόμου
742 683 869 721 ποιεῖν
900 681 924 721 ὅ
947 697 984 721 τι
1016 680 1064 721 ἂν
1087 681 1285 732 βούληται
1319 681 1380 721 καὶ
1403 680 1456 732 μὴ
1483 680 1534 722 ὡς

166 759 186 792 3
207 746 357 786 δίκαιόν
386 747 508 787 ἐστιν.
581 747 659 799 ἐγὼ
691 747 736 797 δ’,
764 745 793 787 ὦ
827 747 965 799 ἄνδρες
996 748 1191 795 δικασταί,
1224 748 1368 799 ἥδιστα
1389 749 1460 799 μὲν
1485 746 1534 788 ἂν

208 812 374 864 ἐμαυτὸν
412 814 516 854 εἶδον
552 813 790 867 εὐτυχοῦντα
826 815 961 867 ὥσπερ
998 815 1190 867 πρότερον
1227 819 1276 872 τῇ
1316 814 1434 869 οὐσίᾳ
1471 814 1535 855 καὶ
1558 830 1595 853 10

206 879 375 931 μένοντα
401 881 444 921 ἐν
475 884 558 924 τοῖς
589 881 842 933 τριακοσίοις·
881 881 1012 931 ἐπειδὴ
1049 883 1163 922 δὲτὰ
1195 883 1269 934 μὲν
1301 883 1370 932 τῆς
1403 883 1534 933 κοινῆς

207 947 371 1000 ἀτυχίας
403 948 618 1001 μετασχὼν
654 951 736 990 τοῖς
769 947 912 991 ἄλλοις
944 952 1026 990 τοῖς
1064 948 1339 1001 ἐργαζομένοις
1375 949 1418 989 ἐν
1451 952 1534 991 τοῖς

208 1015 349 1066 ἔργοις,
380 1016 430 1054 τὰ
462 1014 495 1055 δ’
529 1016 606 1069 ἰδίᾳ
637 1015 830 1068 μεγάλαις
863 1017 1167 1067 περιπεπτωκὼς
1198 1017 1350 1067 ζημίαις
1373 1015 1532 1057 ἀπολώ-

207 1086 307 1122 λεκα
340 1080 411 1132 τὴν
444 1082 595 1129 οὐσίαν,
629 1083 691 1123 καὶ
722 1082 768 1123 τὸ
803 1087 1031 1124 τελευταῖον
1061 1083 1151 1124 νυνί
1179 1100 1228 1134 με
1259 1085 1320 1124 δεῖ
1346 1083 1392 1140 τῇ
1417 1083 1535 1124 πόλει
1566 1112 1569 1114 -

207 1148 295 1200 τρία
308 1147 484 1189 τάλαντα
504 1152 740 1196 καταθεῖναι,
758 1149 955 1190 τάλαντον
971 1151 1070 1190 κατὰ
1084 1149 1156 1201 τὴν
1169 1151 1309 1203 μερίδα
1323 1148 1535 1204 (μετέσχον
1556 1167 1595 1200 15

207 1215 295 1268 γάρ,
324 1215 375 1258 ὡς
402 1215 455 1267 μή
482 1215 569 1256 ποτ’
603 1217 778 1269 ὤφελον,
802 1218 907 1269 κάγὼ
932 1221 1002 1258 τοῦ
1025 1217 1283 1268 δημευθέντος
1306 1214 1532 1269 μετάλλου),

209 1283 424 1335 ἀναγκαῖόν
458 1284 569 1324 ἐστιν
601 1285 656 1326 εἰς
688 1284 760 1334 τὴν
792 1284 889 1335 ἐμὴν
917 1283 1029 1335 τάξιν
1059 1287 1270 1337 πειρᾶσθαι
1302 1283 1535 1325 καθιστάναι

208 1349 278 1390 τὸν
307 1350 351 1390 οὐ
382 1350 502 1401 μόνον
534 1352 628 1401 ἐμοῦ
659 1354 727 1392 νῦν
760 1353 857 1392 ὄντα
888 1352 1196 1404 πλουσιώτερον,
1219 1352 1325 1392 ἀλλὰ
1351 1351 1412 1392 καὶ
1437 1351 1531 1404 πρό-

208 1434 334 1469 τερον,
379 1417 441 1457 καὶ
483 1417 725 1459 οὐδεπώποτ’
767 1418 879 1459 οὐδὲν
925 1419 1273 1475 λελῃτουργηκότα
1316 1419 1408 1469 ὑμῖν
1454 1416 1535 1459 οὐδ’

168 1485 493 1537 4εἷσενηνοχότα
537 1491 585 1542 τῇ
632 1486 761 1527 πόλει.
833 1485 969 1537 δέομαι
1010 1486 1078 1526 οὖν
1116 1488 1222 1538 ὑμῶν
1264 1485 1460 1532 ἁπάντων,
1504 1483 1596 1526 ὧκο

209 1550 347 1603 ἄνδρες
389 1552 582 1598 δικασταί,
624 1554 694 1593 ἐὰν
735 1553 963 1593 ἐπιδεικνύω
1005 1554 1233 1595 Φαίνιππον
1273 1554 1426 1594 τουτονὶ
1473 1552 1535 1594 καὶ

210 1620 525 1671 παραβεβηκότα
554 1620 604 1660 τὰ
636 1621 678 1661 ἐν
709 1624 792 1662 τοῖς
823 1621 959 1672 νόμοις
992 1621 1122 1661 δίκαια
1151 1621 1214 1662 καὶ
1239 1620 1536 1673 πλουσιώτερον

44 1683 190 1738 [1040]
212 1687 305 1726 ὄντα
351 1687 528 1737 ἐμαυτοῦ,
570 1688 777 1738 βοηθῆσαί
814 1704 883 1739 μοι
923 1688 986 1728 καὶ
1027 1691 1164 1729 τοῦτον
1205 1689 1260 1730 εἷς
1295 1687 1385 1730 τοὺς
1426 1704 1533 1740 τρια-

212 1754 368 1794 κοσίους
394 1752 476 1794 ἀντ’
502 1755 596 1805 ἐμοῦ
622 1757 884 1805 καταστῆσαι·
921 1756 985 1795 διὰ
1007 1758 1120 1795 τοῦτο
1143 1754 1221 1808 γὰρ
1245 1756 1282 1796 οἱ
1311 1755 1425 1806 νόμοι
1449 1754 1535 1795 καθ’

210 1819 380 1860 ἕκαστον
417 1820 504 1863 ἔτος
537 1825 722 1862 ποιοῦσιν
755 1823 827 1864 τὰς
863 1821 1098 1868 ἀντιδόσεις,
1138 1822 1196 1862 ὅτι
1233 1822 1277 1862 τὸ
1319 1825 1536 1875 διευτυχεῖν
1558 1838 1595 1871 25

211 1891 388 1941 συνεχῶς
434 1892 483 1944 τῇ
529 1888 647 1943 οὐσίᾳ
692 1888 737 1929 οὐ
783 1892 951 1931 πολλοῖς
998 1892 1076 1930 τῶν
1122 1892 1295 1930 πολιτῶν
1337 1888 1535 1940 διαμένειν

211 1955 392 1994 εἴθισται.
446 1953 494 2005 ἐξ
515 1955 638 2009 ἀρχῆς
663 1955 695 1996 δ’
719 1956 811 2007 ὑμῖν
834 1958 882 1997 τὰ
907 1957 1099 2008 γενόμενα
1125 1956 1212 2009 περὶ
1237 1956 1308 2007 τὴν
1332 1956 1534 1997 ἀντίδοσιν

211 2019 462 2073 διηγήσομαι.

258 2140 299 2160 2-
282 2140 321 2170 -3
346 2132 396 2163 καὶ
413 2133 470 2163 τοῦ
490 2130 520 2161 Α
539 2131 626 2170 FQ:
652 2133 702 2164 καὶ
719 2133 760 2164 τὰ
777 2135 833 2164 τοῦ
853 2132 876 2163 S
900 2133 990 2164 unde
1016 2132 1100 2175 κᾷτα
1124 2135 1180 2164 τοῦ
1205 2132 1340 2172 Sauppe
1365 2131 1438 2163 coll.
1459 2134 1474 2170 ξ
1496 2142 1535 2162 10

211 2183 231 2212 3
253 2176 326 2214 μηνὶ
346 2175 462 2206 ἔδωκεν
480 2174 510 2204 Λ
525 2175 550 2205 F
566 2175 619 2214 Q:
642 2178 753 2215 μηδενι
770 2178 886 2208 εδωκεν
904 2177 951 2208 S:
973 2178 1047 2216 μηνὶ
1065 2176 1179 2208 δέδωκε
1197 2175 1297 2207 Blass
1411 2177 1432 2206 6
1456 2175 1534 2217 ἅπερ

213 2217 420 2258 ἐσημηνάμην
438 2218 505 2249 SA
615 2229 636 2258 9
658 2219 716 2259 μὲν
733 2220 772 2251 ἂν
790 2219 944 2250 Bekker:
970 2221 1007 2252 ἂν
1025 2220 1113 2251 SA:
1137 2220 1196 2260 μὲν
1213 2219 1239 2250 F
1251 2219 1294 2258 Q,
1313 2219 1354 2250 cs.
1371 2230 1401 2250 v.
1418 2219 1438 2249 l.
1451 2218 1531 2258 LyS.

212 2261 222 2291 i
239 2271 279 2300 37
455 2272 494 2292 ιο
519 2264 608 2294 ειδων
625 2263 649 2294 S
830 2273 867 2301 14
893 2266 948 2295 νῦν
965 2262 1019 2303 ἐμὲ
1038 2263 1104 2302 FQ
1299 2263 1337 2292 18
1362 2265 1437 2303 ἐμοῦ
1452 2263 1532 2294 secl.

213 2303 330 2341 Blass;
355 2310 390 2336 at
406 2305 446 2338 cs.
466 2315 515 2336 xx
533 2316 573 2345 70
593 2307 677 2347 αὐτῷ
807 2317 848 2346 23
874 2307 1022 2347 ἐμαυτοῦ]
1040 2309 1115 2346 ἐμοῦ
1134 2305 1203 2345 FQ
1337 2315 1378 2346 25
1405 2309 1534 2338 αντιδω-

213 2360 278 2381 σεις
297 2348 321 2379 S
338 2348 392 2379 hic
411 2354 444 2379 et
463 2349 551 2380 infra
748 2351 789 2380 26
813 2350 1002 2391 παραμένειν
1019 2349 1159 2390 Reiske‚
1179 2350 1294 2381 nescio
1311 2360 1353 2381 an
1370 2353 1474 2387 recte,
1489 2349 1533 2381 cs.

214 2391 316 2424 Isocr.
333 2392 367 2422 iv
383 2402 435 2432 22,
454 2402 477 2423 x
493 2403 535 2432 44
667 2403 708 2432 27
734 2395 804 2433 ὑμῖν
820 2394 844 2424 S
861 2405 868 2425 :
891 2394 966 2425 add.
988 2394 1092 2426 πάντα
1109 2393 1142 2424 Α
1157 2404 1165 2425 t
1189 2394 1314 2426 ἅπαντα
1331 2392 1396 2432 FQ
