1763 2778
135 150 266 206 [1215]

223 823 267 858 29

131 940 266 996 [1216]

219 1558 264 1593 30

217 2022 259 2056 31

696 143 1208 200 [ΔΗΜΟΣΘΕΝΟΎΣ]
1577 144 1616 200 [ι

288 248 416 295 αὐτοῦ,
457 248 521 290 καὶ
553 247 606 300 μὴ
649 247 912 288 διακινδύνευε
952 247 1084 288 ἐκεῖσε
1124 246 1231 299 ἄγων
1247 246 1271 295 ’,
1310 247 1375 287 ἵνα
1411 246 1617 289 λύσωνταί

286 333 354 367 μοι
382 319 426 356 τὸ
456 317 615 369 χωρίον,
649 315 866 356 ἀποδόντες
897 313 1096 368 Ἀρχένεῳ
1126 314 1188 354 καὶ
1222 315 1478 369 Θρασυλόχῳ
1507 311 1615 367 (τὰς)

287 382 496 435 τριάκοντα
527 384 640 432 μνᾶς.
709 382 799 432 περὶ
828 383 870 422 δὲ
907 382 1127 434 ἀποτριβῆς
1159 384 1236 421 τῶν
1273 385 1437 428 σκευῶν,
1467 381 1613 432 ἤθελον

287 449 391 505 αὐτῷ
430 448 638 501 γράμματα
680 447 862 500 γράφειν,
908 448 970 488 καὶ
1009 448 1198 500 ἐγγυηταὶ
1246 448 1356 489 αὐτοὶ
1402 449 1612 501 γίγνεσθαι

287 517 382 568 ὑπὲρ
413 517 507 566 ἐμοῦ
543 514 565 566 ἦ
597 515 675 567 μὴν
711 515 879 556 ἔσεσθαι
915 514 1016 570 αὐτῷ
1050 516 1072 555 ὅ
1107 532 1145 556 τι
1180 514 1228 555 ἂν
1265 515 1328 555 καὶ
1360 518 1442 556 τοῖς
1474 514 1613 557 ἄλλοις

287 582 537 636 τριηράρχοις
568 582 665 634 πρὸς
696 582 786 624 τοὺς
818 582 1025 635 διαδόχους
1059 581 1097 638 ᾗ.
1169 582 1219 624 ὡς
1251 582 1320 623 οὗν
1351 581 1478 623 πάντα
1506 582 1612 623 ταῦτ’

288 651 414 701 ἀληθῆ
440 651 560 702 λέγω,
585 650 734 690 τούτων
759 650 848 701 ὑμῖν
874 649 1148 701 ἀναγνώσεται
1172 651 1243 691 τὰς
1265 650 1491 702 μαρτυρίας.

831 742 1056 769 ΜΑΡΊῪΡῘΑῘ.

353 803 424 844 Ἐκ
450 808 613 845 πολλῶν
636 806 709 855 μὲν
734 805 865 845 τοίνυν
894 806 1113 856 τεκμηρίων
1145 804 1253 856 οἶμαι
1280 805 1371 855 ὑμῖν
1403 803 1613 856 ἐπιδείξειν

287 871 501 912 Πολυκλέα
533 872 593 912 ὅτι
625 872 714 912 οὔτε
747 871 910 912 αὐτόθεν
942 874 1131 912 διενοεῖτο
1166 870 1495 923 παραλαμβάνειν
1519 871 1611 924 παρ’

287 939 382 989 ἐμοῦ
410 938 482 988 τὴν
507 942 615 987 ναῦν,
643 939 744 984 οὔτε,
773 937 908 989 ἐπειδὴ
932 938 1002 991 ὑφ’
1036 940 1143 989 ὑμῶν
1169 938 1231 978 καὶ
1255 942 1325 978 τοῦ
1347 939 1613 991 ψηφίσματος

285 1009 353 1045 τοῦ
398 1005 587 1057 ὑμετέρου
631 1004 864 1057 ἠναγκάσθη
908 1006 973 1046 ἐπὶ
1013 1004 1085 1056 τὴν
1131 1009 1226 1047 ναῦν
1271 1004 1440 1052 ἀπιέναι,
1484 1006 1612 1047 ἐλθὼν

284 1071 461 1122 ἠθέλησε’
483 1089 551 1123 μοι
577 1071 834 1123 διαδέξασθαι
860 1071 994 1123 αὐτήν.
1044 1072 1156 1114 οὗτος
1184 1073 1260 1125 γὰρ
1284 1071 1418 1122 ἐπειδὴ
1445 1072 1611 1125 ἀφίκετο

286 1140 340 1181 εἷς
361 1138 504 1179 Θάσον
522 1138 594 1190 ἤδη
614 1156 689 1190 μου
712 1138 901 1191 τέταρτον
925 1141 1030 1190 μῆνα
1054 1140 1464 1193 ἐπιτριηραρχοῦντος,
1484 1157 1609 1192 παρα-

284 1206 427 1257 λαβὼν
462 1206 540 1258 ἐγὼ
567 1205 765 1259 μάρτυρας
795 1209 872 1246 τῶν
902 1223 944 1247 τε
975 1210 1149 1247 πολιτῶν
1187 1206 1238 1248 ὡς
1267 1205 1461 1258 ἐδυνάμην
1498 1208 1608 1248 πλεί-

286 1290 404 1314 στους
437 1272 501 1313 καὶ
534 1273 624 1315 τοὺς
655 1272 849 1324 ἐπιβάτας
881 1274 944 1314 καὶ
980 1272 1051 1324 τὴν
1080 1273 1301 1324 ὑπηρεσίαν
1337 1272 1613 1327 προσέρχομαι

284 1339 387 1394 αὐτῷ
423 1341 464 1380 ἐν
498 1339 627 1395 Θάσῳ
661 1341 704 1380 ἐν
740 1345 787 1397 τῇ
822 1341 958 1395 ἀγορᾷ,
994 1340 1056 1380 καὶ
1090 1340 1273 1381 ἐκέλευον
1309 1340 1427 1381 αὐτὸν
1462 1339 1533 1391 τήν
1569 1358 1612 1382 τε

284 1410 380 1447 ναῦν
412 1406 741 1458 παραλαμβάνειν
770 1407 862 1459 παρ’
895 1409 989 1458 ἐμοῦ
1022 1407 1074 1450 ὡς
1106 1407 1293 1461 διάδοχον
1322 1409 1428 1454 ὄντα,
1456 1408 1519 1448 καὶ
1543 1410 1612 1448 τοῦ

285 1473 732 1528 ἐπιτετριηραρχημένου
773 1475 920 1528 χρόνου
963 1475 1192 1515 ἀποδιδόναι
1232 1491 1298 1526 μοι
1333 1474 1609 1525 τάναλώματα.

283 1542 530 1593 λογίσασθαι
554 1540 586 1581 δ’
610 1540 755 1592 ἤθελον
781 1541 884 1596 αὐτῷ
909 1541 1203 1591 καθ’-ἕκαστον,
1235 1542 1308 1584 ἕως
1331 1558 1398 1593 μοι
1420 1540 1610 1594 μάρτυρες

284 1609 468 1660 παρῆσαν
493 1611 570 1648 τῶν
595 1607 858 1659 ἀνηλωμένων
883 1609 923 1648 οἵ
944 1625 985 1649 τε
1011 1612 1147 1649 ναῦται
1177 1609 1239 1650 καὶ
1265 1610 1300 1649 οἱ
1334 1607 1523 1659 ἐπιβάται
1547 1608 1610 1649 καὶ

281 1674 304 1725 ἡ
332 1675 538 1727 ὑπηρεσία,
570 1674 619 1715 ἵν’
653 1676 691 1716 εἵ
720 1692 756 1715 τι
793 1674 994 1727 ἀντιλέγοι
1027 1675 1138 1718 εὐθὺς
1175 1674 1441 1729 ἐξελέγχοιμι.
1509 1676 1609 1716 οὕτω

282 1740 358 1793 γάρ
375 1758 440 1793 μοι
461 1742 634 1794 ἀκριβῶς
652 1740 885 1794 ἐγέγραπτο,
907 1741 1004 1782 ὥστ’
1025 1742 1069 1782 οὐ
1087 1743 1209 1793 μόνον
1228 1741 1325 1783 αὐτά
1341 1759 1410 1794 μοι
1427 1743 1606 1783 τάναλώ·

281 1825 385 1858 ματα
410 1807 644 1860 ἐγέγραπτο,
669 1807 774 1848 ἀλλά
802 1809 864 1849 καὶ
880 1810 971 1849 ὅποι
991 1809 1175 1860 ἀνηλώθη
1194 1809 1256 1849 καὶ
1274 1810 1297 1849 ὅ
1320 1826 1358 1850 τι
1377 1809 1606 1856 ποιούντων,

284 1874 345 1914 καὶ
369 1874 392 1925 ἡ
412 1875 502 1926 τιμὴ
527 1876 585 1917 τίς
605 1873 652 1925 ἦν
673 1875 735 1915 καὶ
755 1876 928 1926 νόμισμα
949 1876 1140 1923 ποδαπόν,
1163 1877 1225 1917 καὶ
1245 1877 1394 1917 ὁπόσου
1417 1877 1440 1927 ἡ
1467 1882 1609 1917 καταλ-

281 1941 386 1993 λαγὴ
411 1940 460 1991 ἦν
483 1942 536 1996 τῷ
556 1942 738 1997 ἀργυρίῳ,
767 1941 817 1982 ἵν’
851 1944 908 1993 εἴη
935 1943 1110 1995 ἀκριβῶς
1143 1942 1350 1996 ἐξελέγξαι
1372 1961 1421 1995 με
1445 1947 1497 1998 τῷ
1524 1947 1604 1983 δια-

283 2008 402 2062 δόχῳ,
441 2009 478 2048 εἴ
502 2025 540 2048 τι
573 2008 710 2060 ἡγοῖτο
742 2013 891 2062 ψεῦδος
927 2010 1029 2065 αὐτῷ
1059 2011 1303 2062 λογίζεσθαι.
1375 2011 1432 2051 ἔτι
1467 2012 1509 2051 δὲ
1545 2011 1608 2051 καὶ

282 2076 418 2115 πίστιν
455 2074 556 2130 αὐτῷ
589 2076 734 2118 ἐπιθεὶς
771 2076 952 2127 ἠθέλησα
986 2077 1233 2129 λογίσασθαι
1267 2079 1316 2117 τὰ
1359 2075 1605 2129 ἀνηλωμένα.

282 2141 604 2194 προκαλουμένου
646 2143 689 2184 δέ
728 2160 802 2194 μου
837 2146 969 2190 ταῦτα,
1013 2143 1252 2195 ἀπεκρίνατό
1290 2161 1357 2196 μοι
1398 2145 1458 2184 ὅτι
1494 2144 1607 2185 οὐδὲν

328 2262 388 2282 Ι-2
412 2253 576 2284 λύσωνταί
586 2266 637 2291 μοι
653 2252 717 2283 SA
731 2253 773 2283 D:
790 2267 841 2292 μοι
853 2259 884 2284 λ.
896 2251 985 2292 vulg.
1076 2263 1095 2283 2
1112 2267 1271 2294 αρχεννεω
1284 2253 1308 2284 S
1386 2264 1405 2283 2
1425 2253 1512 2295 (τὰς)
1527 2254 1602 2285 add.

283 2295 494 2334 Bockmeijer
582 2297 603 2326 6
627 2301 704 2336 post
720 2296 888 2337 διαδόχους
903 2297 979 2327 add.
996 2295 1018 2338 ᾗ
1033 2296 1186 2337 Svulg.:
1209 2308 1274 2328 om.
1288 2297 1320 2327 A
1386 2297 1490 2329 πάντα
1505 2300 1607 2330 ταῦτα

279 2338 334 2370 A:
358 2339 464 2371 πάντα
479 2338 525 2371 S:
549 2342 651 2371 ταῦτα
668 2339 694 2369 F
707 2339 736 2378 Q
752 2339 782 2369 D
958 2350 980 2379 9
1001 2339 1062 2378 μὲν
1076 2342 1185 2373 τοίνυν
1201 2341 1296 2372 codd.
1313 2351 1320 2371 :
1343 2340 1404 2380 μὲν
1425 2341 1491 2372 del.
1507 2341 1607 2372 Blass

281 2393 324 2413 20
345 2396 398 2421 μοι
416 2384 446 2414 οἴ
459 2383 612 2424 μάρτυρες
629 2382 661 2412 Α
793 2393 834 2421 24
875 2383 1073 2423 ἐγέγραπτο]
1097 2384 1292 2424 ἐλελόγιστο
1311 2384 1424 2415 Naber
1523 2386 1540 2416 ὅ
1555 2383 1604 2425 τι]

281 2426 314 2457 τί
329 2425 361 2456 Α
463 2435 504 2465 25
528 2425 688 2458 ὁποδαπόν
702 2425 734 2455 Α
823 2426 958 2465 ὁπόσου]
979 2429 1013 2458 ἐκ
1031 2427 1130 2459 πόσου
1144 2427 1176 2457 Α
1293 2438 1333 2466 27
1358 2430 1471 2468 ψεῦδος
1483 2428 1606 2459 codd.:

280 2472 402 2509 ψευδῶς
417 2469 506 2510 vulg.
524 2474 602 2500 ante
620 2469 797 2499 Reiskium
915 2470 957 2500 28
981 2472 1128 2503 ἐπιτιθεὶς
1144 2469 1176 2500 Α
1275 2472 1316 2502 τὰ
1333 2471 1445 2512 ἀνηλ.]
1463 2472 1607 2504 τάναλώ-

278 2526 365 2553 ματα
380 2512 412 2542 Α
521 2523 563 2552 29
587 2512 864 2553 προσκαλουμένου
883 2513 906 2545 S
994 2514 1111 2555 ταῦτα]
1131 2514 1226 2546 αὐτόν
1240 2513 1272 2544 Α

1633 534 1650 565 5

1635 888 1674 911 10

1634 1224 1671 1256 Ι5

1634 1559 1673 1581 20

1629 1896 1668 1927 25
