1763 2778
182 111 242 166 ιν]
552 115 711 152 nvos
759 114 1118 151 KAAAIKAEA
1526 109 1664 163 [1279]

182 216 274 255 ὁδοῦ
311 212 546 265 στενοτέρας
585 213 647 253 καὶ
687 210 977 264 μετεωροτέρας
1016 211 1294 264 γεγενημένης,
1333 212 1509 265 ἡσυχίαν

182 281 277 335 ἔχω·
313 281 465 323 τούτοις
498 283 540 321 δὲ
571 283 762 321 τοσοῦτον
792 280 996 331 περίεστιν
1026 279 1078 321 ὡς
1109 278 1248 324 ἔοικεν,
1284 278 1388 319 ὥστε
1417 278 1508 320 τοὺς
1528 281 1670 335 [1280]

181 347 434 399 ἠδικημένους
472 346 568 400 πρὸς
605 350 937 399 συκοφαντοῦσιν.
1011 346 1148 392 καίτοι,
1184 344 1213 385 ὦ
1252 346 1506 392 Καλλίκλεις,

183 417 217 456 εἰ
237 415 298 456 καὶ
315 416 404 466 ὑμῖν
424 417 733 467 περιοικοδομεῖν
753 412 908 464 ἔξεστιν
927 412 973 454 τὸ
990 412 1179 465 ὑμέτερον
1198 411 1323 453 αὐτῶν
1348 413 1506 466 χωρίον,

142 502 161 534 5
183 483 245 523 καὶ
279 482 372 534 ἡμῖν
408 481 532 534 δήπου
563 481 607 522 τὸ
639 480 829 533 ἡμέτερον
863 480 968 531 ἐξῆν.
1040 481 1073 521 εἰ
1105 479 1138 519 δ’
1165 480 1185 519 ὁ
1208 479 1336 531 πατὴρ
1366 480 1387 519 ὁ
1417 479 1509 531 ἐμὸς

180 550 306 601 ἠδίκει
329 552 635 602 περιοικοδομῶν
660 550 770 600 ὑμᾶς,
797 547 860 589 καὶ
888 551 958 588 νῦν
983 548 1092 598 ὑμεῖς
1121 546 1179 598 ἔμ’
1205 547 1373 588 ἀδικεῖτε
1398 563 1505 599 περι-

181 620 478 668 οικοδομοῦντες
532 616 667 658 οὕτως·
727 617 851 666 δῆλον
903 615 978 668 γὰρ
1025 615 1085 654 ὅτι
1135 613 1326 667 μεγάλοις
1380 614 1507 656 λίθοις
1529 626 1575 660 30

182 682 563 735 ἀποικοδομηθέντος
589 682 711 724 πάλιν
739 682 784 723 τὸ
816 683 918 735 ὕδωρ
952 683 1007 724 εἷς
1039 681 1083 722 τὸ
1109 680 1203 732 ἐμὸν
1236 679 1321 731 ἥξει
1346 682 1505 735 χωρίον,

182 750 254 793 εἶθ’
295 751 389 792 ὅταν
430 751 530 808 τύχῃ
574 754 800 802 καταβαλεῖ
837 750 909 800 τὴν
957 749 1148 800 αἱμασιὰν
1187 747 1507 801 ἀπροσδοκήτως.

125 837 162 859 ιο
181 818 274 859 ἀλλ’
311 818 422 859 οὐδὲν
456 821 613 870 μᾶλλον
650 819 804 871 ἐγκαλῶ
840 817 991 858 τούτοις
1029 816 1107 869 ἐγὼ
1142 817 1207 857 διὰ
1243 820 1368 863 τοῦτο,
1402 816 1509 856 ἀλλὰ

182 885 336 938 στέργω
377 885 449 936 τὴν
490 885 615 939 τύχην
657 885 719 925 καὶ
759 885 956 936 τάμαυτοῦ
997 883 1214 936 φυλάττειν
1255 882 1503 935 πειράσομαι.

182 954 245 994 καὶ
270 951 346 1006 γὰρ
369 956 508 993 τοῦτον
537 951 763 1005 φράττοντα
791 954 863 1003 μὲν
887 950 936 991 τὰ
969 953 1106 991 ἑαυτοῦ
1136 955 1362 1004 σωφρονεῖν
1390 950 1506 1003 ἡγοῦ-

179 1037 262 1072 μαι,
288 1020 541 1071 δικαζόμενον
565 1019 608 1060 δέ
636 1036 704 1071 μοι
738 1019 1006 1072 πονηρότατόν
1031 1018 1064 1058 τ’
1090 1019 1191 1059 εἶναι
1223 1019 1286 1059 καὶ
1320 1021 1506 1071 διεφθαρ-

179 1086 300 1139 μένον
321 1086 397 1128 ὑπὸ
422 1087 543 1128 νόσου
568 1088 725 1138 νομίζω.

123 1167 161 1200 15
249 1153 316 1206 Μὴ
343 1153 558 1206 θαυμάζετε
582 1153 628 1201 δ’,
656 1152 685 1194 ὦ
711 1154 846 1207 ἄνδρες
872 1153 1067 1200 δικασταί,
1094 1152 1165 1203 τὴν
1196 1152 1334 1193 τούτου
1363 1154 1505 1204 προθυ-
1528 1164 1569 1200 31

180 1222 288 1274 μίαν,
323 1221 412 1274 μηδ’
449 1222 483 1264 εἰ
518 1220 567 1262 τὰ
603 1224 731 1274 ψευδῆ
766 1225 999 1273 κατηγορεῖν
1027 1223 1097 1261 νῦν
1120 1220 1374 1270 τετόλμηκεν.
1447 1219 1509 1259 καὶ

182 1291 257 1343 γὰρ
281 1288 327 1330 τὸ
351 1288 543 1342 πρότερον
568 1290 711 1331 πείσας
736 1292 804 1329 τὸν
836 1287 1007 1341 ἀνεψιὸν
1039 1289 1315 1340 ἀμφισβητεῖν
1344 1302 1411 1337 μοι
1442 1289 1510 1325 τοῦ

181 1357 342 1411 χωρίου,
379 1355 576 1407 συνθήκας
613 1356 657 1396 οὐ
690 1354 903 1408 γενομένας
936 1353 1170 1406 ἀπήνεγκεν,
1200 1354 1262 1394 καὶ
1293 1357 1362 1395 νῦν
1394 1351 1509 1394 αὐτὸς

183 1423 330 1477 ἐρήμην
348 1441 422 1476 μου
439 1422 762 1480 καταδεδιῄτηται
780 1423 964 1473 τοιαύτην
986 1421 1123 1473 ἑτέραν
1147 1422 1270 1472 δίκην,
1293 1421 1509 1472 Κάλλαρον

124 1509 163 1531 20
183 1491 505 1545 ἐπιγραψάμενος
531 1495 609 1532 τῶν
635 1492 738 1542 ἐμῶν
771 1490 936 1530 δούλων.
1009 1489 1104 1541 πρὸς
1142 1487 1218 1541 γὰρ
1253 1491 1334 1530 τοῖς
1369 1487 1509 1529 ἄλλοις

183 1563 315 1601 κακοῖς
350 1559 413 1599 καὶ
449 1557 554 1599 τοῦθ’
586 1559 773 1610 ηὕρηνται
810 1557 1009 1610 σόφισμα·
1048 1555 1246 1610 Καλλάρῳ
1283 1555 1353 1606 τὴν
1390 1554 1510 1605 αὐτὴν

183 1627 294 1677 δίκην
319 1625 553 1676 δικάζονται.
627 1626 752 1666 καίτοι
780 1626 838 1666 τίς
869 1623 917 1665 ἂν
951 1622 1104 1673 οἰκέτης
1136 1622 1181 1662 τὸ
1214 1625 1282 1662 τοῦ
1315 1622 1510 1663 δεσπότου
1530 1635 1573 1669 32

183 1694 331 1747 χωρίον
355 1691 742 1746 περιοικοδομήσειεν
774 1692 827 1744 μὴ
862 1690 1161 1744 προστάξαντος
1193 1693 1261 1730 τοῦ
1293 1689 1508 1735 δεσπότου,·

186 1760 385 1816 Καλλάρῳ
402 1760 434 1801 δ’
452 1761 587 1813 ἕτερον
613 1761 799 1813 ἐγκαλεῖν
818 1759 930 1800 οὐδὲν
948 1759 1121 1812 ἔχοντες,
1142 1758 1239 1809 ὑπὲρ
1259 1757 1312 1797 ὧν
1338 1757 1358 1796 ὁ
1384 1754 1511 1807 πατὴρ

125 1844 164 1876 25
184 1828 308 1870 πλέον
331 1825 355 1879 ἦ
381 1826 650 1873 πεντεκαίδεκ’,
670 1827 737 1877 ἔτη
770 1825 924 1879 φράξας
954 1826 1104 1877 ἐπεβίω
1135 1823 1367 1874 δικάζονται.
1440 1821 1511 1863 κᾶν

183 1897 255 1947 μὲν
292 1896 370 1948 ἐγὼ
406 1899 484 1936 τῶν
519 1895 676 1948 χωρίων
709 1894 872 1935 ἀποστῶ
904 1893 1055 1934 τούτοις
1088 1892 1333 1943 ἀποδόμενος
1362 1887 1385 1941 ἦ
1415 1888 1511 1942 πρὸς

185 1963 298 2015 ἕτερα
335 1963 462 2016 χωρία
500 1961 786 2013 ἀλλαξάμενος,
825 1961 937 2001 οὐδὲν
973 1961 1101 2000 ἀδικεῖ
1134 1958 1358 2011 Κάλλαρος·
1395 1956 1443 1998 ἂν
1479 1955 1511 1997 δ’

185 2030 263 2082 ἐγὼ
301 2028 352 2081 μὴ
391 2029 602 2080 βούλωμαι
636 2029 831 2080 τάμαυτοῦ
865 2027 1018 2069 τούτοις
1054 2025 1260 2078 προέσθαι,
1298 2025 1426 2066 πάντα
1463 2025 1511 2064 τὰ
1531 2021 1662 2077 [1281]

232 2132 245 2153 1
273 2123 323 2154 καὶ
339 2121 572 2163 μετεωροτέρας
589 2132 656 2152 non
674 2131 739 2152 om.
753 2120 778 2151 S
845 2119 1063 2161 ’γεγενημένης
1076 2123 1154 2158 post
1171 2118 1361 2159 στενοτέρας
1375 2117 1469 2157 ponit
1481 2115 1513 2146 A

184 2167 206 2197 6
221 2167 351 2198 ἀδικεῖτ’
370 2165 425 2206 ἐμὲ
441 2165 473 2196 Α
561 2167 582 2196 8
598 2164 903 2204 ἀποικοδομηθέντος
917 2164 1027 2197 codd..
1050 2163 1217 2201 Harpocr.
1231 2167 1267 2192 ut
1276 2162 1340 2192 vid.
1361 2173 1367 2192 :
1385 2162 1513 2193 ἀποικο-

185 2209 321 2250 δομηθὲν
338 2210 474 2240 Dobree
578 2219 599 2248 9
623 2207 677 2240 εἴθ’
700 2209 778 2240 ὅταν
796 2208 898 2249 τύχῃ]
921 2208 998 2238 ὅταν
1019 2207 1104 2248 τύχῃ
1119 2207 1169 2238 καὶ
1188 2205 1221 2236 Α
1317 2204 1510 2244 καταβαλεῖ]

186 2253 424 2290 καταβάλλειὸ
437 2253 467 2291 Q
480 2253 534 2284 D:
558 2251 832 2289 καταβαλεῖταιΑ
908 2261 940 2280 11
961 2250 1082 2290 στέρξω
1098 2250 1194 2280 Blass
1267 2259 1305 2287 14
1324 2250 1382 2280 ὑπὸ
1399 2246 1512 2288 νόσου]

187 2299 330 2329 ὁπωσοῦν
342 2297 457 2328 Naber
519 2297 559 2327 16
575 2293 1235 2336 κατηγορεῖννΰνΑεμαρτυρεῖνὸΡῼΙ)
1298 2303 1334 2331 17
1352 2291 1512 2329 ‘rbvung

185 2342 244 2373 τὸν
260 2340 284 2372 S
299 2352 307 2371 ι
331 2342 382 2373 καὶ
394 2340 425 2379 Q
437 2354 488 2382 γρ.
563 2350 601 2379 19
616 2354 676 2380 μου
687 2350 750 2370 om.
765 2338 797 2369 A
872 2348 909 2368 21
925 2337 998 2379 (τὸ)
1011 2337 1154 2378 σόφισμα
1168 2338 1304 2377 Sauppe
1379 2345 1419 2372 23
1438 2338 1513 2373 post

186 2385 494 2426 περιοικοδομήσειεν
509 2384 586 2415 add.
604 2384 641 2415 ἂν
656 2383 687 2413 Α
842 2392 881 2419 24
908 2381 1018 2422 ἕτερον
1033 2381 1058 2410 F
1073 2380 1103 2419 Q
1118 2381 1147 2410 D
1162 2392 1169 2410 ε
1193 2380 1268 2411 add.
1286 2392 1358 2411 τινα
1376 2382 1458 2412 ἄλλο
1475 2377 1512 2415 S,
1545 2388 1547 2390 ·

185 2458 218 2477 τι
233 2445 316 2478 ἄλλο
332 2443 364 2475 Α
473 2453 515 2483 25
532 2442 633 2476 πλέον
649 2444 667 2482 ἢ
686 2452 751 2474 om.
770 2441 801 2472 A
873 2441 930 2480 ἔτη
942 2451 1006 2472 om.
1022 2440 1047 2471 S
1145 2441 1186 2470 28
1204 2423 1311 2471 παντέ
1327 2424 1473 2479 προίεσθαι
1488 2437 1512 2468 S
