1763 2778
181 116 256 171 ux]
602 119 764 157 ΚΑΤΑ
812 117 1082 155 ΝΕΑΙΡΑΣ
1529 109 1668 163 [1346]

182 219 338 272 πρᾶξαι,
369 219 582 269 ὀμωμοκὼς
614 220 657 258 δὲ
675 219 723 257 τὰ
755 215 952 268 βέλτιστα
975 214 1216 266 βουλεύσειν
1240 218 1292 269 τῷ
1321 212 1428 269 δήμῳ
1453 218 1506 268 τῷ

183 285 417 337 Ἀθηναίων,
457 285 507 327 ὡς
543 287 650 336 ὑμεῖς
686 283 830 325 πάντες
866 282 1162 335 ἐμαρτυρήσατε
1199 283 1240 322 ἐν
1283 282 1416 335 ἐκείνῳ
1455 285 1507 335 τῷ

185 357 316 408 καιρῷ.
386 352 600 405 γενομένης
640 353 714 404 γὰρ
750 353 819 401 τῆς
861 350 1185 403 διαχειροτονίας,
1228 348 1354 390 οὐδεὶς
1401 349 1546 395 ἄντε-5

182 421 466 474 χειροτόνησεν
491 420 542 461 ὡς
568 419 612 459 οὐ
637 422 696 459 δεῖ
718 422 800 459 τοῖς
830 416 1011 470 χρήμασι
1033 416 1186 458 τούτοις
1216 419 1511 468 στρατιωτικοῖς

145 501 162 534 5
182 489 370 541 χρῆσθαι,
407 488 514 527 ἀλλὰ
550 486 612 526 καὶ
648 489 716 527 νῦν
753 485 822 531 ἔτι,
856 484 903 524 ἄν
935 501 1011 525 που
1045 484 1169 536 λόγος
1201 482 1375 536 γένηται,
1407 483 1511 534 παρὰ

184 554 342 595 πάντων
371 554 626 606 ὁμολογεῖται
661 552 712 594 ὡς
749 554 798 592 τὰ
839 550 1039 603 βέλτιστα
1074 551 1195 591 εἰπὼν
1230 549 1344 590 ἄδικα
1379 548 1509 590 πάθοι.

183 625 235 677 τῷ
261 622 330 662 οὗν
353 619 649 672 ἐξαπατήσαντι
678 624 730 674 τῷ
759 620 867 674 λόγῳ
892 618 982 660 τοὺς
1013 619 1202 660 δικαστὰς
1227 618 1377 657 δίκαιον
1403 617 1509 669 ὀργί-
1533 611 1668 667 [1347]

184 689 332 739 ζεσθαι,
360 689 405 729 οὐ
423 691 505 730 τοῖς
525 689 542 727 ἐ
570 690 844 738 απατηθεῖσιν.
904 684 1163 739 γραψάμενος
1179 684 1254 737 γὰρ
1274 684 1511 736 παρανόμων

181 759 226 796 τό
263 754 462 809 ψήφισμα
497 754 705 808 Στέφανος
737 755 875 794 οὑτοσὶ
912 754 975 794 καὶ
1009 753 1204 794 εἰσελθὼν
1241 753 1296 793 εἷς
1322 755 1367 791 τὸ
1401 753 1507 791 δικα-

126 838 164 859 10
183 822 360 875 στήριον,
396 822 460 863 ἐπὶ
493 825 667 880 διαβολῇ
698 824 861 875 ψευδεῖς
889 819 1086 873 μάρτυρας
1123 819 1432 872 παρασχόμενος
1461 817 1512 859 ὡς

182 888 296 943 ὦφλε
319 894 371 945 τῷ
409 891 587 944 δημοσίῳ
611 891 653 930 ἐκ
684 889 801 930 πέντε
833 889 895 929 καὶ
928 889 1079 928 εἴκοσιν
1112 887 1224 933 ἐτῶν,
1253 886 1315 926 καὶ
1346 885 1419 936 ἔξω
1443 887 1513 935 τῆς

182 959 339 1011 γραφῆς
356 957 490 998 πολλὰ
516 960 756 1009 κατηγορῶν,
780 957 861 996 εἷλε
877 959 921 996 τὸ
942 956 1152 1008 ψήφισμα.
1214 954 1276 994 καὶ
1302 957 1416 994 τοῦτο
1440 954 1512 1004 μὲν
1532 955 1554 990 6

184 1026 218 1066 εἰ
251 1024 354 1080 αὐτῷ
392 1025 519 1065 ἐδόκει
555 1023 860 1076 διαπράξασθαι,
892 1022 938 1063 οὗ
971 1025 1160 1076 χαλεπῶς
1193 1020 1381 1073 φέρομεν·
1421 1017 1512 1059 ἀλλ’

184 1091 316 1142 ἐπειδὴ
332 1092 421 1144 περὶ
438 1095 507 1132 τοῦ
524 1090 740 1143 τιμήματος
755 1090 988 1142 ἐλάμβανον
1006 1089 1076 1140 τὴν
1096 1090 1239 1141 ψῆφον
1255 1090 1291 1128 οἱ
1316 1087 1510 1132 δικασταί,
1533 1114 1541 1125 ,

125 1173 161 1204 15
182 1158 380 1211 δεομένων
404 1159 514 1210 ἡμῶν
535 1160 797 1212 συγχωρῆσαι
827 1158 896 1198 οὐκ
917 1157 1075 1208 ἤθελεν,
1098 1157 1205 1196 ἀλλὰ
1234 1156 1514 1195 πεντεκαίδεκα

182 1225 390 1267 ταλάντων
419 1227 590 1277 ἐτιμᾶτο,
626 1227 690 1266 ἵνα
725 1225 960 1276 ἀτιμώσειεν
996 1223 1113 1264 αὐτὸν
1151 1223 1212 1263 καὶ
1249 1224 1389 1263 παῖδας
1424 1220 1514 1262 τοὺς

185 1293 346 1340 ἐκείνου,
381 1293 444 1334 καὶ
478 1293 549 1344 τὴν
579 1293 759 1346 ἀδελφὴν
794 1292 864 1342 τὴν
901 1291 999 1343 ἐμὴν
1026 1290 1089 1331 καὶ
1118 1289 1220 1340 ἡμᾶς
1251 1288 1427 1330 ἅπαντας
1459 1289 1514 1329 εἰς

182 1360 254 1411 τὴν
292 1360 468 1415 ἐσχάτην
505 1361 672 1412 ἀπορίαν
709 1358 997 1410 καταστήσειεν
1033 1357 1095 1398 καὶ
1128 1357 1280 1397 ἔνδειαν
1317 1355 1513 1396 ἁπάντων.

182 1427 206 1479 ἡ
235 1430 308 1480 μὲν
343 1429 418 1481 γὰρ
454 1428 573 1468 οὐσία
603 1427 691 1468 οὐδὲ
726 1431 843 1479 τριῶν
879 1425 1086 1466 ταλάντων
1118 1423 1220 1465 πάνυ
1250 1440 1288 1463 τι
1319 1422 1379 1473 ἦν,
1410 1422 1515 1462 ὥστε
1534 1441 1554 1476 7

125 1513 164 1536 20
184 1498 394 1546 δυνηθῆναι
426 1496 601 1535 ἐκτεῖσαι
636 1498 828 1534 τοσοῦτον
860 1495 1037 1545 ὄφλημα·
1079 1491 1130 1542 μὴ
1169 1489 1440 1531 ἐκτεισθέντος
1472 1491 1513 1529 δὲ

183 1565 252 1603 τοῦ
276 1561 509 1615 ὀφλήματος
531 1562 595 1602 ἐπὶ
618 1564 688 1612 τῆς
712 1560 852 1611 ἐνάτης
880 1560 1125 1612 πρυτανείας,
1152 1561 1320 1598 διπλοῦν
1343 1557 1514 1607 ἔμελλεν

184 1629 352 1670 ἔσεσθαι
376 1629 420 1669 τὸ
446 1631 612 1682 ὄφλημα
636 1628 699 1669 καὶ
725 1626 1058 1681 ἐγγραφήσεσθαι
1076 1625 1381 1676 Ἀπολλόδωρος
1405 1622 1510 1675 τριά-

183 1714 305 1737 κοντα
326 1696 502 1738 τάλαντα
525 1697 703 1749 ὀφείλων
731 1699 783 1750 τῷ
809 1695 998 1748 δημοσίῳ·
1037 1691 1358 1746 ἐγγεγραμμένου
1390 1692 1431 1731 δὲ
1462 1690 1514 1745 τῷ

184 1765 376 1819 δημοσίῳ,
416 1762 781 1817 ἀπογραφήσεσθαι
828 1763 998 1813 ἔμελλεν
1042 1759 1067 1812 ἡ
1114 1759 1352 1812 ὑπάρχουσα
1398 1756 1515 1797 οὐσία

125 1840 163 1871 25
183 1830 477 1886 Ἀπολλοδώρῳ
512 1832 686 1882 δημοσία
723 1829 836 1876 εἶναι,
872 1829 1091 1881 πραθείσης
1128 1826 1160 1867 δ’
1197 1827 1317 1877 αὐτῆς
1354 1825 1408 1867 εἷς
1444 1823 1514 1874 τὴν

184 1897 362 1951 ἐσχάτην
397 1899 564 1950 ἀπορίαν
601 1896 925 1947 καταστήσεσθαι
958 1896 1020 1936 καὶ
1056 1894 1173 1936 αὐτὸς
1211 1893 1274 1933 καὶ
1307 1895 1443 1933 παῖδες
1477 1892 1514 1931 οἱ

184 1965 334 2005 ἐκείνου
363 1965 427 2005 καὶ
461 1964 560 2018 γυνὴ
597 1965 659 2004 καὶ
694 1964 806 2015 ἡμεῖς
842 1963 1026 2004 ἅπαντες.
1080 1961 1138 2002 ἔτι
1173 1963 1216 2002 δὲ
1254 1960 1314 2000 καὶ
1351 1960 1372 2010 ἡ
1403 1957 1554 2010 ἑτέρα8

185 2031 358 2084 θυγάτηρ
382 2031 592 2074 ἀνέκδοτος
616 2032 784 2082 ἔμελλεν
817 2031 997 2071 ἔσεσθαι·
1033 2030 1093 2071 τίς
1115 2030 1193 2082 γὰρ
1224 2027 1270 2067 ἄν
1303 2044 1398 2067 ποτε
1422 2024 1513 2077 παρ’

184 2099 419 2151 ὀφείλοντος
449 2103 502 2154 τῷ
539 2099 715 2152 δημοσίῳ
751 2099 814 2138 καὶ
850 2099 1092 2149 ἀποροῦντος
1121 2097 1270 2146 ἔλαβεν
1305 2094 1512 2145 ἄπροικον;

124 2180 166 2212 30
185 2165 323 2206 οὐκοῦν
347 2166 591 2217 τηλικούτων
617 2168 744 2206 κακῶν
769 2165 893 2206 αἴτιος
916 2164 1010 2216 ἡμῖν
1034 2167 1159 2204 πᾶσιν
1185 2163 1376 2214 ἐγίγνετο,
1402 2160 1513 2200 οὐδὲν

227 2284 291 2313 4-5
313 2274 489 2316 ροτόνησεν
501 2299 510 2307 .
527 2298 536 2307 .
557 2299 564 2306 .
580 2277 718 2317 χρῆσθαι
730 2284 795 2306 om.
810 2274 836 2304 F
940 2283 960 2313 5
979 2274 1025 2306 ἔτι
1038 2274 1088 2305 καὶ
1102 2275 1159 2305 νῦν
1170 2272 1202 2302 Y
1216 2283 1232 2302 r
1243 2271 1273 2301 D
1380 2271 1401 2301 6
1418 2271 1515 2302 εἰπὼν

186 2317 212 2348 F
223 2318 254 2356 Q
265 2331 316 2359 γρ.
332 2329 340 2349 :
363 2321 453 2351 εἴπας
470 2318 494 2349 S
509 2319 597 2357 vulg.
616 2319 642 2349 F
653 2332 703 2359 Ὑρ.
770 2318 877 2358 πάθοιῖ]
898 2318 1014 2349 ἔπαθεν
1028 2317 1119 2347 malit
1135 2317 1230 2347 Stahl
1331 2324 1350 2354 7
1373 2315 1465 2346 τοὺς.
1480 2337 1488 2345 .
1501 2337 1510 2345 .

185 2361 364 2402 ὀργίζεσθαι
388 2373 452 2393 om.
478 2362 514 2400 S,
540 2362 660 2392 lacuna
685 2362 823 2392 totidem
847 2362 918 2392 fere
943 2362 1004 2392 litt.
1031 2361 1147 2391 relicta
1163 2371 1171 2390 :
1193 2361 1268 2391 τοὺς
1298 2361 1514 2398 δημοκρατου-

183 2404 296 2445 μένους
311 2408 377 2437 &eru
393 2405 572 2447 ὀργίζεσθαι
589 2405 620 2435 Y
632 2416 648 2435 ι·
659 2406 688 2435 D
808 2415 846 2435 10
868 2406 1038 2446 μαρτυρίας
1053 2404 1085 2434 Y
1098 2413 1113 2432 1·
1127 2403 1157 2432 D
1267 2411 1366 2432 10-11
1394 2403 1434 2432 ὡς
1450 2422 1459 2430 .
1477 2424 1484 2431 .
1502 2422 1511 2430 .

186 2449 267 2479 ἐτῶν
277 2448 342 2479 huc
355 2454 480 2488 transp.
499 2449 636 2488 Sauppe
653 2459 661 2479 ι
684 2454 761 2488 post
772 2451 870 2489 ψευδῆ
885 2451 900 2486 ξ
914 2459 935 2488 9
949 2449 1045 2478 codd.
1127 2456 1164 2485 19
1181 2447 1265 2477 ὥστε
1277 2445 1335 2486 (μὴ
1348 2442 1403 2486 ἂν)
1416 2443 1514 2473 Blass
