1763 2778
171 128 247 184 m]
671 133 703 170 E
714 133 742 170 p
751 133 832 170 ΩΤ
842 133 857 169 1
868 132 902 169 K
911 132 985 169 οΣ
1517 119 1658 174 [1402]

237 231 367 285 Ὁρῶν
391 232 516 274 ἐνίους
546 235 623 272 τῶν
653 231 858 285 ἐρωμένων
891 231 954 271 καὶ
987 229 1159 272 κάλλους
1191 230 1496 283 μετεσχηκότων
1516 243 1536 278 3

171 298 355 354 οὐδετέρᾳ
377 303 457 340 τῶν
485 298 676 351 εὐτυχιῶν
706 298 855 339 τούτων
884 299 1008 349 ὀρθῶς
1039 296 1279 351 χρωμένους,
1307 296 1397 337 ἀλλ’
1433 298 1496 337 ἐπὶ

169 368 242 417 μὲν
261 372 310 423 τῇ
327 368 396 416 τῆς
417 367 551 418 ὅψεως
569 365 778 419 εὐπρεπείᾳ
799 365 1125 416 σεμνυνομένους,
1143 363 1215 414 τὴν
1232 366 1275 404 δὲ
1291 363 1388 416 πρὸς
1405 363 1496 406 τοὺς

170 433 340 485 ε’ραστᾶς
376 433 534 484 ὁμιλίαν
569 433 912 486 δυσχεραίνοντας,
952 432 1014 472 καὶ
1050 435 1243 471 τοσοῦτον
1284 433 1494 483 διημαρτη-

131 511 148 542 5
171 500 288 542 κότας
305 503 374 540 τοῦ
395 499 444 540 τὰ
461 499 660 551 βέλτιστα
685 501 829 552 κρίνειν
853 500 959 539 ὥστε
983 500 1046 539 διὰ
1071 498 1162 540 τοὺς
1184 497 1496 549 λυμαινομένους

168 571 220 622 τῷ
253 565 456 619 πράγματι
488 568 549 607 καὶ
582 566 680 618 πρὸς
711 566 801 609 τοὺς
829 568 928 618 μετὰ
957 566 1225 619 σωφροσύνης
1261 564 1496 615 πλησιάζειν

168 632 374 684 ἀξιοῦντας
398 634 602 675 δυσκόλως
627 633 903 685 διακειμένους,
931 633 1142 686 ἡγησάμην
1167 632 1258 673 τοὺς
1275 634 1349 683 μὲν
1365 633 1494 672 τοιού-

167 717 258 743 τους
297 701 341 741 οὐ
379 701 502 752 μόνον
543 702 675 743 αὑτοῖς
714 702 960 742 ἀλυσιτελῶς
1001 700 1120 754 ἔχειν,
1164 700 1271 739 ἀλλὰ
1312 699 1373 740 καὶ
1415 703 1497 741 τοῖς

168 767 307 810 ἄλλοις
346 770 549 821 μοχθηρᾶς
587 769 795 818 συνηθείας
837 766 1131 820 ἐνεργάζεσθαι,
1169 771 1252 808 τοῖς
1289 768 1330 806 δὲ
1367 770 1538 813 καλῶς4

109 854 147 876 10
168 837 385 888 φρονοῦσιν
420 836 490 876 οὐκ
528 834 867 885 ἐπακολουθητέον
909 834 1009 875 εἶναι
1046 840 1094 891 τῇ
1130 835 1279 874 τούτων
1316 834 1494 888 ἀπονοίᾳ,

166 902 345 953 μάλιστα
368 904 442 953 μὲν
467 902 768 953 ἐνθυμουμένοις
792 903 853 942 ὅτι
882 905 960 942 τῶν
985 901 1226 954 πραγμάτων
1250 901 1338 941 οὔτε
1365 904 1496 941 καλῶν

167 968 246 1009 οὔτ’
280 970 459 1022 αἰσχρῶν
486 970 695 1020 ἀποτόμως
726 970 866 1016 ὄντων,
893 969 999 1009 ἀλλὰ
1028 970 1133 1020 παρὰ
1159 968 1248 1010 τοὺς
1271 967 1496 1022 χρωμένους

166 1035 211 1076 τὸ
235 1040 430 1077 πλεῖστον
454 1037 785 1082 διαλλαττόντων,
813 1036 964 1089 ἄλογον
987 1036 1057 1090 μιᾷ
1085 1036 1221 1092 γνώμῃ
1247 1036 1334 1088 περὶ
1364 1037 1493 1088 ἀμφο-

163 1102 290 1156 τέρων
313 1106 499 1157 χρῆσθαι,
521 1102 644 1144 ἔπειθ’
667 1104 728 1144 ὅτι
754 1103 913 1144 πάντων
938 1103 1191 1143 ἀτοπώτατόν
1217 1104 1329 1143 ἐστιν
1354 1103 1496 1153 ζηλοῦν

112 1188 145 1221 ¹5
166 1173 238 1222 μὲν
263 1171 353 1212 τοὺς
377 1171 592 1213 πλείστους
615 1172 758 1223 φίλους
784 1170 847 1211 καὶ
871 1169 1162 1222 βεβαιοτάτους
1191 1169 1371 1224 ἔχοντας,
1399 1171 1495 1210 ἀπο-

167 1237 390 1289 δοκιμάζειν
409 1240 452 1280 δὲ
475 1238 566 1281 τοὺς
586 1238 770 1291 ἐραστάς,
791 1237 812 1278 ὃ
836 1239 959 1289 μόνον
983 1240 1082 1279 ἴδιον
1113 1238 1222 1279 ἔθνος
1246 1237 1319 1290 οὐχ
1345 1236 1495 1277 ἅπασιν

167 1304 273 1345 ἀλλὰ
305 1309 387 1348 τοῖς
415 1309 551 1348 καλοῖς
579 1306 641 1346 καὶ
672 1306 883 1358 σώφροσιν
917 1306 1157 1346 οἰκειοῦσθαι
1182 1303 1369 1355 πέφυκεν.
1439 1303 1534 1352 ἔτι5

167 1373 210 1413 δὲ
237 1375 318 1414 τοῖς
344 1374 418 1424 μὲν
446 1374 638 1424 μηδεμίαν
667 1390 727 1414 πω
753 1374 936 1423 τοιαύτην
965 1373 1106 1424 φιλίαν
1131 1372 1341 1423 ἑορακόσιν
1367 1374 1495 1412 καλῶς

166 1439 394 1490 ἀποβᾶσαν,
421 1437 444 1490 ἢ
475 1441 635 1493 σφόδρα
664 1440 957 1492 κατεγνωκόσιν
986 1440 1113 1479 αὑτῶν
1144 1439 1194 1480 ὡς
1219 1438 1287 1478 οὐκ
1311 1437 1359 1479 ἂν
1383 1441 1494 1488 δυνη-

106 1525 146 1547 20
167 1509 271 1547 θεῖεν
319 1508 540 1559 σωφρόνως
584 1510 668 1549 τοῖς
715 1506 1027 1560 ἐντυγχάνουσιν
1067 1507 1234 1557 ὁμιλεῖν,
1282 1507 1381 1548 ἴσως
1427 1505 1494 1545 οὐκ

166 1572 317 1626 ἄλογον
351 1574 495 1624 ταύτην
528 1574 636 1627 ἔχειν
667 1573 739 1625 τὴν
771 1574 960 1615 διάνοιαν·
997 1578 1080 1616 τοῖς
1109 1573 1141 1614 δ’
1166 1573 1302 1625 ὥσπερ
1332 1573 1382 1613 σὺ
1415 1575 1493 1612 δια·

167 1639 371 1692 κειμένοις,
411 1641 474 1681 καὶ
513 1640 611 1692 μήτε
653 1641 907 1682 παντάπασιν
949 1641 1130 1691 ἀνηκόοις
1172 1640 1284 1680 οῧσιν
1321 1641 1413 1680 ὅσαι
1448 1639 1493 1690 δὴ

166 1711 297 1761 χρεῖαι
324 1707 370 1748 δι’
398 1708 542 1760 ἔρωτος
566 1708 684 1761 χωρὶς
714 1708 909 1762 αἰσχύνης
938 1707 1180 1759 ηὐξήθησαν,
1209 1708 1271 1748 καὶ
1298 1708 1397 1759 μετὰ
1425 1709 1494 1756 τῆς

167 1775 458 1827 ἀκριβεστάτης
483 1775 695 1825 εὐλαβείας
718 1775 787 1816 τὸν
811 1775 938 1816 ἄλλον
962 1776 1108 1828 χρόνον
1125 1775 1389 1826 βεβιωκόσιν,
1412 1772 1493 1814 οὐδ’
1514 1774 1661 1832 [1403]

108 1861 146 1893 ²5
165 1842 345 1895 ὑποψίαν
370 1842 478 1896 ἔχειν
503 1842 669 1895 εὔλογον
696 1842 747 1884 ὡς
771 1842 819 1883 ἄν
843 1859 880 1883 τι
905 1842 1094 1895 πράξειαν
1119 1843 1302 1896 αἰσχρόν.
1362 1841 1421 1881 διὸ
1445 1840 1490 1892 δὴ
1512 1852 1534 1886 6

167 1910 230 1950 καὶ
264 1912 420 1960 μᾶλλον
457 1908 630 1961 ἐπήρθην
655 1913 792 1950 τοῦτον
828 1909 981 1962 γράψαι
1009 1909 1077 1950 τὸν
1105 1910 1243 1962 λόγον,
1277 1908 1494 1961 ἡγούμενος

167 1979 275 2017 δυοῖν
309 1980 393 2017 τοῖν
431 1977 664 2017 καλλίστοιν
703 1976 749 2017 οὐ
791 1976 1144 2029 διαμαρτήσεσθαι.
1214 1978 1262 2016 τὰ
1305 1978 1377 2027 μὲν
1417 1974 1492 2027 γὰρ

166 2042 396 2097 ὑπάρχοντά
437 2061 504 2084 σοι
542 2042 670 2095 ἀγαθὰ
712 2044 879 2084 διελθὼν
917 2043 998 2095 ἅμα
1038 2043 1086 2084 σέ
1127 2060 1171 2084 τε
1213 2043 1388 2094 ζηλωτὸν
1431 2042 1493 2082 καὶ

166 2111 335 2161 ἐμαυτὸν
365 2110 434 2151 οὐκ
463 2111 631 2161 ἀνόητον
659 2108 869 2160 ἐπιδείξειν
893 2110 1052 2161 ἐλπίζω,
1080 2112 1116 2151 εἴ
1139 2127 1187 2151 σε
1211 2113 1387 2151 τοιοῦτον
1411 2107 1491 2150 ὄντ’

213 2227 228 2248 1
252 2218 498 2260 μετεσχηκότας
531 2217 722 2250 SFerD
832 2229 851 2249 2
883 2219 1031 2261 οὐδετέρᾳ
1064 2218 1248 2250 Schaeser:
1279 2217 1426 2260 οὐδετέρᾳ
1459 2217 1492 2250 δὲ

167 2262 265 2293 codd.
420 2273 439 2301 4
464 2269 606 2303 ομειλιαν
620 2262 643 2293 S
809 2264 830 2293 6
853 2264 928 2302 πρὸς
946 2263 995 2293 F:
1018 2272 1083 2293 om.
1101 2268 1177 2294 cett.
1344 2263 1364 2292 8
1388 2263 1492 2295 αὐτοῖς

169 2305 284 2336 Χνοὶῖτ
323 2307 429 2338 αὐτοῖς
459 2316 496 2337 r:
535 2307 629 2338 αὐτὸς
660 2305 749 2345 vulg.
919 2315 958 2336 10
981 2306 1129 2348 ἀπονοίᾳ]
1157 2306 1289 2348 ἆπηνείᾳ
1317 2305 1376 2335 rD
1404 2315 1489 2336 corr.

172 2359 206 2379 11
226 2348 462 2389 ἐνθυμουμένοις
479 2349 504 2379 F
515 2349 545 2388 Q
561 2359 568 2380 :
594 2349 837 2388 ἐνθυμουμένους
854 2348 878 2379 S
892 2349 921 2379 Y
936 2360 952 2379 r
963 2348 992 2378 D
1093 2359 1132 2379 12
1156 2349 1322 2389 ἀποτόμων
1340 2349 1363 2380 S
1377 2348 1405 2379 Y
1419 2359 1434 2378 r
1448 2347 1489 2388 D,

168 2392 229 2423 sed
254 2392 296 2424 cf.
321 2391 424 2423 Isocr.
450 2393 482 2422 vi
506 2402 549 2430 50
676 2393 716 2422 16
739 2394 756 2424 ὃ
773 2415 781 2423 .
801 2415 808 2423 .
830 2416 838 2424 .
861 2393 948 2425 ἔθνος
977 2392 1130 2423 Reiske:
1161 2394 1178 2424 ὃ
1195 2415 1203 2423 .
1223 2415 1230 2423 .
1251 2415 1258 2423 .
1279 2393 1346 2424 ἔθος
1370 2392 1490 2424 codd.:

169 2435 214 2468 οἷς
229 2458 236 2467 .
257 2458 264 2466 .
284 2458 291 2466 .
312 2436 379 2468 ἔθος
412 2436 603 2466 Felicianus
714 2445 754 2473 23
779 2438 817 2467 δι’
833 2445 897 2467 om.
918 2435 942 2466 S
956 2435 1071 2466 erD
1170 2446 1212 2474 24
1236 2435 1450 2472 βεβαιωκόσιν
1466 2434 1492 2467 S

168 2488 209 2517 25
234 2479 354 2519 ἄλογον
372 2478 411 2509 Sl
544 2480 586 2509 28
609 2479 712 2519 ἀγαθὰ
731 2479 813 2510 secl.
830 2478 927 2509 Blass
