<?xml version="1.0" encoding="UTF-8"?>
<!DOCTYPE html PUBLIC "-//W3C//DTD XHTML 1.0 Transitional//EN"
    "http://www.w3.org/TR/xhtml1/DTD/xhtml1-transitional.dtd">
<html xmlns="http://www.w3.org/1999/xhtml" xml:lang="en" lang="en">
 <head>
  <title>
</title>
<meta http-equiv="Content-Type" content="text/html;charset=utf-8" />
  <meta name='ocr-system' content='tesseract 3.04.00' />
  <meta name='ocr-capabilities' content='ocr_page ocr_carea ocr_par ocr_line ocrx_word'/>
</head>
<body>
  <div class='ocr_page' id='page_1' title='image "./orationesrecog03demouoft_0091.png"; bbox 0 0 1763 2778; ppageno 0'>
   <div class='ocr_carea' id='block_1_1' title="bbox 135 95 1618 153">
    <p class='ocr_par' dir='ltr' id='par_1_1' title="bbox 135 95 1618 153">
     <span class='ocr_line' id='line_1_1' title="bbox 135 95 1618 153; baseline 0.005 -16"><span class='ocrx_word' id='word_1_1' title='bbox 135 100 222 153; x_wconf 66' lang='lat' dir='ltr'>xm]</span> <span class='ocrx_word' id='word_1_2' title='bbox 491 104 653 141; x_wconf 76' lang='grc' dir='ltr'>ΚΑΤΑ</span> <span class='ocrx_word' id='word_1_3' title='bbox 702 103 1042 140; x_wconf 67' lang='grc' dir='ltr'>ΣΤΕψΑΝοΤ</span> <span class='ocrx_word' id='word_1_4' title='bbox 1081 104 1113 140; x_wconf 80' lang='lat' dir='ltr'><strong>A</strong></span> <span class='ocrx_word' id='word_1_5' title='bbox 1485 95 1618 149; x_wconf 85' lang='lat'>[1103]</span> 
     </span>
    </p>
   </div>
   <div class='ocr_carea' id='block_1_2' title="bbox 78 199 1504 1128">
    <p class='ocr_par' dir='ltr' id='par_1_2' title="bbox 78 199 1504 1128">
     <span class='ocr_line' id='line_1_2' title="bbox 136 199 1503 254; baseline -0.003 -12"><span class='ocrx_word' id='word_1_6' title='bbox 136 201 456 254; x_wconf 76' lang='grc' dir='ltr'>ἐσκευωρημένης</span> <span class='ocrx_word' id='word_1_7' title='bbox 493 202 555 241; x_wconf 83' lang='grc' dir='ltr'>καὶ</span> <span class='ocrx_word' id='word_1_8' title='bbox 589 199 773 251; x_wconf 79' lang='grc' dir='ltr'>διαθήκης</span> <span class='ocrx_word' id='word_1_9' title='bbox 802 201 1053 241; x_wconf 83' lang='grc' dir='ltr'>οὐδεπώποτε</span> <span class='ocrx_word' id='word_1_10' title='bbox 1086 199 1314 253; x_wconf 28' lang='grc' dir='ltr'>γενομείιής.</span> <span class='ocrx_word' id='word_1_11' title='bbox 1371 202 1503 250; x_wconf 86' lang='grc' dir='ltr'>προ-6</span> 
     </span>
     <span class='ocr_line' id='line_1_3' title="bbox 134 266 1463 320; baseline -0.003 -11"><span class='ocrx_word' id='word_1_12' title='bbox 134 270 276 320; x_wconf 79' lang='grc' dir='ltr'>λαβὼν</span> <span class='ocrx_word' id='word_1_13' title='bbox 306 267 348 309; x_wconf 87' lang='grc' dir='ltr'>δέ</span> <span class='ocrx_word' id='word_1_14' title='bbox 381 286 456 320; x_wconf 90' lang='grc' dir='ltr'>μου</span> <span class='ocrx_word' id='word_1_15' title='bbox 490 269 594 308; x_wconf 85' lang='grc' dir='ltr'>ὥστε</span> <span class='ocrx_word' id='word_1_16' title='bbox 626 269 815 320; x_wconf 80' lang='grc' dir='ltr'>πρότερος</span> <span class='ocrx_word' id='word_1_17' title='bbox 846 268 981 320; x_wconf 88' lang='grc' dir='ltr'>λέγειν</span> <span class='ocrx_word' id='word_1_18' title='bbox 1017 269 1080 307; x_wconf 79' lang='grc' dir='ltr'>διὰ</span> <span class='ocrx_word' id='word_1_19' title='bbox 1116 271 1158 307; x_wconf 81' lang='grc' dir='ltr'>τὸ</span> <span class='ocrx_word' id='word_1_20' title='bbox 1197 266 1463 318; x_wconf 67' lang='grc' dir='ltr'>παραγραφὴν</span> 
     </span>
     <span class='ocr_line' id='line_1_4' title="bbox 135 333 1464 389; baseline -0.003 -13"><span class='ocrx_word' id='word_1_21' title='bbox 135 336 236 377; x_wconf 78' lang='grc' dir='ltr'>εῖναι</span> <span class='ocrx_word' id='word_1_22' title='bbox 278 336 339 376; x_wconf 87' lang='grc' dir='ltr'>καὶ</span> <span class='ocrx_word' id='word_1_23' title='bbox 380 334 431 387; x_wconf 76' lang='grc' dir='ltr'>μὴ</span> <span class='ocrx_word' id='word_1_24' title='bbox 474 335 669 389; x_wconf 70' lang='grc' dir='ltr'>εὐθυδικίᾳ</span> <span class='ocrx_word' id='word_1_25' title='bbox 705 334 882 382; x_wconf 82' lang='grc' dir='ltr'>εἰσιέναι,</span> <span class='ocrx_word' id='word_1_26' title='bbox 922 336 985 375; x_wconf 88' lang='grc' dir='ltr'>καὶ</span> <span class='ocrx_word' id='word_1_27' title='bbox 1021 333 1127 374; x_wconf 76' lang='grc' dir='ltr'>ταῦτ’</span> <span class='ocrx_word' id='word_1_28' title='bbox 1169 334 1362 386; x_wconf 74' lang='grc' dir='ltr'>ἀναγνοὺς</span> <span class='ocrx_word' id='word_1_29' title='bbox 1402 333 1464 373; x_wconf 76' lang='grc' dir='ltr'>καὶ</span> 
     </span>
     <span class='ocr_line' id='line_1_5' title="bbox 135 400 1463 457; baseline -0.004 -13"><span class='ocrx_word' id='word_1_30' title='bbox 135 402 249 444; x_wconf 80' lang='grc' dir='ltr'>τᾶλλ’</span> <span class='ocrx_word' id='word_1_31' title='bbox 275 402 326 445; x_wconf 82' lang='grc' dir='ltr'>ὡς</span> <span class='ocrx_word' id='word_1_32' title='bbox 351 404 452 457; x_wconf 78' lang='grc' dir='ltr'>αὐτῷ</span> <span class='ocrx_word' id='word_1_33' title='bbox 479 401 700 455; x_wconf 79' lang='grc' dir='ltr'>συμφέρειν</span> <span class='ocrx_word' id='word_1_34' title='bbox 724 403 859 454; x_wconf 84' lang='grc' dir='ltr'>ἡγεῖτο</span> <span class='ocrx_word' id='word_1_35' title='bbox 888 401 1155 455; x_wconf 77' lang='grc' dir='ltr'>ψευσάμενος,</span> <span class='ocrx_word' id='word_1_36' title='bbox 1184 402 1283 441; x_wconf 77' lang='grc' dir='ltr'>οὕτω</span> <span class='ocrx_word' id='word_1_37' title='bbox 1310 400 1463 450; x_wconf 86' lang='grc' dir='ltr'>διέθηκε</span> 
     </span>
     <span class='ocr_line' id='line_1_6' title="bbox 98 467 1464 522; baseline -0.002 -12"><span class='ocrx_word' id='word_1_38' title='bbox 98 491 114 522; x_wconf 85' lang='lat'>5</span> <span class='ocrx_word' id='word_1_39' title='bbox 135 469 224 512; x_wconf 83' lang='grc' dir='ltr'>τοὺς</span> <span class='ocrx_word' id='word_1_40' title='bbox 260 468 460 516; x_wconf 82' lang='grc' dir='ltr'>δικαστάς,</span> <span class='ocrx_word' id='word_1_41' title='bbox 493 470 597 510; x_wconf 86' lang='grc' dir='ltr'>ὥστε</span> <span class='ocrx_word' id='word_1_42' title='bbox 631 469 768 522; x_wconf 77' lang='grc' dir='ltr'>φωνὴν</span> <span class='ocrx_word' id='word_1_43' title='bbox 797 469 886 520; x_wconf 84' lang='grc' dir='ltr'>μηδ’</span> <span class='ocrx_word' id='word_1_44' title='bbox 918 469 1100 520; x_wconf 77' lang='grc' dir='ltr'>ἡντινοῦν</span> <span class='ocrx_word' id='word_1_45' title='bbox 1131 467 1283 508; x_wconf 83' lang='grc' dir='ltr'>ἐθέλειν</span> <span class='ocrx_word' id='word_1_46' title='bbox 1308 467 1464 508; x_wconf 84' lang='grc' dir='ltr'>ἀκούειν</span> 
     </span>
     <span class='ocr_line' id='line_1_7' title="bbox 133 536 1464 590; baseline -0.002 -13"><span class='ocrx_word' id='word_1_47' title='bbox 133 537 255 589; x_wconf 85' lang='grc' dir='ltr'>ἡμῶν·</span> <span class='ocrx_word' id='word_1_48' title='bbox 293 537 542 590; x_wconf 81' lang='grc' dir='ltr'>προσοφλὼν</span> <span class='ocrx_word' id='word_1_49' title='bbox 566 539 607 577; x_wconf 81' lang='grc' dir='ltr'>δὲ</span> <span class='ocrx_word' id='word_1_50' title='bbox 632 537 704 587; x_wconf 73' lang='grc' dir='ltr'>τὴν</span> <span class='ocrx_word' id='word_1_51' title='bbox 724 538 954 588; x_wconf 80' lang='grc' dir='ltr'>ἐπωβελίαν</span> <span class='ocrx_word' id='word_1_52' title='bbox 980 537 1043 577; x_wconf 87' lang='grc' dir='ltr'>καὶ</span> <span class='ocrx_word' id='word_1_53' title='bbox 1067 536 1156 576; x_wconf 76' lang='grc' dir='ltr'>οὐδὲ</span> <span class='ocrx_word' id='word_1_54' title='bbox 1181 536 1306 587; x_wconf 81' lang='grc' dir='ltr'>λόγου</span> <span class='ocrx_word' id='word_1_55' title='bbox 1330 538 1464 587; x_wconf 81' lang='grc' dir='ltr'>τυχεῖν</span> 
     </span>
     <span class='ocr_line' id='line_1_8' title="bbox 126 599 1465 656; baseline -0.001 -11"><span class='ocrx_word' id='word_1_56' title='bbox 126 599 327 655; x_wconf 51' lang='grc' dir='ltr'>’ἀξιωθείῆ</span> <span class='ocrx_word' id='word_1_57' title='bbox 363 604 455 645; x_wconf 85' lang='grc' dir='ltr'>ἀλλ’</span> <span class='ocrx_word' id='word_1_58' title='bbox 487 604 695 656; x_wconf 74' lang='grc' dir='ltr'>ὑβρισθεὶς</span> <span class='ocrx_word' id='word_1_59' title='bbox 728 604 778 646; x_wconf 84' lang='grc' dir='ltr'>ὡς</span> <span class='ocrx_word' id='word_1_60' title='bbox 808 604 876 644; x_wconf 84' lang='grc' dir='ltr'>οὐκ</span> <span class='ocrx_word' id='word_1_61' title='bbox 902 603 974 643; x_wconf 76' lang='grc' dir='ltr'>οἶδ’</span> <span class='ocrx_word' id='word_1_62' title='bbox 1009 605 1045 644; x_wconf 83' lang='grc' dir='ltr'>εἴ</span> <span class='ocrx_word' id='word_1_63' title='bbox 1075 620 1132 644; x_wconf 84' lang='grc' dir='ltr'>τις</span> <span class='ocrx_word' id='word_1_64' title='bbox 1165 602 1315 643; x_wconf 84' lang='grc' dir='ltr'>πώποτ’</span> <span class='ocrx_word' id='word_1_65' title='bbox 1341 602 1465 643; x_wconf 77' lang='grc' dir='ltr'>ἄλλος</span> 
     </span>
     <span class='ocr_line' id='line_1_9' title="bbox 135 669 1464 728; baseline 0 -17"><span class='ocrx_word' id='word_1_66' title='bbox 135 672 364 724; x_wconf 81' lang='grc' dir='ltr'>ἀνθρώπων,</span> <span class='ocrx_word' id='word_1_67' title='bbox 391 669 531 728; x_wconf 83' lang='grc' dir='ltr'>ἀπῄειν</span> <span class='ocrx_word' id='word_1_68' title='bbox 555 670 725 724; x_wconf 84' lang='grc' dir='ltr'>βαρέως,</span> <span class='ocrx_word' id='word_1_69' title='bbox 746 669 775 710; x_wconf 60' lang='lat' dir='ltr'>(T)</span> <span class='ocrx_word' id='word_1_70' title='bbox 801 670 939 723; x_wconf 76' lang='grc' dir='ltr'>ἄνδρες</span> <span class='ocrx_word' id='word_1_71' title='bbox 955 671 1172 721; x_wconf 80' lang='grc' dir='ltr'>Ἀθηναῖοι,</span> <span class='ocrx_word' id='word_1_72' title='bbox 1195 671 1257 710; x_wconf 82' lang='grc' dir='ltr'>καὶ</span> <span class='ocrx_word' id='word_1_73' title='bbox 1278 673 1464 723; x_wconf 76' lang='grc' dir='ltr'>χαλεπῶς</span> 
     </span>
     <span class='ocr_line' id='line_1_10' title="bbox 136 736 1504 794; baseline -0.003 -15"><span class='ocrx_word' id='word_1_74' title='bbox 136 738 280 792; x_wconf 81' lang='grc' dir='ltr'>φέρων.</span> <span class='ocrx_word' id='word_1_75' title='bbox 317 739 444 791; x_wconf 90' lang='grc' dir='ltr'>λόγον</span> <span class='ocrx_word' id='word_1_76' title='bbox 467 738 501 780; x_wconf 85' lang='grc' dir='ltr'>δ’</span> <span class='ocrx_word' id='word_1_77' title='bbox 525 740 679 794; x_wconf 76' lang='grc' dir='ltr'>ἐμαυτῷ</span> <span class='ocrx_word' id='word_1_78' title='bbox 711 739 839 780; x_wconf 76' lang='grc' dir='ltr'>διδοὺς</span> <span class='ocrx_word' id='word_1_79' title='bbox 873 739 1041 790; x_wconf 81' lang='grc' dir='ltr'>εὑρίσκω</span> <span class='ocrx_word' id='word_1_80' title='bbox 1071 742 1154 779; x_wconf 80' lang='grc' dir='ltr'>τοῖς</span> <span class='ocrx_word' id='word_1_81' title='bbox 1177 736 1367 777; x_wconf 78' lang='grc' dir='ltr'>δικάσασι</span> <span class='ocrx_word' id='word_1_82' title='bbox 1392 738 1464 787; x_wconf 78' lang='grc' dir='ltr'>μὲν</span> <span class='ocrx_word' id='word_1_83' title='bbox 1485 747 1504 782; x_wconf 94' lang='grc'><em>7</em></span> 
     </span>
     <span class='ocr_line' id='line_1_11' title="bbox 78 803 1464 859; baseline -0.004 -11"><span class='ocrx_word' id='word_1_84' title='bbox 78 827 116 848; x_wconf 89' lang='lat'>10</span> <span class='ocrx_word' id='word_1_85' title='bbox 134 806 224 848; x_wconf 86' lang='grc' dir='ltr'>τότε</span> <span class='ocrx_word' id='word_1_86' title='bbox 246 805 404 856; x_wconf 82' lang='grc' dir='ltr'>πολλὴν</span> <span class='ocrx_word' id='word_1_87' title='bbox 430 806 667 859; x_wconf 85' lang='grc' dir='ltr'>συγγνώμην</span> <span class='ocrx_word' id='word_1_88' title='bbox 694 806 818 846; x_wconf 68' lang='grc' dir='ltr'>οὖσαν</span> <span class='ocrx_word' id='word_1_89' title='bbox 841 806 934 858; x_wconf 84' lang='grc' dir='ltr'>(ἐγὼ</span> <span class='ocrx_word' id='word_1_90' title='bbox 966 807 1040 858; x_wconf 70' lang='grc' dir='ltr'>γὰρ</span> <span class='ocrx_word' id='word_1_91' title='bbox 1074 805 1189 846; x_wconf 73' lang='grc' dir='ltr'>αὐτὸς</span> <span class='ocrx_word' id='word_1_92' title='bbox 1221 804 1290 845; x_wconf 79' lang='grc' dir='ltr'>οὐκ</span> <span class='ocrx_word' id='word_1_93' title='bbox 1319 803 1367 844; x_wconf 76' lang='grc' dir='ltr'>ἂν</span> <span class='ocrx_word' id='word_1_94' title='bbox 1393 803 1464 843; x_wconf 79' lang='grc' dir='ltr'>οἶδ’</span> 
     </span>
     <span class='ocr_line' id='line_1_12' title="bbox 135 872 1464 926; baseline -0.003 -12"><span class='ocrx_word' id='word_1_95' title='bbox 135 873 158 914; x_wconf 83' lang='grc' dir='ltr'><em>ὅ</em></span> <span class='ocrx_word' id='word_1_96' title='bbox 184 890 222 914; x_wconf 88' lang='grc' dir='ltr'>τι</span> <span class='ocrx_word' id='word_1_97' title='bbox 252 873 345 914; x_wconf 78' lang='grc' dir='ltr'>ἄλλ’</span> <span class='ocrx_word' id='word_1_98' title='bbox 372 873 484 926; x_wconf 74' lang='grc' dir='ltr'>εἶχον</span> <span class='ocrx_word' id='word_1_99' title='bbox 511 874 790 926; x_wconf 80' lang='grc' dir='ltr'>ψηφίσασθαι,</span> <span class='ocrx_word' id='word_1_100' title='bbox 823 877 901 913; x_wconf 89' lang='grc' dir='ltr'>τῶν</span> <span class='ocrx_word' id='word_1_101' title='bbox 922 872 1213 924; x_wconf 72' lang='grc' dir='ltr'>πεπραγμένων</span> <span class='ocrx_word' id='word_1_102' title='bbox 1243 874 1314 923; x_wconf 78' lang='grc' dir='ltr'>μὲν</span> <span class='ocrx_word' id='word_1_103' title='bbox 1343 873 1464 922; x_wconf 82' lang='grc' dir='ltr'>μηδὲν</span> 
     </span>
     <span class='ocr_line' id='line_1_13' title="bbox 137 929 1464 993; baseline -0.002 -13"><span class='ocrx_word' id='word_1_104' title='bbox 137 940 258 986; x_wconf 76' lang='grc' dir='ltr'>εἰδώς,</span> <span class='ocrx_word' id='word_1_105' title='bbox 289 940 339 982; x_wconf 82' lang='grc' dir='ltr'>τὰ</span> <span class='ocrx_word' id='word_1_106' title='bbox 365 943 409 982; x_wconf 81' lang='grc' dir='ltr'>δὲ</span> <span class='ocrx_word' id='word_1_107' title='bbox 436 940 718 993; x_wconf 81' lang='grc' dir='ltr'>μαρτυρούμεν’</span> <span class='ocrx_word' id='word_1_108' title='bbox 743 938 920 990; x_wconf 78' lang='grc' dir='ltr'>ἀκούων),</span> <span class='ocrx_word' id='word_1_109' title='bbox 947 940 1108 982; x_wconf 78' lang='grc' dir='ltr'>τούτους</span> <span class='ocrx_word' id='word_1_110' title='bbox 1133 939 1165 979; x_wconf 82' lang='grc' dir='ltr'>δ’</span> <span class='ocrx_word' id='word_1_111' title='bbox 1191 929 1464 989; x_wconf 45' lang='lat' dir='ltr'>&amp;gebus-dura?</span> 
     </span>
     <span class='ocr_line' id='line_1_14' title="bbox 135 1004 1463 1063; baseline -0.003 -16"><span class='ocrx_word' id='word_1_112' title='bbox 135 1008 266 1060; x_wconf 84' lang='grc' dir='ltr'>ὀργης,</span> <span class='ocrx_word' id='word_1_113' title='bbox 306 1007 342 1048; x_wconf 73' lang='grc' dir='ltr'>οἳ</span> <span class='ocrx_word' id='word_1_114' title='bbox 375 1012 429 1063; x_wconf 79' lang='grc' dir='ltr'>τῷ</span> <span class='ocrx_word' id='word_1_115' title='bbox 457 1009 506 1049; x_wconf 79' lang='grc' dir='ltr'>τὰ</span> <span class='ocrx_word' id='word_1_116' title='bbox 538 1010 666 1059; x_wconf 78' lang='grc' dir='ltr'>ψευδῆ</span> <span class='ocrx_word' id='word_1_117' title='bbox 700 1011 907 1059; x_wconf 79' lang='grc' dir='ltr'>μαρτυρεῖν</span> <span class='ocrx_word' id='word_1_118' title='bbox 944 1008 1061 1047; x_wconf 82' lang='grc' dir='ltr'>αἴτιοι</span> <span class='ocrx_word' id='word_1_119' title='bbox 1092 1006 1241 1046; x_wconf 85' lang='grc' dir='ltr'>τούτων</span> <span class='ocrx_word' id='word_1_120' title='bbox 1266 1004 1463 1058; x_wconf 81' lang='grc' dir='ltr'>ἐγένοντο.</span> 
     </span>
     <span class='ocr_line' id='line_1_15' title="bbox 135 1071 1466 1128; baseline -0.001 -14"><span class='ocrx_word' id='word_1_121' title='bbox 135 1075 226 1128; x_wconf 90' lang='grc' dir='ltr'>περὶ</span> <span class='ocrx_word' id='word_1_122' title='bbox 256 1091 329 1127; x_wconf 92' lang='grc' dir='ltr'>μεν</span> <span class='ocrx_word' id='word_1_123' title='bbox 362 1074 407 1125; x_wconf 89' lang='grc' dir='ltr'>δη</span> <span class='ocrx_word' id='word_1_124' title='bbox 445 1078 523 1115; x_wconf 88' lang='grc' dir='ltr'>τῶν</span> <span class='ocrx_word' id='word_1_125' title='bbox 555 1074 692 1115; x_wconf 83' lang='grc' dir='ltr'>ἄλλων</span> <span class='ocrx_word' id='word_1_126' title='bbox 725 1079 803 1115; x_wconf 87' lang='grc' dir='ltr'>τῶν</span> <span class='ocrx_word' id='word_1_127' title='bbox 830 1074 1199 1126; x_wconf 82' lang='grc' dir='ltr'>μεμαρτυρηκότων,</span> <span class='ocrx_word' id='word_1_128' title='bbox 1239 1074 1334 1113; x_wconf 82' lang='grc' dir='ltr'>ὅταν</span> <span class='ocrx_word' id='word_1_129' title='bbox 1370 1071 1466 1123; x_wconf 80' lang='grc' dir='ltr'>πρὸς</span> 
     </span>
    </p>
   </div>
   <div class='ocr_carea' id='block_1_3' title="bbox 819 1140 916 1157">
    <p class='ocr_par' dir='ltr' id='par_1_3' title="bbox 819 1140 916 1157">
     <span class='ocr_line' id='line_1_16' title="bbox 819 1140 916 1157; baseline 0.021 -5"><span class='ocrx_word' id='word_1_130' title='bbox 819 1142 836 1157; x_wconf 61' lang='grc' dir='ltr'>Α</span> <span class='ocrx_word' id='word_1_131' title='bbox 887 1140 916 1154; x_wconf 60' lang='lat' dir='ltr'>ux,</span> 
     </span>
    </p>
   </div>
   <div class='ocr_carea' id='block_1_4' title="bbox 78 1139 1626 1478">
    <p class='ocr_par' dir='ltr' id='par_1_4' title="bbox 78 1139 1508 1397">
     <span class='ocr_line' id='line_1_17' title="bbox 78 1139 1467 1194; baseline -0.005 -10"><span class='ocrx_word' id='word_1_132' title='bbox 78 1163 114 1194; x_wconf 87' lang='lat'>15</span> <span class='ocrx_word' id='word_1_133' title='bbox 137 1142 308 1183; x_wconf 80' lang='grc' dir='ltr'>ἐκεινους</span> <span class='ocrx_word' id='word_1_134' title='bbox 327 1143 453 1191; x_wconf 81' lang='grc' dir='ltr'>εἶσιω,</span> <span class='ocrx_word' id='word_1_135' title='bbox 475 1141 555 1182; x_wconf 84' lang='grc' dir='ltr'>τότ’</span> <span class='ocrx_word' id='word_1_136' title='bbox 575 1143 664 1194; x_wconf 85' lang='grc' dir='ltr'>ἐρῶ·</span> <span class='ocrx_word' id='word_1_137' title='bbox 703 1141 793 1193; x_wconf 86' lang='grc' dir='ltr'>περὶ</span> <span class='ocrx_word' id='word_1_138' title='bbox 811 1148 864 1181; x_wconf 89' lang='grc' dir='ltr'>ὡν</span> <span class='ocrx_word' id='word_1_139' title='bbox 885 1152 904 1181; x_wconf 84' lang='grc' dir='ltr'>ο</span> <span class='ocrx_word' id='word_1_140' title='bbox 936 1142 1072 1181; x_wconf 82' lang='grc' dir='ltr'>οὑτοσὶ</span> <span class='ocrx_word' id='word_1_141' title='bbox 1093 1139 1300 1192; x_wconf 80' lang='grc' dir='ltr'>Στέφανος</span> <span class='ocrx_word' id='word_1_142' title='bbox 1322 1156 1467 1191; x_wconf 88' lang='grc' dir='ltr'>μεμαρ-</span> 
     </span>
     <span class='ocr_line' id='line_1_18' title="bbox 135 1205 1508 1261; baseline -0.002 -13"><span class='ocrx_word' id='word_1_143' title='bbox 135 1208 312 1261; x_wconf 83' lang='grc' dir='ltr'>τύρηκεν,</span> <span class='ocrx_word' id='word_1_144' title='bbox 334 1208 406 1260; x_wconf 86' lang='grc' dir='ltr'>ἤδη</span> <span class='ocrx_word' id='word_1_145' title='bbox 431 1207 672 1261; x_wconf 80' lang='grc' dir='ltr'>πειράσομαι</span> <span class='ocrx_word' id='word_1_146' title='bbox 697 1208 936 1249; x_wconf 72' lang='grc' dir='ltr'>διδάσκειν“</span> <span class='ocrx_word' id='word_1_147' title='bbox 918 1226 1028 1259; x_wconf 79' lang='grc' dir='ltr'>υμας.</span> <span class='ocrx_word' id='word_1_148' title='bbox 1065 1209 1171 1258; x_wconf 73' lang='grc' dir='ltr'>λαβὲ</span> <span class='ocrx_word' id='word_1_149' title='bbox 1196 1206 1230 1247; x_wconf 79' lang='grc' dir='ltr'>δ’</span> <span class='ocrx_word' id='word_1_150' title='bbox 1251 1206 1371 1257; x_wconf 83' lang='grc' dir='ltr'>αὐτην</span> <span class='ocrx_word' id='word_1_151' title='bbox 1396 1205 1467 1255; x_wconf 73' lang='grc' dir='ltr'>τὴν</span> <span class='ocrx_word' id='word_1_152' title='bbox 1488 1212 1508 1246; x_wconf 87' lang='lat'>8</span> 
     </span>
     <span class='ocr_line' id='line_1_19' title="bbox 135 1273 1464 1329; baseline -0.002 -14"><span class='ocrx_word' id='word_1_153' title='bbox 135 1277 350 1328; x_wconf 87' lang='grc' dir='ltr'>μαρτυρίαν</span> <span class='ocrx_word' id='word_1_154' title='bbox 371 1277 433 1316; x_wconf 82' lang='grc' dir='ltr'>καὶ</span> <span class='ocrx_word' id='word_1_155' title='bbox 453 1275 657 1329; x_wconf 81' lang='grc' dir='ltr'>ἀνάγνωθί</span> <span class='ocrx_word' id='word_1_156' title='bbox 676 1294 756 1328; x_wconf 90' lang='grc' dir='ltr'>μοι,</span> <span class='ocrx_word' id='word_1_157' title='bbox 779 1276 828 1317; x_wconf 83' lang='grc' dir='ltr'>ἵν’</span> <span class='ocrx_word' id='word_1_158' title='bbox 849 1275 896 1327; x_wconf 80' lang='grc' dir='ltr'>ἐξ</span> <span class='ocrx_word' id='word_1_159' title='bbox 918 1277 1035 1327; x_wconf 81' lang='grc' dir='ltr'>αὐτῆς</span> <span class='ocrx_word' id='word_1_160' title='bbox 1061 1274 1304 1316; x_wconf 85' lang='grc' dir='ltr'>ἐπιδεικνύω.</span> <span class='ocrx_word' id='word_1_161' title='bbox 1354 1273 1464 1326; x_wconf 58' lang='grc' dir='ltr'>λέγε</span> 
     </span>
     <span class='ocr_line' id='line_1_20' title="bbox 137 1342 649 1397; baseline 0.006 -14"><span class='ocrx_word' id='word_1_162' title='bbox 137 1342 187 1383; x_wconf 83' lang='grc' dir='ltr'>σὺ</span> <span class='ocrx_word' id='word_1_163' title='bbox 212 1342 245 1383; x_wconf 87' lang='grc' dir='ltr'>δ’</span> <span class='ocrx_word' id='word_1_164' title='bbox 269 1343 443 1394; x_wconf 81' lang='grc' dir='ltr'>ἐπίλαβε</span> <span class='ocrx_word' id='word_1_165' title='bbox 466 1342 511 1384; x_wconf 86' lang='grc' dir='ltr'>τὸ</span> <span class='ocrx_word' id='word_1_166' title='bbox 534 1345 649 1397; x_wconf 81' lang='grc' dir='ltr'>ὕδωρ.</span> 
     </span>
    </p>

    <p class='ocr_par' dir='ltr' id='par_1_5' title="bbox 697 1422 1626 1478">
     <span class='ocr_line' id='line_1_21' title="bbox 697 1422 1626 1478; baseline -0.008 -10"><span class='ocrx_word' id='word_1_167' title='bbox 697 1441 906 1468; x_wconf 75' lang='lat' dir='ltr'><strong>MAPTTPIA.</strong></span> <span class='ocrx_word' id='word_1_168' title='bbox 1492 1422 1626 1478; x_wconf 87' lang='lat'><em>[1104]</em></span> 
     </span>
    </p>
   </div>
   <div class='ocr_carea' id='block_1_5' title="bbox 80 1494 1471 1934">
    <p class='ocr_par' dir='ltr' id='par_1_6' title="bbox 80 1494 1471 1768">
     <span class='ocr_line' id='line_1_22' title="bbox 80 1494 1468 1549; baseline -0.005 -8"><span class='ocrx_word' id='word_1_169' title='bbox 80 1519 119 1541; x_wconf 87' lang='lat'>20</span> <span class='ocrx_word' id='word_1_170' title='bbox 192 1497 383 1546; x_wconf 79' lang='grc' dir='ltr'>Στέφανος</span> <span class='ocrx_word' id='word_1_171' title='bbox 394 1497 627 1538; x_wconf 85' lang='grc' dir='ltr'>Μενεκλεους</span> <span class='ocrx_word' id='word_1_172' title='bbox 639 1497 865 1549; x_wconf 79' lang='grc' dir='ltr'>Ἀχαρνεύς,’</span> <span class='ocrx_word' id='word_1_173' title='bbox 865 1496 1024 1537; x_wconf 83' lang='grc' dir='ltr'>Ενδιος’</span> <span class='ocrx_word' id='word_1_174' title='bbox 1027 1494 1468 1548; x_wconf 80' lang='grc' dir='ltr'>ΕπιγένουςΛαμπ-τρεύς,</span> 
     </span>
     <span class='ocr_line' id='line_1_23' title="bbox 138 1550 1470 1620; baseline -0.005 -28"><span class='ocrx_word' id='word_1_175' title='bbox 138 1551 284 1602; x_wconf 80' lang='grc' dir='ltr'>Σκύθης</span> <span class='ocrx_word' id='word_1_176' title='bbox 308 1553 520 1602; x_wconf 55' lang='lat' dir='ltr'>‘Appon-5003</span> <span class='ocrx_word' id='word_1_177' title='bbox 547 1552 820 1620; x_wconf 80' lang='grc' dir='ltr'>Κυδαθηναιεὺς</span> <span class='ocrx_word' id='word_1_178' title='bbox 846 1555 1075 1602; x_wconf 75' lang='grc' dir='ltr'>μαρτυροῖσι</span> <span class='ocrx_word' id='word_1_179' title='bbox 1104 1552 1271 1600; x_wconf 82' lang='grc' dir='ltr'>παρεῖναι</span> <span class='ocrx_word' id='word_1_180' title='bbox 1301 1550 1391 1599; x_wconf 79' lang='grc' dir='ltr'>πρὸς</span> <span class='ocrx_word' id='word_1_181' title='bbox 1419 1552 1470 1600; x_wconf 75' lang='grc' dir='ltr'>τῷ</span> 
     </span>
     <span class='ocr_line' id='line_1_24' title="bbox 139 1604 1469 1658; baseline -0.002 -14"><span class='ocrx_word' id='word_1_182' title='bbox 139 1606 306 1658; x_wconf 79' lang='grc' dir='ltr'>διαιτητῇ</span> <span class='ocrx_word' id='word_1_183' title='bbox 329 1607 458 1645; x_wconf 88' lang='grc' dir='ltr'>Τεισια</span> <span class='ocrx_word' id='word_1_184' title='bbox 477 1606 696 1658; x_wconf 79' lang='grc' dir='ltr'>Ἀχαρνεῖ,</span> <span class='ocrx_word' id='word_1_185' title='bbox 683 1607 743 1646; x_wconf 88' lang='grc' dir='ltr'>ότε</span> <span class='ocrx_word' id='word_1_186' title='bbox 768 1608 1014 1656; x_wconf 79' lang='grc' dir='ltr'>προύκαλεῖτο</span> <span class='ocrx_word' id='word_1_187' title='bbox 1041 1607 1211 1655; x_wconf 85' lang='grc' dir='ltr'>Φορμιων</span> <span class='ocrx_word' id='word_1_188' title='bbox 1230 1604 1469 1642; x_wconf 81' lang='grc' dir='ltr'>Απολλόδω-</span> 
     </span>
     <span class='ocr_line' id='line_1_25' title="bbox 137 1660 1471 1713; baseline -0.001 -13"><span class='ocrx_word' id='word_1_189' title='bbox 137 1678 213 1711; x_wconf 88' lang='grc' dir='ltr'>ρον,</span> <span class='ocrx_word' id='word_1_190' title='bbox 237 1663 267 1700; x_wconf 85' lang='grc' dir='ltr'>εἷ</span> <span class='ocrx_word' id='word_1_191' title='bbox 288 1679 341 1712; x_wconf 88' lang='grc' dir='ltr'>μη</span> <span class='ocrx_word' id='word_1_192' title='bbox 367 1665 487 1711; x_wconf 85' lang='grc' dir='ltr'>φησιν</span> <span class='ocrx_word' id='word_1_193' title='bbox 514 1663 723 1713; x_wconf 84' lang='grc' dir='ltr'>ἀντιγραφα</span> <span class='ocrx_word' id='word_1_194' title='bbox 749 1661 839 1700; x_wconf 76' lang='grc' dir='ltr'>εἶναι</span> <span class='ocrx_word' id='word_1_195' title='bbox 867 1664 939 1699; x_wconf 85' lang='grc' dir='ltr'>τῶν</span> <span class='ocrx_word' id='word_1_196' title='bbox 965 1661 1147 1710; x_wconf 80' lang='grc' dir='ltr'>διαθηκῶν</span> <span class='ocrx_word' id='word_1_197' title='bbox 1173 1663 1244 1698; x_wconf 88' lang='grc' dir='ltr'>τῶν</span> <span class='ocrx_word' id='word_1_198' title='bbox 1275 1660 1471 1698; x_wconf 80' lang='grc' dir='ltr'>Πασίωνος</span> 
     </span>
     <span class='ocr_line' id='line_1_26' title="bbox 138 1714 1470 1768; baseline -0.001 -15"><span class='ocrx_word' id='word_1_199' title='bbox 138 1716 180 1754; x_wconf 83' lang='grc' dir='ltr'>τὸ</span> <span class='ocrx_word' id='word_1_200' title='bbox 199 1719 452 1768; x_wconf 82' lang='grc' dir='ltr'>γραμματεῖον</span> <span class='ocrx_word' id='word_1_201' title='bbox 471 1716 490 1754; x_wconf 82' lang='grc' dir='ltr'>ὃ</span> <span class='ocrx_word' id='word_1_202' title='bbox 507 1718 709 1766; x_wconf 82' lang='grc' dir='ltr'>ἐνεβάλετο</span> <span class='ocrx_word' id='word_1_203' title='bbox 729 1717 900 1766; x_wconf 85' lang='grc' dir='ltr'>Φορμίων</span> <span class='ocrx_word' id='word_1_204' title='bbox 921 1718 970 1755; x_wconf 83' lang='grc' dir='ltr'>εἰς</span> <span class='ocrx_word' id='word_1_205' title='bbox 988 1717 1053 1753; x_wconf 84' lang='grc' dir='ltr'>τὸν</span> <span class='ocrx_word' id='word_1_206' title='bbox 1073 1718 1205 1766; x_wconf 79' lang='grc' dir='ltr'>ἐχῖνον,</span> <span class='ocrx_word' id='word_1_207' title='bbox 1227 1714 1385 1765; x_wconf 82' lang='grc' dir='ltr'>ἀνοίγειν</span> <span class='ocrx_word' id='word_1_208' title='bbox 1404 1714 1470 1752; x_wconf 80' lang='grc' dir='ltr'>τὰς</span> 
     </span>
    </p>

    <p class='ocr_par' dir='ltr' id='par_1_7' title="bbox 81 1767 1470 1934">
     <span class='ocr_line' id='line_1_27' title="bbox 81 1767 1470 1822; baseline -0.002 -12"><span class='ocrx_word' id='word_1_209' title='bbox 81 1789 119 1819; x_wconf 86' lang='lat'>25</span> <span class='ocrx_word' id='word_1_210' title='bbox 140 1770 314 1820; x_wconf 78' lang='grc' dir='ltr'>διαθηκας</span> <span class='ocrx_word' id='word_1_211' title='bbox 332 1773 397 1811; x_wconf 78' lang='grc' dir='ltr'>τὰς</span> <span class='ocrx_word' id='word_1_212' title='bbox 418 1771 572 1809; x_wconf 89' lang='grc' dir='ltr'>Πασιωι</span> <span class='ocrx_word' id='word_1_213' title='bbox 565 1788 623 1817; x_wconf 85' lang='grc' dir='ltr'>ος,</span> <span class='ocrx_word' id='word_1_214' title='bbox 645 1789 687 1812; x_wconf 89' lang='grc' dir='ltr'>ας</span> <span class='ocrx_word' id='word_1_215' title='bbox 713 1774 866 1822; x_wconf 83' lang='grc' dir='ltr'>παρεῖχε</span> <span class='ocrx_word' id='word_1_216' title='bbox 892 1769 984 1820; x_wconf 76' lang='grc' dir='ltr'>πρὸς</span> <span class='ocrx_word' id='word_1_217' title='bbox 1009 1770 1074 1809; x_wconf 83' lang='grc' dir='ltr'>τὸν</span> <span class='ocrx_word' id='word_1_218' title='bbox 1101 1769 1288 1818; x_wconf 80' lang='grc' dir='ltr'>διαιτητην</span> <span class='ocrx_word' id='word_1_219' title='bbox 1306 1767 1470 1818; x_wconf 82' lang='grc' dir='ltr'>Αμφίας</span> 
     </span>
     <span class='ocr_line' id='line_1_28' title="bbox 140 1823 1469 1876; baseline -0.003 -13"><span class='ocrx_word' id='word_1_220' title='bbox 140 1827 160 1863; x_wconf 82' lang='grc' dir='ltr'>ὃ</span> <span class='ocrx_word' id='word_1_221' title='bbox 181 1829 484 1875; x_wconf 81' lang='grc' dir='ltr'>Κηφισοφῶντος</span> <span class='ocrx_word' id='word_1_222' title='bbox 511 1826 700 1876; x_wconf 81' lang='grc' dir='ltr'>κηδεστής·</span> <span class='ocrx_word' id='word_1_223' title='bbox 726 1825 1015 1875; x_wconf 80' lang='grc' dir='ltr'>Απολλόδωρον</span> <span class='ocrx_word' id='word_1_224' title='bbox 1044 1825 1081 1862; x_wconf 81' lang='grc' dir='ltr'>δὲ</span> <span class='ocrx_word' id='word_1_225' title='bbox 1111 1842 1175 1862; x_wconf 88' lang='grc' dir='ltr'>ουκ</span> <span class='ocrx_word' id='word_1_226' title='bbox 1205 1823 1345 1862; x_wconf 82' lang='grc' dir='ltr'>ἐθέλειν</span> <span class='ocrx_word' id='word_1_227' title='bbox 1373 1823 1469 1861; x_wconf 79' lang='grc' dir='ltr'>ἀνοι-</span> 
     </span>
     <span class='ocr_line' id='line_1_29' title="bbox 139 1879 1345 1934; baseline -0.002 -16"><span class='ocrx_word' id='word_1_228' title='bbox 139 1897 229 1932; x_wconf 79' lang='grc' dir='ltr'>γειν·</span> <span class='ocrx_word' id='word_1_229' title='bbox 252 1880 342 1919; x_wconf 76' lang='grc' dir='ltr'>εἶναι</span> <span class='ocrx_word' id='word_1_230' title='bbox 361 1880 399 1918; x_wconf 81' lang='grc' dir='ltr'>δὲ</span> <span class='ocrx_word' id='word_1_231' title='bbox 418 1881 504 1919; x_wconf 80' lang='grc' dir='ltr'>τάδε</span> <span class='ocrx_word' id='word_1_232' title='bbox 525 1882 735 1934; x_wconf 83' lang='grc' dir='ltr'>ἀντίγραφα</span> <span class='ocrx_word' id='word_1_233' title='bbox 755 1885 825 1919; x_wconf 88' lang='grc' dir='ltr'>τῶν</span> <span class='ocrx_word' id='word_1_234' title='bbox 845 1881 1026 1930; x_wconf 80' lang='grc' dir='ltr'>διαθηκῶν</span> <span class='ocrx_word' id='word_1_235' title='bbox 1045 1882 1117 1918; x_wconf 84' lang='grc' dir='ltr'>τῶν</span> <span class='ocrx_word' id='word_1_236' title='bbox 1138 1879 1345 1918; x_wconf 81' lang='grc' dir='ltr'>Πασίωνος.</span> 
     </span>
    </p>
   </div>
   <div class='ocr_carea' id='block_1_6' title="bbox 141 1980 1470 2460">
    <p class='ocr_par' dir='ltr' id='par_1_8' title="bbox 141 1980 1470 2460">
     <span class='ocr_line' id='line_1_30' title="bbox 188 1980 1469 2025; baseline -0.004 -9"><span class='ocrx_word' id='word_1_237' title='bbox 188 1994 208 2013; x_wconf 85' lang='grc'>2</span> <span class='ocrx_word' id='word_1_238' title='bbox 231 1998 290 2024; x_wconf 88' lang='grc' dir='ltr'>μου</span> <span class='ocrx_word' id='word_1_239' title='bbox 307 1985 390 2016; x_wconf 78' lang='grc' dir='ltr'>ὥστε</span> <span class='ocrx_word' id='word_1_240' title='bbox 407 1984 530 2016; x_wconf 84' lang='lat' dir='ltr'>codd.</span> <span class='ocrx_word' id='word_1_241' title='bbox 553 1998 613 2025; x_wconf 88' lang='grc' dir='ltr'>μου</span> <span class='ocrx_word' id='word_1_242' title='bbox 629 1985 666 2016; x_wconf 82' lang='grc' dir='ltr'>τὺ</span> <span class='ocrx_word' id='word_1_243' title='bbox 685 1984 803 2015; x_wconf 78' lang='lat' dir='ltr'><strong>Rhett.</strong></span> <span class='ocrx_word' id='word_1_244' title='bbox 819 1984 951 2016; x_wconf 81' lang='lat' dir='ltr'>Graeci</span> <span class='ocrx_word' id='word_1_245' title='bbox 965 1984 997 2014; x_wconf 91' lang='lat' dir='ltr'>iv</span> <span class='ocrx_word' id='word_1_246' title='bbox 1011 1993 1084 2023; x_wconf 85' lang='lat'>291,</span> <span class='ocrx_word' id='word_1_247' title='bbox 1098 1994 1118 2013; x_wconf 96' lang='lat' dir='ltr'>v</span> <span class='ocrx_word' id='word_1_248' title='bbox 1135 1993 1195 2012; x_wconf 88' lang='lat'>112</span> <span class='ocrx_word' id='word_1_249' title='bbox 1215 1980 1386 2024; x_wconf 67' lang='lat' dir='ltr'>(Waltz):</span> <span class='ocrx_word' id='word_1_250' title='bbox 1409 1994 1469 2019; x_wconf 89' lang='grc' dir='ltr'>μου</span> 
     </span>
     <span class='ocr_line' id='line_1_31' title="bbox 143 2024 1467 2070; baseline -0.002 -12"><span class='ocrx_word' id='word_1_251' title='bbox 143 2027 241 2058; x_wconf 85' lang='lat' dir='ltr'>BlaSS</span> <span class='ocrx_word' id='word_1_252' title='bbox 344 2027 494 2070; x_wconf 81' lang='grc' dir='ltr'>πρότερος</span> <span class='ocrx_word' id='word_1_253' title='bbox 512 2029 576 2060; x_wconf 80' lang='lat' dir='ltr'>Rh.</span> <span class='ocrx_word' id='word_1_254' title='bbox 597 2028 870 2069; x_wconf 60' lang='lat' dir='ltr'>G12(Dobree).</span> <span class='ocrx_word' id='word_1_255' title='bbox 894 2027 1047 2069; x_wconf 80' lang='grc' dir='ltr'>πρότερον</span> <span class='ocrx_word' id='word_1_256' title='bbox 1065 2027 1164 2057; x_wconf 86' lang='lat' dir='ltr'>codd.</span> <span class='ocrx_word' id='word_1_257' title='bbox 1328 2035 1347 2064; x_wconf 84' lang='lat'><strong>3</strong></span> <span class='ocrx_word' id='word_1_258' title='bbox 1373 2024 1467 2063; x_wconf 73' lang='grc' dir='ltr'>εἶναι]</span> 
     </span>
     <span class='ocr_line' id='line_1_32' title="bbox 141 2070 1468 2114; baseline -0.004 -11"><span class='ocrx_word' id='word_1_259' title='bbox 141 2070 346 2112; x_wconf 77' lang='grc' dir='ltr'>ἀγωνίζεσθαι</span> <span class='ocrx_word' id='word_1_260' title='bbox 364 2072 505 2104; x_wconf 76' lang='lat' dir='ltr'>Rh.G1‘.</span> <span class='ocrx_word' id='word_1_261' title='bbox 676 2073 832 2114; x_wconf 81' lang='grc' dir='ltr'>εὐθυδικίᾳ</span> <span class='ocrx_word' id='word_1_262' title='bbox 851 2072 917 2110; x_wconf 78' lang='lat' dir='ltr'>FQ</span> <span class='ocrx_word' id='word_1_263' title='bbox 930 2072 953 2101; x_wconf 78' lang='lat' dir='ltr'>S</span> <span class='ocrx_word' id='word_1_264' title='bbox 972 2082 1050 2109; x_wconf 66' lang='lat' dir='ltr'>mg..</span> <span class='ocrx_word' id='word_1_265' title='bbox 1070 2071 1110 2101; x_wconf 90' lang='lat' dir='ltr'>cf.</span> <span class='ocrx_word' id='word_1_266' title='bbox 1132 2070 1217 2101; x_wconf 80' lang='lat' dir='ltr'>Isae.</span> <span class='ocrx_word' id='word_1_267' title='bbox 1237 2070 1267 2099; x_wconf 68' lang='lat' dir='ltr'>xi</span> <span class='ocrx_word' id='word_1_268' title='bbox 1285 2078 1326 2107; x_wconf 79' lang='lat'>3:</span> <span class='ocrx_word' id='word_1_269' title='bbox 1351 2070 1468 2099; x_wconf 79' lang='grc' dir='ltr'>εὐθυδι-</span> 
     </span>
     <span class='ocr_line' id='line_1_33' title="bbox 143 2112 1467 2155; baseline -0.005 -8"><span class='ocrx_word' id='word_1_270' title='bbox 143 2116 212 2147; x_wconf 83' lang='grc' dir='ltr'>κίαν</span> <span class='ocrx_word' id='word_1_271' title='bbox 230 2116 260 2145; x_wconf 94' lang='lat' dir='ltr'>D</span> <span class='ocrx_word' id='word_1_272' title='bbox 274 2115 313 2146; x_wconf 84' lang='lat' dir='ltr'>cs.</span> <span class='ocrx_word' id='word_1_273' title='bbox 326 2117 431 2146; x_wconf 85' lang='lat' dir='ltr'>xxxiv</span> <span class='ocrx_word' id='word_1_274' title='bbox 447 2126 464 2154; x_wconf 89' lang='lat'><strong>4</strong></span> <span class='ocrx_word' id='word_1_275' title='bbox 484 2127 490 2146; x_wconf 87' lang='lat'>:</span> <span class='ocrx_word' id='word_1_276' title='bbox 515 2117 704 2148; x_wconf 83' lang='grc' dir='ltr'>εὐθυδικαιαι</span> <span class='ocrx_word' id='word_1_277' title='bbox 721 2116 758 2147; x_wconf 88' lang='lat' dir='ltr'>Sl</span> <span class='ocrx_word' id='word_1_278' title='bbox 851 2126 867 2154; x_wconf 91' lang='lat'><strong>7</strong></span> <span class='ocrx_word' id='word_1_279' title='bbox 894 2117 968 2147; x_wconf 80' lang='grc' dir='ltr'>ἀλλ’</span> <span class='ocrx_word' id='word_1_280' title='bbox 984 2116 1141 2155; x_wconf 76' lang='grc' dir='ltr'>ὑβρισθεὶς</span> <span class='ocrx_word' id='word_1_281' title='bbox 1159 2114 1189 2153; x_wconf 83' lang='lat' dir='ltr'>Q</span> <span class='ocrx_word' id='word_1_282' title='bbox 1206 2126 1256 2154; x_wconf 76' lang='grc' dir='ltr'>γρ.</span> <span class='ocrx_word' id='word_1_283' title='bbox 1272 2112 1467 2153; x_wconf 75' lang='lat' dir='ltr'>(Schaefer)</span> 
     </span>
     <span class='ocr_line' id='line_1_34' title="bbox 144 2154 1468 2197; baseline -0.002 -9"><span class='ocrx_word' id='word_1_284' title='bbox 144 2159 184 2189; x_wconf 85' lang='lat' dir='ltr'>cf.</span> <span class='ocrx_word' id='word_1_285' title='bbox 203 2159 261 2188; x_wconf 85' lang='lat' dir='ltr'>xxi</span> <span class='ocrx_word' id='word_1_286' title='bbox 278 2160 320 2189; x_wconf 87' lang='lat'>6:</span> <span class='ocrx_word' id='word_1_287' title='bbox 344 2169 409 2191; x_wconf 89' lang='lat' dir='ltr'>om.</span> <span class='ocrx_word' id='word_1_288' title='bbox 429 2164 508 2189; x_wconf 80' lang='lat' dir='ltr'>cett.</span> <span class='ocrx_word' id='word_1_289' title='bbox 644 2169 704 2190; x_wconf 92' lang='lat'>10—</span> <span class='ocrx_word' id='word_1_290' title='bbox 710 2170 745 2189; x_wconf 87' lang='grc' dir='ltr'>ΙΙ</span> <span class='ocrx_word' id='word_1_291' title='bbox 773 2161 829 2191; x_wconf 85' lang='grc' dir='ltr'>οὐκ</span> <span class='ocrx_word' id='word_1_292' title='bbox 849 2159 905 2190; x_wconf 73' lang='grc' dir='ltr'>οἷδ’</span> <span class='ocrx_word' id='word_1_293' title='bbox 923 2161 961 2191; x_wconf 88' lang='grc' dir='ltr'>αν</span> <span class='ocrx_word' id='word_1_294' title='bbox 979 2159 994 2190; x_wconf 81' lang='grc' dir='ltr'><strong><em>ὅ</em></strong></span> <span class='ocrx_word' id='word_1_295' title='bbox 1011 2172 1042 2190; x_wconf 83' lang='grc' dir='ltr'>τι</span> <span class='ocrx_word' id='word_1_296' title='bbox 1059 2158 1178 2197; x_wconf 79' lang='lat' dir='ltr'>Cobet,</span> <span class='ocrx_word' id='word_1_297' title='bbox 1200 2171 1255 2189; x_wconf 82' lang='grc' dir='ltr'>ουκ</span> <span class='ocrx_word' id='word_1_298' title='bbox 1276 2157 1322 2193; x_wconf 80' lang='grc' dir='ltr'>ἅν,</span> <span class='ocrx_word' id='word_1_299' title='bbox 1342 2154 1399 2188; x_wconf 82' lang='grc' dir='ltr'>οἶδ</span> <span class='ocrx_word' id='word_1_300' title='bbox 1419 2156 1468 2186; x_wconf 84' lang='grc' dir='ltr'>ὅτι</span> 
     </span>
     <span class='ocr_line' id='line_1_35' title="bbox 146 2199 1465 2241; baseline -0.001 -10"><span class='ocrx_word' id='word_1_301' title='bbox 146 2202 300 2240; x_wconf 83' lang='lat' dir='ltr'>Dobree3</span> <span class='ocrx_word' id='word_1_302' title='bbox 325 2203 384 2232; x_wconf 84' lang='lat' dir='ltr'>sed</span> <span class='ocrx_word' id='word_1_303' title='bbox 402 2203 443 2233; x_wconf 91' lang='lat' dir='ltr'>cf.</span> <span class='ocrx_word' id='word_1_304' title='bbox 465 2203 549 2233; x_wconf 79' lang='lat' dir='ltr'>lsae.</span> <span class='ocrx_word' id='word_1_305' title='bbox 570 2203 604 2233; x_wconf 84' lang='lat' dir='ltr'>xi</span> <span class='ocrx_word' id='word_1_306' title='bbox 622 2213 674 2241; x_wconf 86' lang='lat'>44,</span> <span class='ocrx_word' id='word_1_307' title='bbox 697 2202 781 2234; x_wconf 87' lang='lat' dir='ltr'>Plat.</span> <span class='ocrx_word' id='word_1_308' title='bbox 800 2203 885 2232; x_wconf 88' lang='lat' dir='ltr'><strong>Tim.</strong></span> <span class='ocrx_word' id='word_1_309' title='bbox 906 2204 946 2232; x_wconf 83' lang='lat'>26</span> <span class='ocrx_word' id='word_1_310' title='bbox 961 2212 981 2232; x_wconf 87' lang='lat' dir='ltr'>B</span> <span class='ocrx_word' id='word_1_311' title='bbox 1148 2203 1185 2231; x_wconf 80' lang='lat'>16</span> <span class='ocrx_word' id='word_1_312' title='bbox 1211 2203 1236 2232; x_wconf 81' lang='grc' dir='ltr'>δ’</span> <span class='ocrx_word' id='word_1_313' title='bbox 1255 2202 1354 2238; x_wconf 83' lang='grc' dir='ltr'>αὐτην</span> <span class='ocrx_word' id='word_1_314' title='bbox 1375 2199 1465 2236; x_wconf 85' lang='lat' dir='ltr'>vulg.</span> 
     </span>
     <span class='ocr_line' id='line_1_36' title="bbox 145 2245 1467 2285; baseline -0.002 -10"><span class='ocrx_word' id='word_1_315' title='bbox 145 2245 169 2276; x_wconf 88' lang='lat' dir='ltr'>S</span> <span class='ocrx_word' id='word_1_316' title='bbox 187 2255 274 2276; x_wconf 80' lang='lat' dir='ltr'>corr.</span> <span class='ocrx_word' id='word_1_317' title='bbox 292 2245 362 2277; x_wconf 86' lang='grc' dir='ltr'>·δὲ</span> <span class='ocrx_word' id='word_1_318' title='bbox 378 2246 500 2284; x_wconf 84' lang='grc' dir='ltr'>ταύτην</span> <span class='ocrx_word' id='word_1_319' title='bbox 517 2245 555 2276; x_wconf 75' lang='lat' dir='ltr'>Sl</span> <span class='ocrx_word' id='word_1_320' title='bbox 657 2257 699 2276; x_wconf 83' lang='lat'>20</span> <span class='ocrx_word' id='word_1_321' title='bbox 723 2257 797 2285; x_wconf 85' lang='lat' dir='ltr'>sqq.</span> <span class='ocrx_word' id='word_1_322' title='bbox 817 2246 940 2276; x_wconf 79' lang='lat' dir='ltr'>testim</span> <span class='ocrx_word' id='word_1_323' title='bbox 959 2256 1024 2275; x_wconf 89' lang='lat' dir='ltr'>om.</span> <span class='ocrx_word' id='word_1_324' title='bbox 1044 2245 1067 2275; x_wconf 87' lang='lat' dir='ltr'>S</span> <span class='ocrx_word' id='word_1_325' title='bbox 1162 2245 1286 2277; x_wconf 77' lang='grc' dir='ltr'>Ἔνδιος</span> <span class='ocrx_word' id='word_1_326' title='bbox 1304 2268 1311 2274; x_wconf 94' lang='grc'><strong>.</strong></span> <span class='ocrx_word' id='word_1_327' title='bbox 1333 2267 1340 2274; x_wconf 94' lang='grc'><strong>.</strong></span> <span class='ocrx_word' id='word_1_328' title='bbox 1359 2266 1367 2274; x_wconf 85' lang='grc'><strong>.</strong></span> <span class='ocrx_word' id='word_1_329' title='bbox 1385 2247 1467 2281; x_wconf 84' lang='grc' dir='ltr'>Λαμ-</span> 
     </span>
     <span class='ocr_line' id='line_1_37' title="bbox 144 2288 1467 2330; baseline -0.003 -10"><span class='ocrx_word' id='word_1_330' title='bbox 144 2289 260 2330; x_wconf 84' lang='grc' dir='ltr'>πτρεύς</span> <span class='ocrx_word' id='word_1_331' title='bbox 281 2289 430 2320; x_wconf 86' lang='lat' dir='ltr'>additum</span> <span class='ocrx_word' id='word_1_332' title='bbox 451 2300 492 2319; x_wconf 90' lang='lat' dir='ltr'>ex</span> <span class='ocrx_word' id='word_1_333' title='bbox 518 2289 548 2327; x_wconf 83' lang='lat' dir='ltr'>Q</span> <span class='ocrx_word' id='word_1_334' title='bbox 572 2289 634 2319; x_wconf 84' lang='lat' dir='ltr'>nisi</span> <span class='ocrx_word' id='word_1_335' title='bbox 656 2291 744 2329; x_wconf 86' lang='lat' dir='ltr'>quod</span> <span class='ocrx_word' id='word_1_336' title='bbox 769 2289 933 2330; x_wconf 84' lang='grc' dir='ltr'>Λαμπρεύς</span> <span class='ocrx_word' id='word_1_337' title='bbox 952 2290 1090 2319; x_wconf 80' lang='lat' dir='ltr'>exhibet</span> <span class='ocrx_word' id='word_1_338' title='bbox 1151 2312 1161 2317; x_wconf 41' lang='lat' dir='ltr'><em>r</em></span> <span class='ocrx_word' id='word_1_339' title='bbox 1268 2297 1308 2325; x_wconf 85' lang='lat'>25</span> <span class='ocrx_word' id='word_1_340' title='bbox 1333 2288 1467 2326; x_wconf 76' lang='grc' dir='ltr'>παρεῖχε</span> 
     </span>
     <span class='ocr_line' id='line_1_38' title="bbox 146 2329 1470 2374; baseline -0.002 -12"><span class='ocrx_word' id='word_1_341' title='bbox 146 2332 274 2362; x_wconf 88' lang='lat' dir='ltr'><strong>Reiske</strong></span> <span class='ocrx_word' id='word_1_342' title='bbox 284 2333 359 2364; x_wconf 84' lang='lat' dir='ltr'>coll.</span> <span class='ocrx_word' id='word_1_343' title='bbox 378 2335 392 2370; x_wconf 70' lang='grc' dir='ltr'>ξ</span> <span class='ocrx_word' id='word_1_344' title='bbox 411 2342 460 2369; x_wconf 79' lang='lat' dir='ltr'>Io,</span> <span class='ocrx_word' id='word_1_345' title='bbox 481 2333 548 2362; x_wconf 83' lang='lat' dir='ltr'>xlvi</span> <span class='ocrx_word' id='word_1_346' title='bbox 566 2342 608 2372; x_wconf 82' lang='lat'>5:</span> <span class='ocrx_word' id='word_1_347' title='bbox 629 2333 802 2374; x_wconf 83' lang='grc' dir='ltr'>παρείχετο</span> <span class='ocrx_word' id='word_1_348' title='bbox 817 2334 912 2363; x_wconf 85' lang='lat' dir='ltr'><strong>codd.</strong></span> <span class='ocrx_word' id='word_1_349' title='bbox 932 2344 939 2363; x_wconf 85' lang='lat'>:</span> <span class='ocrx_word' id='word_1_350' title='bbox 962 2332 1138 2374; x_wconf 82' lang='grc' dir='ltr'>παρέχεται</span> <span class='ocrx_word' id='word_1_351' title='bbox 1153 2329 1236 2369; x_wconf 83' lang='lat' dir='ltr'>Arg.</span> <span class='ocrx_word' id='word_1_352' title='bbox 1335 2329 1470 2369; x_wconf 82' lang='grc' dir='ltr'>Ἀμφιας</span> 
     </span>
     <span class='ocr_line' id='line_1_39' title="bbox 146 2372 1469 2416; baseline -0.011 -2"><span class='ocrx_word' id='word_1_353' title='bbox 146 2376 176 2414; x_wconf 81' lang='lat' dir='ltr'>Q</span> <span class='ocrx_word' id='word_1_354' title='bbox 192 2376 220 2405; x_wconf 86' lang='lat' dir='ltr'><strong>D</strong></span> <span class='ocrx_word' id='word_1_355' title='bbox 235 2375 342 2414; x_wconf 55' lang='lat' dir='ltr'>Argu</span> <span class='ocrx_word' id='word_1_356' title='bbox 368 2377 506 2416; x_wconf 83' lang='grc' dir='ltr'>Αμφίων</span> <span class='ocrx_word' id='word_1_357' title='bbox 523 2375 549 2406; x_wconf 89' lang='lat' dir='ltr'>F</span> <span class='ocrx_word' id='word_1_358' title='bbox 655 2387 694 2415; x_wconf 86' lang='lat'>27</span> <span class='ocrx_word' id='word_1_359' title='bbox 718 2377 795 2408; x_wconf 80' lang='grc' dir='ltr'>τάδε</span> <span class='ocrx_word' id='word_1_360' title='bbox 813 2375 948 2416; x_wconf 80' lang='lat' dir='ltr'>Sauppe</span> <span class='ocrx_word' id='word_1_361' title='bbox 968 2376 1187 2416; x_wconf 73' lang='lat' dir='ltr'>&lt;sequebatur</span> <span class='ocrx_word' id='word_1_362' title='bbox 1203 2374 1291 2404; x_wconf 83' lang='lat' dir='ltr'>enim</span> <span class='ocrx_word' id='word_1_363' title='bbox 1309 2373 1397 2412; x_wconf 83' lang='lat' dir='ltr'>quod</span> <span class='ocrx_word' id='word_1_364' title='bbox 1415 2372 1469 2401; x_wconf 77' lang='lat' dir='ltr'>hic</span> 
     </span>
     <span class='ocr_line' id='line_1_40' title="bbox 147 2415 1470 2460; baseline -0.003 -10"><span class='ocrx_word' id='word_1_365' title='bbox 147 2420 243 2450; x_wconf 86' lang='lat' dir='ltr'>deest</span> <span class='ocrx_word' id='word_1_366' title='bbox 261 2419 528 2460; x_wconf 84' lang='lat' dir='ltr'>testamentum),</span> <span class='ocrx_word' id='word_1_367' title='bbox 544 2419 587 2450; x_wconf 86' lang='lat' dir='ltr'>cf.</span> <span class='ocrx_word' id='word_1_368' title='bbox 613 2422 628 2457; x_wconf 68' lang='grc' dir='ltr'>ξ</span> <span class='ocrx_word' id='word_1_369' title='bbox 651 2430 689 2451; x_wconf 90' lang='lat'>10</span> <span class='ocrx_word' id='word_1_370' title='bbox 705 2425 739 2451; x_wconf 87' lang='lat' dir='ltr'>et</span> <span class='ocrx_word' id='word_1_371' title='bbox 752 2419 882 2450; x_wconf 78' lang='lat' dir='ltr'>leanu</span> <span class='ocrx_word' id='word_1_372' title='bbox 894 2419 976 2458; x_wconf 85' lang='lat' dir='ltr'>Arg</span> <span class='ocrx_word' id='word_1_373' title='bbox 994 2430 1001 2449; x_wconf 82' lang='lat'>2</span> <span class='ocrx_word' id='word_1_374' title='bbox 1023 2420 1064 2451; x_wconf 81' lang='grc' dir='ltr'>τὰ</span> <span class='ocrx_word' id='word_1_375' title='bbox 1075 2419 1170 2449; x_wconf 90' lang='lat' dir='ltr'>codd.</span> <span class='ocrx_word' id='word_1_376' title='bbox 1189 2429 1195 2449; x_wconf 93' lang='lat'>:</span> <span class='ocrx_word' id='word_1_377' title='bbox 1219 2419 1321 2450; x_wconf 82' lang='grc' dir='ltr'>ταῦτα</span> <span class='ocrx_word' id='word_1_378' title='bbox 1335 2415 1470 2447; x_wconf 84' lang='lat' dir='ltr'>Dobree</span> 
     </span>
    </p>
   </div>
  </div>
 </body>
</html>
