1763 2778
100 139 222 195 [1113]
674 143 1155 182 ΔΗΜΟΣΘΕΝΟΤΣ
1483 139 1571 194 [xm

242 244 376 296 ἡγεῖτο
413 246 621 296 μαρτυρεῖν
663 242 685 282 ὁ
724 245 942 294 μαρτυρῶν,
984 240 1064 281 οὐδ’
1104 243 1432 294 ἐπιτροπευθῆναι
1473 241 1570 283 κατὰ

178 327 223 361 39
242 309 442 361 διαθήκην,
470 311 652 362 ἀφαιρῶν
675 308 857 361 ἑκάτερος
880 308 924 350 τὸ
949 312 1156 361 μαρτυρεῖν
1180 310 1230 349 τὸ,
1255 310 1298 350 ἐν
1321 312 1406 351 ταῖς
1435 308 1568 360 διαθή-

243 395 327 420 καις
356 377 432 418 ὑπὸ
467 378 606 417 τούτου
640 375 908 430 γεγραμμένα,
944 375 1034 417 οὐδὲ
1071 380 1304 417 καταλιπεῖν
1333 375 1403 417 τὸν
1435 375 1569 429 πατέρ’

242 445 344 500 αὐτῷ
383 442 722 497 ἐπιγεγραμμένον
749 447 1017 496 γραμματεῖον
1049 441 1249 494 διαθήκην,
1284 444 1373 484 οὐδὲ
1405 445 1454 483 τὰ
1489 460 1568 484 τοι-

242 515 351 552 αῦτα·
395 510 581 562 διαθήκας
617 513 659 552 δὲ
690 514 911 563 μαρτυρεῖν,
952 511 994 551 ἐν
1021 511 1085 553 αἷς
1118 509 1334 564 χρημάτων
1368 511 1571 551 τοσούτων
1591 533 1608 564 5

243 577 381 629 κλοπή,
432 578 616 632 γυναικὸς
667 576 876 631 διαφθορά,
928 576 1048 630 γάμοι
1097 577 1321 628 δεσποίνης,
1376 575 1570 629 πράγματ’

241 646 438 700 αἰσχύνην
473 646 535 686 καὶ
570 646 690 697 ὕβριν
721 644 920 695 τοσαύτην
958 644 1113 699 ἔχοντα,
1148 643 1274 687 οὐδεὶς
1310 644 1429 696 ἤθελε
1465 644 1571 695 πλὴν

242 713 360 760 οὗτοι,
403 713 625 764 πρόκλησιν
663 711 1046 759 κατασκευάσαντες,
1084 710 1175 763 παρ’
1215 712 1270 752 ὧν
1314 713 1465 752 δίκαιον
1501 713 1571 762 τῆς

242 782 338 831 ὅλης
361 779 504 833 τέχνης
529 780 592 820 καὶ
619 780 851 832 κακουργίας
875 780 984 829 δίκην
1007 781 1166 830 λαβεῖν.

178 865 223 897 4ο
302 846 390 887 Ἵνα
419 848 564 894 τοίνυν,
595 845 625 887 ὦ
659 846 796 899 ἄνδρες
825 845 1042 897 Ἀθηναῖοι,
1080 845 1132 897 μὴ
1168 846 1289 897 μόνον
1325 844 1372 897 ἐξ
1404 846 1457 887 ὧν
1493 847 1571 899 ἐγὼ
1595 868 1633 890 10

244 918 444 967 κατηγορῶ
472 913 534 954 καὶ
557 913 726 966 ἐλέγχω,
753 915 873 963 δῆλος
895 914 988 965 ὑμῖν
1011 913 1174 967 γένηται
1196 915 1246 953 τὰ
1269 915 1397 966 ψευδῆ
1423 930 1570 965 μεμαρ-

242 982 417 1034 τυρηκὼς
453 982 590 1021 οὑτοσὶ
626 980 844 1033 Στέφανος,
883 981 990 1021 ἀλλὰ
1026 981 1089 1021 καὶ
1126 979 1173 1031 ἐξ
1210 981 1265 1021 ὧν
1299 980 1514 1031 πεποίηκεν
1552 981 1572 1020 ὁ

242 1048 549 1102 παρασχόμενος
575 1048 706 1094 αὐτόν,
733 1049 782 1087 τέι
809 1046 1050 1101 πεπραγμέν’
1076 1048 1212 1102 ἐκείνῳ
1245 1047 1448 1099 βούλομαι
1477 1046 1573 1100 πρὸς

242 1116 340 1166 ὑμᾶς
375 1117 512 1156 εἰπεῖν.
572 1116 667 1167 ὅπερ
701 1113 736 1155 δ’
779 1114 890 1156 εἶπον
926 1115 1146 1168 ἀρχόμενος
1182 1118 1250 1155 τοῦ
1284 1115 1421 1166 λόγου,
1457 1113 1571 1165 δείξω

243 1183 483 1235 κατηγόρους
510 1181 768 1235 γιγνομένους
798 1181 937 1225 αὐτοὺς
961 1184 1122 1223 ἑαυτῶν.
1180 1181 1253 1232 τὴν
1276 1182 1352 1234 γὰρ
1378 1182 1502 1231 δίκην,
1528 1182 1571 1222 ἐν
1594 1205 1633 1238 15

241 1248 267 1306 ᾗ
299 1248 402 1290 ταῦτ’
436 1248 694 1302 ἐμαρτυρήθη,
738 1248 1024 1302 παρεγράψατο
1061 1250 1248 1301 Φορμίων
1284 1247 1379 1300 πρὸς
1417 1249 1484 1299 ἐμὲ
1518 1247 1571 1299 μὴ

94 1317 218 1372 [1114]
243 1317 512 1369 εἰσαγώγιμον
538 1316 652 1364 εἶναι,
668 1316 720 1358 ὡς
745 1316 915 1369 ἀφέντος
941 1317 1033 1367 ἐμοῦ
1057 1319 1134 1356 τῶν
1160 1314 1420 1368 ἐγκλημάτων
1439 1315 1570 1356 αὐτόν.

177 1384 218 1416 41
241 1388 354 1425 τοῦτο
379 1385 509 1424 τοίνυν
535 1384 612 1436 ἐγὼ
647 1386 720 1435 μὲν
746 1384 832 1424 οἶδα
862 1386 1008 1436 ψεῦδος
1041 1385 1100 1429 ὅν,
1129 1382 1192 1423 καὶ
1214 1381 1366 1435 ἐλέγξω
1395 1381 1451 1430 δέ,
1477 1383 1572 1423 ὅταν

243 1451 355 1492 εἰσίω
378 1454 475 1503 πρὸς
504 1450 594 1493 τοὺς
625 1454 747 1492 ταῦτα
778 1450 1133 1504 μεμαρτυρηκότας·
1171 1449 1296 1504 τούτῳ
1327 1448 1360 1490 δ’
1383 1448 1460 1504 οὐχ
1488 1449 1572 1490 οἷόν

242 1535 286 1560 τε
321 1517 424 1559 τοῦτ’
465 1520 601 1559 εἰπεῖν.
663 1519 697 1560 εἶ
731 1519 863 1558 τοίνυν
901 1519 1028 1568 ἀληθῆ
1071 1515 1320 1557 πιστεύσαιτ’
1359 1516 1460 1557 εἶναι
1501 1516 1572 1567 τὴν
1594 1535 1634 1557 20

242 1585 404 1638 ἄφεσιν,
439 1586 540 1626 οὕτω
574 1586 636 1626 καὶ
668 1584 832 1637 μάλιστ’
865 1584 912 1625 ἂν
943 1585 1057 1627 οὗτος
1090 1585 1234 1637 φανείη
1263 1586 1392 1636 ψευδῆ
1423 1600 1570 1635 μεμαρ-

242 1653 416 1704 τυρηκὼς
459 1653 522 1693 καὶ
565 1651 931 1703 κατεσκευασμένης
969 1649 1155 1702 διαθήκης
1195 1650 1340 1703 μάρτυς
1382 1650 1570 1703 γεγονώς.

242 1721 300 1762 τίς
326 1722 401 1772 γὰρ
428 1721 552 1762 οὕτως
583 1719 722 1771 ἄφρων
753 1717 850 1759 ὥστ’
883 1718 1032 1771 ἄφεσιν
1060 1720 1133 1769 μὲν
1164 1718 1342 1759 ἐναντίον
1366 1717 1572 1770 μαρτύρων

243 1785 491 1838 ποιήσασθαι
515 1790 584 1827 τοῦ
606 1787 782 1838 βεβαίαν
808 1787 911 1841 αὑτῷ
935 1785 1006 1835 τὴν
1032 1784 1272 1836 ἀπαλλαγὴν
1298 1784 1409 1830 εἶναι,
1437 1786 1505 1826 τὰς
1529 1786 1572 1826 δὲ

244 1852 442 1904 συνθήκας
466 1855 528 1894 καὶ
553 1855 622 1896 τὰς
648 1852 834 1903 διαθήκας
859 1852 923 1893 καὶ
947 1852 1089 1898 τᾶλλα,
1110 1852 1208 1902 ὑπὲρ
1231 1852 1286 1892 ὧν
1306 1852 1476 1892 ἐποιεῖτο
1500 1850 1572 1902 τὴν
1594 1868 1632 1900 ²5

179 1939 222 1972 42
242 1920 404 1973 ἄφεσιν,
423 1919 701 1972 σεσημασμέν’
716 1921 833 1960 ἐᾶσαι
850 1918 934 1959 καθ’
955 1920 1071 1960 αὑτοῦ
1092 1921 1264 1965 κεῖσθαι;
1302 1919 1442 1959 οὐκοῦν
1459 1920 1570 1958 ἐναν-

242 1989 306 2029 τία
335 1989 408 2038 μὲν
436 1988 459 2038 ἡ
495 1986 736 2040 παραγραφὴ
767 1989 867 2027 πᾶσι
895 1989 979 2028 τοῖς
1008 1984 1380 2038 μεμαρτυρημένοις,
1413 1986 1574 2026 ἐναντία

245 2053 275 2068 ‘x’

243 2069 263 2095 ο
300 2053 349 2105 ἣν
374 2053 551 2106 ἀνέγνων
578 2056 668 2105 ὑμῖν
693 2053 779 2106 ἄρτι
807 2055 1020 2105 μίσθωσιν,
1048 2056 1140 2110 τῇδε
1172 2058 1220 2110 τῇ
1245 2051 1421 2109 διαθήκῃ·
1459 2052 1573 2093 οὐδὲν

243 2124 286 2162 δὲ
318 2125 395 2162 τῶν
421 2121 707 2174 πεπραγμένων
731 2119 810 2161 οὔτ’
838 2121 1005 2173 εὔλογον
1031 2120 1112 2161 οὔθ’
1142 2121 1293 2160 ἁπλοῦν
1318 2118 1400 2160 οὔθ’
1426 2119 1569 2171 ὁμολο-

243 2188 436 2241 γούμενον
459 2188 554 2228 αὐτὸ
584 2191 707 2243 ἑαυτῷ
737 2189 933 2241 φαίνεται.
994 2189 1036 2228 ἐκ
1073 2189 1113 2227 δὲ
1150 2186 1289 2227 τούτου
1321 2189 1392 2227 τοῦ
1424 2186 1574 2240 τρόπον
1593 2203 1633 2235 30

244 2255 373 2297 πάντα
397 2255 661 2306 πεπλασμένα
687 2256 748 2296 καὶ
775 2253 1107 2306 κατεσκευασμέν’
1134 2252 1357 2307 ἐλέγχεται.

291 2375 310 2395 2
334 2364 482 2406 ἑκάτερος
497 2365 535 2396 τὸ
548 2364 664 2396 Wolf:
690 2364 839 2406 ἑκάτερος
855 2366 901 2405 τῷ
915 2363 1004 2404 vulg.
1024 2375 1031 2394 τ
1057 2362 1219 2404 ἑκατέροις
1234 2365 1278 2403 τῷ
1294 2361 1320 2393 F
1414 2371 1431 2400 7
1455 2361 1571 2394 τοσαύ-

243 2422 303 2446 την
323 2413 398 2448 post
417 2409 574 2449 αἰσχύνην
591 2409 735 2439 collocat
747 2409 777 2439 D
912 2409 951 2438 16
975 2407 1050 2448 πρός
1061 2421 1099 2447 με
1111 2407 1208 2438 Blass
1342 2407 1381 2436 18
1406 2405 1442 2438 δέ
1456 2410 1572 2437 servat

244 2452 269 2483 S
285 2452 378 2483 solus
510 2463 552 2482 20
575 2451 777 2484 πιστεύσαιτ’
796 2452 842 2483 S:
867 2449 1052 2484 πιστεύσετ’
1074 2455 1152 2482 cett.
1294 2451 1336 2481 28
1359 2450 1513 2489 μίσθωσιν
1527 2447 1569 2490 F,

244 2495 285 2526 cs.
305 2496 384 2526 xlvii
403 2496 444 2526 28
461 2505 468 2526 :
491 2496 644 2536 μίσθωσις
661 2495 685 2527 S
697 2495 727 2534 Q
741 2497 770 2527 D
787 2496 849 2527 sed
866 2495 1042 2526 articulum
1060 2494 1283 2526 nominativus
1299 2493 1450 2534 postulat
