1742 2774
96 115 218 169 [1030
225 115 237 167 j

680 115 1178 153 ΔΙΙΜΟΣΘΕΝΟΎΣ
1510 112 1584 166 [xm

266 212 275 225 Q
313 216 330 225 Α
399 214 414 227 ν
520 211 531 227 X
591 213 600 226 Ἴ
678 211 687 226 Ι
868 214 883 229 >l
1100 216 1110 227 Ι
1177 213 1196 230 ‘3⁸
1235 214 1248 229 Ἰ
1282 218 1296 228 'x
1562 217 1574 231 Ι

258 229 352 264 ημιν
377 230 434 263 ειη
461 229 556 264 προς
583 218 797 264 αλληλους.
841 231 978 254 ουκουν
1004 216 1145 261 δεινον,
1174 234 1202 255 ω
1229 226 1366 267 ανδρες
1386 218 1582 262 δικασται,

262 280 323 320 καὶ
359 279 550 333 σχέτλιον
588 281 656 330 ἐμὲ
692 283 766 332 μὲν
802 280 998 327 ἁπάντων,
1040 282 1095 321 ὧν
1131 278 1153 332 ἢ
1192 284 1296 334 παρὰ
1333 283 1586 323 Πολυεύκτου

263 348 402 396 ζῶντος
434 346 480 397 ἦν
505 346 724 398 ἐωνημένος
749 344 773 399 ἢ
797 350 902 400 παρὰ
928 350 996 398 τῆς
1021 352 1204 401 γυναικὸς
1228 349 1338 402 εἶχον
1366 349 1496 397 αὐτοῦ,
1526 350 1587 390 καὶ

260 415 376 454 τόκον
412 414 561 454 τιθέναι
600 414 660 454 καὶ
696 414 767 465 τὴν
802 414 919 466 τιμὴν
950 415 1251 463 ἀποδεδωκέναι,
1291 417 1352 457 καὶ
1389 420 1457 457 νῦν
1489 416 1588 469 ἅπερ

200 496 242 520 10
261 482 437 534 ὤφειλον
466 480 580 522 πάντ’
615 482 670 524 εἰς
701 482 748 523 τὸ
780 481 912 523 κοινὸν
945 482 1096 536 φέρειν,
1126 486 1264 524 τοῦτον
1302 486 1343 526 δὲ
1376 483 1475 536 μήτε
1509 487 1588 524 τῶν
1607 503 1624 535 5

107 819 240 875 [1031]

203 1124 236 1149 11

262 549 393 599 νόμων
427 552 505 589 τῶν
532 548 729 601 ὑμετέρων
766 550 990 602 φροντίζειν
1021 549 1112 602 μήθ’
1146 551 1200 590 ὧν
1229 550 1379 591 διέθετο
1412 551 1588 592 Πολύευ-

263 633 350 657 κτος
373 614 473 667 μήτε
496 620 575 656 τῶν
595 616 943 669 καταλειφθέντων
967 616 1207 669 γραμμάτων
1230 617 1327 669 μήτε
1352 622 1430 658 τῶν
1457 635 1586 659 συνει-

262 683 398 730 δότων,
428 684 534 723 ἀλλὰ
559 682 655 735 πρὸς
679 682 838 725 ἅπαντα
858 684 966 724 ταῦθ’
991 684 1100 735 ἥκειν
1126 684 1447 736 ἀντιδικήσοντα;

327 753 441 801 Λαβὲ
473 749 518 801 δή
543 768 609 802 μοι
634 755 788 802 πρῶτον
812 752 883 802 μὲν
908 751 977 791 τὸν
1000 752 1136 801 νόμον,
1162 750 1207 794 ὃς
1230 752 1298 792 οὐκ
1325 754 1369 807 ἐᾷ
1392 755 1471 792 τῶν
1494 753 1590 793 ἀπο-

261 816 502 868 τιμηθέντων
530 817 591 858 ἕτι
621 818 732 868 δίκην
765 818 865 858 εἶναι
899 817 996 870 πρὸς
1029 818 1119 860 τοὺς
1156 818 1334 872 ἔχοντας,
1373 820 1507 860 ἔπειτα
1542 820 1589 859 τὰ

262 884 473 937 γράμματα
494 886 543 924 τὰ
570 884 886 937 καταλειφθέντα
907 885 969 926 καὶ
993 883 1064 936 τὴν
1088 887 1301 938 μαρτυρίαν
1320 885 1391 937 τὴν
1409 885 1590 939 Ἀριστο-

300 950 308 965 Ι

262 969 412 1004 γενους.

581 1050 737 1079 ΝΟΜΟΣ.
787 1051 1018 1079 ΓΡΑΜΜΑΤΑ.
1067 1051 1274 1079 ΜΑΡΤΎῬῙΑ.

330 1113 530 1164 Βούλομαι
556 1115 700 1160 τοίνυν,
727 1112 758 1154 ὦ
782 1113 920 1166 ἄνδρες
946 1116 1139 1161 δικασταί,
1164 1115 1228 1156 καὶ
1246 1115 1334 1167 περὶ
1359 1120 1437 1157 τῶν
1455 1117 1591 1158 ἄλλων

261 1181 315 1220 ὧν
348 1182 502 1233 ἐγκαλῶ
535 1180 620 1220 καθ’
649 1181 820 1222 ἕκαστον
852 1182 953 1232 ὑμᾶς
990 1181 1153 1232 διδάξαι.
1227 1182 1378 1234 φιάλην
1412 1186 1486 1236 μὲν
1515 1186 1590 1238 γὰρ

261 1248 460 1298 λαβόντες
485 1249 590 1300 παρὰ
614 1250 682 1298 τῆς
709 1248 963 1289 Πολυεύκτου
982 1248 1165 1301 γυναικὸς
1184 1250 1247 1290 καὶ
1272 1248 1406 1293 θέντες
1425 1251 1592 1306 ἐνέχυρα

260 1316 361 1366 μετὰ
387 1316 577 1368 χρυσίων,
610 1315 680 1356 οὐκ
709 1315 1004 1369 ἀνενηνόχασιν
1038 1316 1317 1367 κεκομισμένοι
1349 1318 1507 1370 ταύτην,
1539 1318 1592 1361 ὡς

261 1382 351 1433 ὑμῖν
398 1382 639 1435 Δημόφιλος
686 1383 707 1422 ὁ
755 1382 916 1434 θέμενος
957 1382 1211 1436 μαρτυρήσει·
1274 1385 1424 1436 σκηνὴν
1469 1385 1503 1427 δ’
1544 1385 1592 1437 ἣν

261 1449 436 1502 ἔχουσιν,
471 1448 562 1490 οὐδέ
593 1467 640 1502 γε
668 1450 813 1500 ταύτην
850 1450 1050 1501 λαβόντες
1085 1449 1370 1503 ἀναφέρουσιν·
1405 1452 1514 1493 ἄλλα
1551 1455 1591 1494 δὲ

260 1517 370 1557 πόσα
404 1520 583 1565 τοιαῦτα,·
627 1517 671 1557 τὸ
708 1519 749 1557 δὲ
786 1521 1015 1558 τελευταῖον
1052 1519 1358 1571 εἰσενεγκούσης
1393 1522 1463 1571 τῆς
1499 1522 1592 1572 ἐμῆς

260 1583 443 1636 γυναικὸς
483 1585 540 1626 εἷς
579 1586 628 1624 τὰ
669 1583 873 1635 Νεμέσεια
914 1589 966 1640 τῷ
1006 1585 1125 1637 πατρὶ
1160 1588 1261 1636 μνᾶν
1303 1587 1492 1640 ἀργυρίου
1530 1588 1592 1628 καὶ

262 1650 622 1703 προαναλωσάσης,
650 1651 738 1692 οὐδὲ
767 1651 911 1703 ταύτης
945 1651 1052 1703 ἀξιοῖ
1079 1652 1364 1704 συμβαλέσθαι
1392 1654 1436 1694 τὸ
1460 1653 1589 1707 μέρος,

262 1719 369 1758 ἀλλὰ
393 1719 440 1758 τὰ
464 1720 537 1769 μὲν
561 1719 647 1772 ἔχει
670 1719 903 1771 προλαβών,
931 1723 1010 1760 τῶν
1034 1721 1076 1760 δὲ
1109 1721 1159 1759 τὰ
1185 1719 1283 1772 μέρη
1310 1722 1518 1772 κομίζεται,
1544 1723 1592 1762 τὰ

263 1784 296 1825 δ’
322 1785 421 1826 οὕτω
448 1789 629 1838 φανερῶς
654 1786 722 1826 οὐκ
748 1786 1007 1827 ἀποδίδωσιν.
1069 1788 1133 1827 ἵνα
1157 1789 1288 1828 τοίνυν
1312 1790 1409 1839 μηδὲ
1434 1788 1540 1829 ταῦτ’
1571 1787 1595 1848 ᾗ

262 1852 621 1905 παραλελειμμένα,
649 1852 757 1904 λαβέ
779 1871 846 1905 μοι
872 1853 1031 1895 πάντων
1057 1854 1184 1895 αὐτῶν
1207 1856 1278 1896 τὰς
1301 1857 1524 1908 μαρτυρίας.

307 1970 327 2000 3
351 1962 370 2000 ἢ
388 1966 464 1992 ante
481 1963 563 2003 παρὰ
578 1966 637 2001 τῆς
661 1973 725 1994 om.
747 1963 771 1994 S
790 1963 823 1994 in
848 1964 914 1994 fine
936 1974 1066 2003 versus,
1086 1965 1184 2003 signo
1204 1969 1315 1994 tamen
1334 1974 1438 2005 supra
1459 1965 1593 2005 ἐωνημέ-

262 2018 314 2037 νος
329 2005 442 2036 addito
459 2006 512 2036 cui
530 2006 612 2036 nihil
631 2007 816 2047 respondet
834 2008 866 2038 in
887 2007 1036 2047 margine
1150 2007 1239 2048 εἶχον
1255 2018 1323 2039 orn.
1340 2008 1370 2038 D
1385 2020 1392 2040 :
1417 2008 1481 2040 del.
1501 2009 1592 2049 May,

260 2050 280 2087 ἢ
298 2049 411 2088 priore
428 2059 503 2079 cum
523 2049 547 2079 F
559 2049 589 2088 Q
602 2050 632 2079 D
649 2051 774 2082 omisso
909 2062 928 2091 5
951 2051 1051 2092 μήτε]
1068 2051 1149 2092 μηδὲ
1167 2051 1192 2082 S
1327 2063 1349 2092 9
1371 2052 1430 2093 μὲν
1445 2062 1509 2084 om.
1524 2053 1550 2084 F
1563 2052 1594 2092 Q

265 2102 302 2122 12
326 2092 405 2133 λέγε
422 2098 497 2132 post
518 2094 761 2134 Ἀριστογένους
772 2095 862 2134 vulg.
878 2107 883 2126 :
908 2105 971 2127 orn.
987 2096 1011 2126 S
1147 2105 1186 2134 13
1211 2101 1357 2130 ΝΟΜΟΣ
1374 2101 1594 2129 ΓΡΑΜΜΑΤΑ

261 2146 326 2166 om.
344 2136 375 2166 A
387 2136 413 2166 F
562 2147 599 2176 15
623 2137 702 2179 γὰρ]
721 2139 758 2176 ἣν
777 2138 912 2169 Dobree
1075 2140 1114 2169 16
1139 2138 1331 2172 καταθέντες
1348 2139 1373 2170 F
1386 2140 1416 2179 Q
1555 2141 1594 2171 18

263 2180 387 2218 σκήνην
409 2180 519 2220 codd„
541 2180 709 2220 Harpocr.
735 2192 815 2221 s.v.‚
837 2182 979 2213 Photius
995 2192 1065 2214 s.v.
1084 2193 1090 2213 ε
1123 2183 1242 2221 σκεύην
1262 2182 1389 2222 Naber,
1413 2183 1592 2222 Richards,

265 2226 280 2260 ξ
300 2233 340 2262 27
359 2228 393 2254 et
410 2223 491 2262 Arg.
513 2227 528 2261 ς
547 2234 566 2254 2
584 2225 666 2256 locis
685 2226 740 2264 qui
760 2226 824 2256 huc
845 2236 911 2256 non
930 2227 1100 2266 quadrant
1117 2226 1249 2257 collatis
1405 2237 1444 2266 19
1468 2226 1540 2260 οὐδέ
1553 2240 1592 2268 γε

264 2266 438 2306 Schaeser,
457 2266 498 2299 cf.
518 2267 623 2300 Isoer.
642 2268 699 2298 xvi
716 2271 777 2308 36:
804 2270 873 2301 οὐδὲ
892 2270 954 2311 γὰρ
971 2271 1080 2308 codd„
1100 2269 1279 2310 Harpocr.‚
1303 2270 1445 2301 Photius
1552 2280 1590 2301 21

264 2309 413 2351 νεμέσεια
429 2311 453 2341 S
469 2322 478 2343 =
502 2311 632 2352 νεμέσια
649 2312 749 2351 vulga,
772 2312 876 2345 Bekk.
895 2314 1026 2345 Anecd.
1046 2315 1120 2345 282.
1139 2323 1182 2353 33
1317 2323 1358 2353 23
1381 2315 1466 2346 ἀλλὰ
1483 2315 1524 2346 τὰ
1540 2314 1593 2346 A:

264 2354 341 2385 ἀλλ’
356 2354 376 2386 ἃ
391 2359 484 2395 cett„
495 2355 610 2386 vitium
623 2355 825 2387 tralaticium
839 2358 925 2396 quod
943 2357 1069 2388 inridet
1084 2357 1265 2397 Lucianus,
1278 2356 1409 2389 Soloec.
1430 2360 1446 2395 ξ
1465 2367 1478 2387 1
1551 2367 1592 2397 25

266 2397 390 2430 πάντων
405 2401 469 2429 ιτῶν
486 2400 590 2431 αὐτῶν
608 2401 630 2429 S

1614 840 1652 861 10

1614 1203 1650 1235 Ι5

1615 1545 1653 1566 20

1615 1874 1653 1903 25
