1763 2778
153 117 188 173 L]
540 122 700 159 ΠΡΟΣ
749 121 1090 159 ΠΟΛΤΚΛΕΑ
1493 119 1631 174 [1225]

151 223 205 262 ὧν
235 220 429 262 ἀκούοντά
456 237 506 272 με
541 221 606 262 καὶ
634 220 740 272 παρὰ
771 223 849 260 τῶν
875 219 1175 272 ἀφικνουμένων
1203 218 1327 273 λόγῳ,
1352 219 1401 259 τὰ
1434 220 1476 259 δὲ
1496 227 1540 261 62

152 289 215 329 καὶ
239 288 288 329 δι’
315 290 542 329 ἐπιστολῶν
565 289 670 340 παρὰ
695 291 774 328 τῶν
797 287 965 333 οἰκείων,
992 288 1080 327 τίνα
1103 303 1152 338 με
1181 287 1315 327 οἴεσθε
1338 284 1478 338 ψυχὴν

151 356 259 409 ἔχειν
277 351 300 406 ἢ
321 356 430 397 πόσα
449 355 594 407 δάκρυα
613 354 786 407 ἀφιέναι,
807 355 855 395 τὰ
873 356 946 405 μὲν
972 354 1274 406 ἐκλογιζόμενον
1293 352 1382 404 περὶ
1399 356 1478 393 τῶν

150 423 370 476 παρόντων,
394 424 445 463 τὰ
468 424 512 464 δὲ
537 423 598 463 καὶ
624 424 822 462 ποθοῦντα
848 422 945 462 ἰδεῖν
975 422 1112 461 παιδία
1142 420 1204 460 καὶ
1224 423 1390 472 γυναῖκα
1417 420 1478 460 καὶ

112 506 129 537 5
149 489 310 542 μητέρα,
343 488 394 541 ἢν
423 490 501 542 ἐγὼ
535 489 580 530 οὐ
612 491 765 531 πολλᾶς
794 490 959 530 ἐλπίδας
990 487 1100 541 εἶχον
1136 488 1266 537 ζῶσαν
1305 486 1476 538 καταλή-

149 559 323 610 ψεσθαι;
376 558 431 597 ὧν
465 557 508 598 τί
532 557 643 608 ἥδιόν
673 557 785 597 ἐστιν
818 556 1024 611 ἀνθρώπῳ,
1056 552 1079 606 ἦ
1109 558 1178 595 τοῦ
1209 554 1309 596 ἕνεκ’
1341 554 1388 596 ἄν
1420 571 1478 596 τις

151 623 304 675 εὔξαιτο
329 624 477 665 τούτων
503 624 708 677 στερηθεὶς
735 624 825 674 (sym

215 691 416 732 Τοιούτων
440 693 572 732 τοίνυν
595 707 665 742 μοι
697 691 1020 742 συμβεβηκότων
1049 693 1128 731 τῶν
1151 688 1407 743 πραγμάτων,
1434 688 1478 729 οὖ
1498 696 1542 740 63

149 759 238 810 περὶ
273 759 458 801 πλείονος
492 757 744 810 ἐποιησάμην
773 758 822 798 τὰ
852 759 1019 808 ἐμαυτοῦ
1051 760 1129 798 ἴδια
1159 754 1182 807 ἦ
1214 758 1264 797 τὰ
1295 756 1477 808 ὑμέτερα,

93 845 131 867 10
150 824 242 866 ἀλλ’
265 825 443 878 ἡγούμην
472 828 555 866 δεῖν
587 826 650 866 καὶ
683 824 896 878 χρημάτων
930 823 1256 876 ἀναλισκομένων
1293 825 1481 876 κρείττων

150 892 252 933 εἶναι
276 892 340 933 καὶ
372 897 451 933 τῶν
487 894 586 933 οἴκοι
619 891 900 944 ἀμελουμένων
932 892 994 932 καὶ
1029 891 1212 944 γυναικὸς
1245 891 1308 932 καὶ
1331 890 1479 943 μητρὸς

149 960 362 1011 νοσούσης,
395 960 502 1001 ὥστε
532 959 631 1012 μήτε
663 959 734 1010 τὴν
767 958 881 1010 τάξιν
911 959 1117 1000 αἰτιᾶσθαί
1145 958 1194 1010 μέ
1226 976 1314 1000 τινα
1345 961 1479 999 λιπεῖν

150 1026 249 1078 μήτε
282 1026 353 1078 Τὴν
388 1026 522 1080 ΤΡιήΡη
559 1033 606 1084 Τῇ
645 1027 761 1068 πόλει
797 1026 1001 1080 ἄχρηστον
1037 1025 1243 1079 γενέσθαι.
1301 1025 1386 1066 ἀνθ’
1423 1026 1478 1066 ὧν
1499 992 1636 1096 ἑῗΩὸ]

150 1092 333 1136 ἁπάντων
351 1097 419 1135 νῦν
437 1095 544 1145 ὑμῶν
563 1094 711 1146 δέομαι,
730 1095 865 1146 ὥσπερ
884 1094 961 1146 ἐγὼ
987 1095 1078 1145 ὑμῖν
1095 1094 1282 1134 εὔτακτον
1301 1094 1362 1133 καὶ
1381 1110 1476 1145 χρη-

92 1173 128 1205 15
150 1178 267 1213 σιμον
304 1161 471 1213 ἐμαυτὸν
507 1161 728 1215 παρέσχον,
769 1163 867 1201 οὕτω
907 1162 969 1202 καὶ
1004 1162 1103 1212 ὑμᾶς
1141 1161 1224 1201 νυνὶ
1260 1160 1350 1212 περὶ
1384 1161 1481 1212 ἐμοῦ

149 1229 338 1281 πρόνοιαν
363 1228 667 1280 ποιησαμένους,
698 1230 760 1270 καὶ
791 1227 1119 1279 ἀναμνησθέντας
1149 1226 1334 1268 ἁπάντων
1359 1227 1414 1268 ὧν
1438 1244 1482 1267 τε

149 1295 401 1348 διηγησάμην
432 1296 529 1348 πρὸς
558 1297 670 1347 ὑμᾶς,
698 1300 776 1336 τῶν
811 1313 854 1336 τε
878 1299 1101 1348 μαρτυριῶν
1135 1297 1190 1336 ὧν
1219 1295 1482 1348 παρεσχόμην

151 1363 214 1404 καὶ
232 1367 309 1403 τῶν
333 1362 623 1416 ψηφισμάτων,
645 1365 850 1414 βοηθῆσαι
878 1366 951 1414 μὲν
977 1363 1062 1414 ἐμοὶ
1082 1361 1334 1417 ἀδικουμένῳ,
1361 1379 1478 1413 τιμω-

148 1428 352 1483 ρήσασθαι
369 1430 402 1470 δ’
421 1432 517 1482 ὑπὲρ
537 1431 645 1482 ὑμῶν
661 1427 840 1482 <aff-sibu),
867 1429 1079 1482 εἰσπρᾶξαι
1098 1432 1140 1470 δὲ
1160 1431 1208 1470 τὰ
1227 1431 1325 1482 ὑπὲρ
1343 1429 1482 1469 τούτου

90 1517 130 1538 20
149 1496 394 1549 ἀνηλωμένα.
455 1494 480 1549 ἢ
505 1499 564 1540 τίς
588 1497 776 1548 ἐθελήσει
797 1500 1102 1551 φιλοτιμεῖσθαι
1128 1497 1225 1549 πρὸς
1249 1498 1360 1548 ὑμᾶς,
1387 1497 1481 1536 ὅταν

149 1565 274 1617 ὁρῶσι
295 1563 394 1616 μήτε
418 1568 500 1607 τοῖς
524 1569 717 1619 χρηστοῖς
752 1565 813 1605 καὶ
849 1563 1051 1607 εὐτάκτοις
1077 1563 1195 1618 χάριν
1221 1564 1357 1610 οὖσαν,
1383 1562 1480 1615 μήτε

149 1636 232 1674 τοῖς
257 1636 443 1684 πονηροῖς
464 1632 526 1673 καὶ
544 1634 790 1684 ἀκοσμοῦσιν
812 1633 1003 1685 τιμωρίαν
1023 1632 1113 1684 παρ’
1138 1633 1264 1683 ὑμῶν;
1303 1630 1478 1684 ἀναγνώ-
1500 1638 1542 1682 65

151 1716 263 1740 σεται
288 1702 331 1740 δὲ
355 1699 418 1741 καὶ
442 1699 511 1740 τὸν
535 1700 656 1752 νόμον
680 1701 770 1751 ὑμῖν
805 1700 868 1740 καὶ
904 1701 952 1740 τὰ
978 1699 1219 1751 ἀναλώματα
1243 1702 1311 1738 τοῦ
1335 1698 1480 1752 χρόνου

149 1767 194 1807 οὗ
220 1767 565 1821 ἐπετριηράρχησα
589 1769 685 1820 ὑπὲρ
710 1768 862 1814 τούτου,
893 1766 978 1807 καθ’
1005 1767 1189 1813 ἕκαστον,
1218 1766 1280 1806 καὶ
1304 1765 1394 1807 τοὺς
1417 1770 1479 1804 λι-

92 1847 129 1879 25
150 1834 314 1881 πόνεως,
340 1835 439 1875 ὅσον
464 1835 633 1877 ἕκαστος
659 1835 763 1889 ἔχων
794 1834 980 1888 ἀργύριον
1007 1834 1156 1886 ἀπέδρα
1191 1833 1251 1873 καὶ
1281 1834 1391 1878 ὅπου,
1418 1832 1482 1872 ἵνα

151 1902 279 1953 εἰδῆτε
297 1902 357 1942 ὅτι
382 1901 472 1943 οὔτε
491 1906 560 1943 νῦν
583 1902 679 1955 πρὸς
695 1904 794 1954 ὑμᾶς
812 1904 959 1955 ψεῦδος
986 1902 1098 1942 οὐδὲν
1122 1900 1228 1954 λέγω
1253 1900 1342 1940 οὔτε
1367 1901 1410 1940 ἐν
1429 1902 1481 1953 τῷ

151 1969 328 2021 πρόσθεν
361 1969 505 2024 χρόνῳ,
538 1970 713 2023 ἡγοῦμαί
742 1986 785 2010 τε
821 1973 903 2010 δεῖν
936 1968 1004 2010 τὸν
1032 1971 1105 2020 μὲν
1139 1968 1217 2008 ὑπὸ
1244 1971 1322 2008 τῶν
1352 1967 1483 2017 νόμων

151 2036 298 2089 χρόνον
324 2036 542 2088 ὡρισμένον
562 2036 772 2088 ἀμέμπτως
798 2038 889 2087 ὑμῖν
914 2040 1160 2092 λῃτουργεῖν,
1179 2035 1269 2077 τοὺς
1295 2036 1336 2075 δὲ
1364 2050 1479 2074 κατα-

153 2107 398 2156 φρονοῦντας
441 2103 503 2144 καὶ
540 2104 648 2155 ὑμῶν
686 2104 749 2144 καὶ
784 2107 862 2144 τῶν
902 2104 1033 2155 νόμων
1071 2104 1133 2143 καὶ
1164 2104 1233 2144 οὐκ
1271 2101 1481 2142 ἐθέλοντας

193 2215 215 2243 6
238 2216 343 2251 ηδειον
354 2211 378 2243 S
468 2223 485 2252 7
510 2213 649 2254 εὔξαιτο]
664 2213 784 2254 δέξαιτο
796 2212 921 2252 Naber,
934 2212 974 2243 cs.
989 2212 1024 2243 lii
1036 2222 1078 2252 33
1182 2214 1202 2243 8
1227 2211 1480 2253 συμβεβηκότων

150 2269 203 2296 μοι
215 2256 241 2286 F
252 2256 282 2295 Q
295 2256 325 2286 D
415 2260 480 2289 τῶν
490 2267 555 2289 om.
571 2257 603 2294 S,
618 2258 678 2287 sed
690 2257 731 2287 cf.
749 2259 785 2294 ἐξ
806 2266 905 2296 17‚59
993 2267 1013 2295 9
1029 2258 1048 2295 ἢ
1062 2256 1170 2295 codd.‚
1186 2256 1347 2286 Priscian.
1363 2255 1383 2285 ii
1400 2265 1457 2292 172
1473 2266 1479 2284 :

151 2301 171 2338 ἢ
190 2301 224 2331 οὐ
241 2299 405 2330 Schaefex·
510 2311 549 2331 12
572 2302 733 2333 αἰτιᾶσθαι
749 2300 774 2331 S
789 2311 796 2331 ε
820 2300 1023 2332 αἰτιάσασθαι
1041 2305 1119 2331 cett.
1231 2309 1269 2338 14
1295 2302 1349 2332 νῦν
1365 2309 1429 2329 om.
1448 2297 1480 2327 A

156 2353 193 2381 15
218 2345 283 2375 νυνὶ
295 2343 320 2373 S
335 2354 342 2374 :
360 2346 414 2376 νῦν
425 2348 504 2375 cett.
597 2354 634 2383 17
660 2344 876 2384 διηγησαίμην
887 2343 911 2374 S
1004 2354 1043 2383 19
1067 2346 1151 2383 ὑμῶν
1164 2344 1274 2381 codd.‚
1288 2345 1391 2374 αὐτῶν
1402 2343 1477 2372 add.

154 2386 252 2417 Blass
269 2386 343 2418 coll.
365 2390 380 2424 ξ
398 2389 440 2418 66
530 2398 571 2418 20
595 2389 613 2426 ἢ
626 2387 679 2418 A:
704 2389 730 2419 εἰ
750 2388 773 2418 S
786 2387 811 2417 F
824 2387 854 2425 Q
871 2388 899 2417 D
989 2397 1030 2417 22
1055 2390 1121 2419 τοῖς
1137 2389 1282 2428 πονηροῖς
1300 2388 1349 2418 καὶ
1366 2395 1429 2416 om.
1448 2385 1479 2413 A

153 2440 195 2469 23
219 2431 257 2462 τὸ
271 2430 421 2470 ἀνάλωμα
437 2429 470 2461 Α
601 2441 641 2469 24
667 2431 836 2463 λειπόνεως
854 2431 878 2461 S
891 2431 922 2460 A
1012 2440 1053 2469 25
1079 2431 1225 2472 ἀργύριον
1240 2431 1324 2471 ἔχων
1339 2429 1370 2459 Α
