1763 2778
467 88 506 124 Π
517 87 585 126 ΡΟ
594 87 630 125 Ο
641 88 656 125 Ι
669 88 708 124 Μ
719 84 737 125 I
749 87 796 124 A.
867 90 1158 127 XXXVII-XL
1486 81 1622 138 [1447]

137 184 201 226 νὸς
238 186 361 228 αἴτιος
399 184 454 226 ὢν
490 185 792 238 εὑρεθήσεσθαι,
824 186 977 237 βελτίω
1011 183 1044 226 δ’
1070 183 1214 238 ἑτέρων
1239 185 1329 236 ὑμῖν
1355 185 1463 238 ἔχειν

137 256 451 304 συμβουλεῦσαι.

761 378 839 416 ΛΘ

710 457 731 474 ’ἓ

199 461 263 500 Τὰ
309 460 381 511 μὲν
422 458 666 511 γεγενημέν’,
707 477 736 498 ω
776 459 913 512 ἄνδρες
955 458 1173 510 Ἀθηναῖοι,
1215 457 1360 499 τοιαῦθ’
1401 459 1464 499 οἵα

97 540 114 571 5
135 525 280 569 πάντες
305 526 511 576 ἀκηκόατε·
538 529 600 567 δεῖ
622 525 655 566 δ’
681 527 779 577 ὑμᾶς
803 529 924 578 μηδὲν
954 525 1289 579 ε’κπεπληγμένως
1317 529 1462 567 διακεῖ-

136 595 242 641 σθαι,
268 592 548 646 λογιζομένους
572 593 633 633 ὅτι
657 593 754 645 πρὸς
785 596 858 645 μὲν
889 595 937 634 τὰ
971 594 1132 646 παρόντ’
1164 593 1322 644 ἀθύμως
1354 588 1463 647 ἔχειν

135 661 225 702 οὔτε
247 665 331 703 τοῖς
354 659 563 713 πράγμασι
588 660 793 713 συμφέρον
817 659 900 701 οὔθ’
924 661 1032 711 ὑμῶν
1062 659 1173 711 ἄξιόν
1202 662 1326 707 ἐστιν,
1352 660 1397 701 τὸ
1423 663 1465 702 δὲ

134 726 241 768 ταῦτ’
266 729 510 779 ἐπανορθοῦν
534 728 665 769 αὐτοῖς
690 727 874 780 ἡγεῖσθαι
900 730 1101 780 προσῆκον
1120 724 1214 779 [καὶ]
1233 731 1302 779 τῆς
1327 728 1462 779 ὑμετέ-

133 812 204 848 ρας
229 794 345 846 δόξης
368 792 480 845 ἄξιον
505 793 554 836 ἂν
579 795 756 847 φανείη.Δ
796 795 870 849 χρὴ
898 797 940 835 δὲ
959 795 1048 836 τοὺς
1068 797 1184 837 ὄντας
1203 795 1276 835 οἶοι
1298 794 1462 848 φήσαιτ’

78 881 115 903 10
134 862 182 903 ἂν
205 864 315 914 ὑμεῖς
340 862 454 909 εἶναι,
480 863 523 903 ἐν
555 866 638 904 τοῖς
670 865 812 904 δεινοῖς
846 861 990 914 ἑτέρων
1026 862 1287 915 διαφέροντας
1323 864 1459 915 φαίνε-

134 932 242 970 σθαι.
315 930 392 983 ἐγὼ
417 928 451 970 δ’
477 929 654 980 οὐδαμῶς
677 932 750 981 μὲν
773 929 822 970 ἂν
851 930 1079 981 ἐβουλόμην
1108 934 1230 970 ταῦτα
1260 933 1464 981 συμβῆναι
1484 942 1504 967 2

133 1003 182 1054 τῇ
216 998 346 1043 πόλει,
381 995 460 1038 οὐδ’
493 998 653 1050 ἀτυχεῖν
684 998 782 1048 ὑμᾶς
814 996 942 1038 οὐδέν·
970 999 1003 1038 εἰ
1029 996 1061 1038 δ’
1088 997 1147 1050 ἄρ’
1173 997 1251 1038 ἔδει
1276 996 1465 1049 γενέσθαι

135 1064 202 1105 καί
223 1081 260 1106 τι
285 1065 487 1115 δαιμόνιον
513 1063 616 1104 τοῦτ’
643 1064 838 1111 ἀπέκειτο,
866 1065 1002 1117 ὥσπερ
1031 1065 1253 1118 πέπρακται
1275 1067 1324 1105 τὰ
1349 1082 1462 1117 γεγε-

134 1131 294 1183 νημένα,
319 1135 548 1173 λυσιτελεῖν
571 1133 714 1183 οἴομαι.
785 1134 833 1172 τέι
861 1134 933 1183 μὲν
965 1134 1041 1185 γὰρ
1073 1134 1142 1182 τῆς
1177 1132 1299 1185 τύχης
1334 1131 1465 1183 ὀξείας

76 1215 113 1247 15
134 1198 220 1253 ἔχει
243 1201 314 1241 τὰς
337 1200 568 1251 μεταβολὰς
595 1200 657 1240 καὶ
693 1201 824 1241 κοινὰς
858 1199 1097 1253 ἀμφοτέροις
1129 1201 1198 1241 τὰς
1231 1200 1462 1251 παρουσίας·
1486 1185 1631 1241 [1448]

133 1266 159 1306 ἃ
219 1265 229 1280 ’
253 1265 303 1307 ἂν
344 1265 391 1307 δι’
433 1267 585 1319 ἀνδρῶν
627 1267 765 1307 κακίαν
807 1269 978 1324 πραχθῇ,
1019 1268 1214 1319 βεβαίους
1255 1271 1362 1307 ποιεῖ
1397 1268 1465 1308 τὰς

133 1333 266 1384 ἥττας.
337 1334 469 1385 οἴομαι
492 1335 564 1384 μὲν
588 1333 656 1374 οὖν
683 1333 771 1374 οὐδὲ
794 1334 885 1376 τοὺς
912 1335 1197 1387 κεκρατηκότας
1221 1334 1380 1386 ἀγνοεῖν
1405 1334 1464 1374 ὅτι
1485 1339 1504 1372 3

132 1399 416 1452 βουληθέντων
451 1401 558 1451 ὑμῶν
596 1400 659 1441 καὶ
692 1400 1017 1453 παροξυνθέντων
1049 1405 1102 1456 τῷ
1128 1400 1392 1456 γεγενημένῳ,
1421 1401 1465 1441 οὐ

132 1467 234 1508 πάνυ
268 1484 329 1508 πω
365 1469 487 1518 δῆλον
521 1468 687 1520 πότερον
722 1467 907 1521 εὐτύχημ’
932 1465 955 1518 ἦ
982 1468 1044 1509 καὶ
1073 1468 1302 1509 τούναντίον
1334 1468 1465 1510 αὐτοῖς

73 1547 112 1569 20
133 1535 244 1575 ἐστιν
268 1534 313 1574 τὸ
338 1534 629 1587 πεπραγμένον·
665 1536 698 1576 εἰ
724 1533 757 1574 δ’
790 1534 850 1586 ἄρ’
885 1536 1030 1587 ἐπῆρκε
1060 1535 1105 1575 τὸ
1141 1534 1288 1588 πρᾶγμ’
1325 1535 1465 1577 αὐτοὺς

133 1602 414 1653 θρασύνεσθαι,
442 1600 514 1642 κᾶν
538 1605 652 1642 τοῦτο
677 1605 772 1654 πρὸς
796 1603 902 1653 ὑμῶν
921 1602 994 1653 ἤδη
1020 1604 1211 1655 γίγνοιτο.
1281 1603 1363 1657 ὅσῳ
1388 1604 1464 1655 γὰρ

131 1667 181 1710 ἂν
204 1671 361 1721 μᾶλλον
388 1668 737 1722 καταφρονήσωσι,
764 1670 940 1725 τοσούτῳ
967 1672 1109 1710 θᾶττον
1135 1668 1444 1722 ἁμαρτήσονται.

775 1796 816 1833 M

197 1876 258 1917 Οὔ
281 1893 349 1929 μοι
374 1879 530 1924 δοκειτ,
557 1896 586 1918 ω
612 1880 749 1930 ανδρες
774 1877 990 1928 Ἀθηναῖοι,
1025 1878 1113 1931 περὶ
1145 1877 1191 1929 ἧς
1223 1878 1358 1919 οἴεσθε
1394 1878 1463 1918 πό-

74 1952 111 1984 25
131 1947 233 1986 λεως
259 1944 342 1985 νυνὶ
366 1945 487 1995 μόνον
512 1945 792 1995 βουλεύεσθαι,
821 1943 914 1985 ἀλλ’
945 1946 1043 1997 ὑπὲρ
1075 1948 1217 1985 πασῶν
1246 1949 1324 1985 τῶν
1361 1962 1459 1996 συμ-

131 2011 323 2064 μαχίδων.
395 2012 501 2054 ὅπως
537 2013 612 2064 γὰρ
647 2011 697 2052 ἂν
733 2011 820 2064 περὶ
858 2012 1000 2062 ταύτης
1041 2016 1180 2065 γνῶτε,
1222 2012 1318 2065 πρὸς
1356 2011 1461 2052 ταῦτ’

183 2132 195 2153 Ι
222 2122 265 2154 ὢν
282 2124 380 2155 αἴτιος
393 2121 463 2153 YC
626 2131 645 2161 5
673 2122 943 2163 ἐκπεπληγμένως
959 2121 1103 2154 Vindob.
1122 2133 1141 2161 4
1160 2122 1319 2162 (Reiske)
1339 2133 1346 2154 τ
1371 2125 1462 2154 ἐκπε-

131 2165 336 2207 πληγμένους
353 2166 377 2196 S
396 2167 485 2206 vulg.
620 2176 638 2206 7
664 2166 836 2208 συμφέρειν
853 2166 878 2197 F
1009 2167 1029 2196 8
1054 2169 1157 2199 αὐτοῖς
1172 2166 1300 2197 Reiske
1318 2178 1325 2197 τ
1349 2167 1461 2198 αὑτοὺς

133 2209 158 2240 S
170 2210 201 2240 Y
215 2222 221 2241 :
247 2211 361 2242 αὐτοὺς
377 2210 467 2249 vulg.
556 2210 607 2242 καὶ
625 2210 688 2241 del.
704 2210 823 2241 Wolf:
846 2211 896 2242 καὶ
912 2209 1102 2251 (λυσιτελὲς
1119 2208 1187 2253 καὶ)
1201 2210 1306 2241 voluit
1325 2210 1461 2240 Dobree

135 2254 174 2283 16
190 2254 300 2286 κακίας
318 2263 334 2284 r
451 2254 600 2285 ποιεῖτὰς
611 2253 642 2284 Y
655 2264 670 2283 r
681 2253 711 2292 Q
722 2266 773 2294 γρ.
789 2267 795 2285 :
820 2257 953 2286 ποιεῖται
967 2253 989 2284 S
1002 2254 1028 2284 F
1042 2254 1071 2284 D
1084 2254 1114 2283 Y
1125 2264 1190 2293 mg.
1311 2264 1347 2292 17
1373 2253 1459 2294 οὐδὲ]

130 2297 212 2337 μηδὲ
233 2297 261 2326 D
387 2307 428 2327 20
447 2296 578 2338 ἐπῆρκε]
601 2298 719 2338 ἐπαίροι
737 2297 767 2336 Q
781 2310 831 2338 γρ.
960 2307 999 2327 2Ι
1027 2299 1087 2329 κᾶν
1096 2300 1191 2329 τοῦτο
1208 2297 1327 2328 Wolf:
1353 2299 1405 2329 ἐὰν
1428 2311 1459 2329 τ.

132 2340 157 2371 S
171 2340 196 2371 F
209 2340 240 2379 Q
255 2352 262 2371 :
287 2339 321 2373 ἓν
336 2341 376 2372 ἂν
392 2354 421 2372 τ.
440 2350 457 2370 r
474 2351 480 2370 :
504 2343 602 2381 τοῦτο
619 2340 649 2370 Υ
665 2341 694 2370 D
706 2340 733 2371 C
748 2352 755 2371 :
777 2351 840 2372 om.
858 2340 888 2379 Q
900 2354 949 2382 γρ.
1091 2342 1166 2382 πρὸς
1184 2341 1281 2381 ὑμῶν]
1300 2341 1460 2381 προθύμως

133 2383 219 2425 ὃγρ.
367 2393 407 2422 25
432 2388 508 2424 post
526 2383 737 2421 βουλεύεσθαι
753 2385 828 2415 add.
849 2387 911 2425 ἐγὼ
930 2383 963 2416 δὲ
981 2385 1122 2424 οὐδαμῶς
1140 2384 1163 2415 S
1182 2386 1244 2414 sed
1261 2395 1335 2415 cum
1353 2385 1460 2424 signis

133 2427 269 2458 delendi
358 2428 433 2468 ὑπὲρ
450 2437 514 2458 om.
536 2427 561 2457 F
573 2426 628 2467 ΩΙ,
648 2428 708 2458 sed
725 2427 766 2459 cf.
783 2438 828 2458 xv
849 2438 886 2465 13
