1763 2778
788 374 858 412 LX

641 451 980 498 ΕΠΙΤΑΦΙΟΣ

212 558 376 608 Ἐπειδὴ
410 558 498 599 τοὺς
526 559 567 598 ἐν
592 561 690 612 τῷδε
720 562 772 612 τῷ
805 557 919 612 τάφῳ
952 557 1165 608 κειμένους,
1195 557 1337 609 ἄνδρας
1372 557 1469 608 ἀγα-

145 625 235 668 θοὺς
272 627 314 666 ἐν
348 626 401 680 τῷ
434 624 594 679 πολέμῳ
632 626 860 677 γεγονότας,
897 623 1031 674 ἔδοξεν
1064 630 1112 680 τῇ
1149 625 1265 664 πόλει
1302 625 1472 678 δημοσίᾳ

144 692 308 733 θάπτειν
334 693 395 732 καὶ
421 691 668 742 προσέταξεν
695 692 781 742 ἐμοὶ
805 695 874 732 τόν
900 692 1159 742 νομιζόμενον
1190 691 1315 743 λόγον
1346 692 1471 732 εἰπεῖν

106 777 124 809 5
144 759 205 800 ἐπ’
244 759 388 805 αὐτοῖς,
431 759 632 799 ἐσκόπουν
679 761 750 809 μὲν
795 758 906 800 εὐθὺς
944 759 1051 800 ὅπως
1088 762 1156 798 τοῦ
1200 757 1471 809 προσήκοντος

145 827 306 867 ἐπαίνου
329 824 546 876 τεύξονται,
564 823 756 876 ἐξετάζων
777 828 818 867 δὲ
838 825 900 865 καὶ
922 829 1085 865 σκοπῶν
1104 823 1224 875 ἀξίως
1251 827 1374 866 εἰπεῖν
1392 829 1472 866 τῶν

143 893 481 943 τετελευτηκότων
503 893 547 934 ἔν
571 910 608 934 τι
632 897 710 934 τῶν
743 892 946 933 ἀδυνάτων
979 893 1169 944 ηὕρισκον
1197 894 1256 933 ὅν.
1328 892 1363 932 οἳ
1396 893 1470 945 γὰρ

143 960 215 1010 τὴν
255 959 516 1013 ὑπάρχουσαν
553 963 677 1001 πᾶσιν
713 961 890 1012 ἔμφυτον
926 962 994 999 τοῦ
1033 960 1107 1010 ζῆν
1144 961 1349 1012 ὑπερεῖδον
1384 960 1467 1000 ἐπι-

143 1027 296 1078 θυμίαν,
339 1027 404 1068 καὶ
448 1029 686 1077 τελευτῆσαι
733 1031 863 1068 καλῶς
910 1030 1068 1078 μᾶλλον
1116 1026 1409 1078 ἠβουλήθησαν
1443 1023 1469 1077 ἢ

86 1113 123 1136 ιο
145 1095 286 1144 ζῶντες
309 1094 381 1144 τὴν
406 1093 571 1134 Ἑλλάδ’
593 1096 688 1135 ἰδεῖν
713 1095 952 1147 ἀτυχοῦσαν,
973 1097 1053 1135 πῶς
1075 1094 1143 1134 οὐκ
1165 1093 1470 1146 ἀνυπέρβλητον

143 1161 260 1202 παντὶ
295 1162 404 1216 λόγῳ
439 1161 511 1211 τὴν
548 1163 677 1203 αὑτῶν
716 1161 863 1212 ἀρετὴν
906 1163 1274 1207 καταλελοίπασιν;
1328 1162 1470 1212 ὁμοίως

141 1227 277 1280 μέντοι
301 1231 563 1283 διαλεχθῆναι
583 1232 668 1272 τοῖς
685 1229 879 1282 πρότερόν
897 1228 983 1269 ποτ’
1001 1229 1204 1279 εἰρηκόσιν
1223 1228 1353 1269 ἐνθάδ’
1371 1228 1470 1269 εἶναι

141 1313 207 1347 μοι
233 1299 350 1338 δοκεῖ.
420 1296 471 1339 ὡς
496 1298 569 1347 μὲν
593 1296 661 1337 οὖν
687 1296 711 1347 ἡ
736 1297 854 1338 πόλις
879 1295 1094 1346 σπουδάζει
1119 1296 1208 1347 περὶ
1233 1295 1323 1338 τοὺς
1350 1297 1392 1336 ἐν
1415 1300 1468 1350 τῷ

142 1363 304 1418 πολέμῳ
341 1367 621 1410 τελευτῶντας,
662 1363 704 1403 ἔκ
747 1380 788 1404 τε
827 1367 903 1403 τῶν
944 1363 1082 1403 ἄλλων
1120 1363 1232 1403 ἔστιν
1272 1364 1368 1403 ἰδεῖν
1407 1363 1470 1403 καὶ

85 1447 121 1480 ¹5
140 1430 304 1481 μάλιστ’
330 1432 374 1471 ἐκ
395 1434 509 1472 τοῦδε
533 1435 602 1471 τοῦ
627 1431 759 1481 νόμου,
780 1429 866 1470 καθ’
886 1429 932 1470 ὃν
952 1432 1118 1480 αἱρεῖται
1143 1430 1211 1470 τὸν
1238 1428 1384 1483 ἐροῦντ’
1405 1431 1469 1471 ἐπὶ

140 1502 226 1539 ταῖς
251 1499 461 1548 δημοσίαις
493 1501 652 1550 ταφαῖς·
691 1498 814 1537 εἰδυῖα
846 1499 921 1549 γὰρ
953 1499 1057 1549 παρὰ
1089 1501 1170 1539 τοῖς
1200 1498 1364 1549 ἀγαθοῖς
1398 1498 1465 1537 ἀν-

141 1564 283 1616 δράσιν
308 1567 376 1606 τὰς
401 1567 473 1616 μὲν
505 1569 584 1605 τῶν
618 1564 831 1618 χρημάτων
866 1562 1026 1614 κτήσεις
1055 1565 1118 1604 καὶ
1153 1569 1230 1604 τῶν
1268 1566 1365 1604 κατὰ
1400 1568 1469 1605 τὸν

141 1633 236 1683 βίον
261 1632 413 1682 ἡδονῶν
436 1632 682 1674 ἀπολαύσεις
705 1631 1044 1683 ὑπερεωραμένας,
1071 1634 1140 1682 τῆς
1159 1631 1207 1684 ,δ’
1233 1632 1373 1684 ἀρετῆς
1406 1632 1469 1672 καὶ

140 1703 218 1739 τῶν
253 1700 425 1739 ἐπαίνων
461 1702 596 1740 πᾶσαν
630 1698 704 1749 τὴν
731 1700 944 1749 ἐπιθυμίαν
978 1699 1116 1744 οὖσαν,
1144 1697 1189 1748 ἐξ
1211 1700 1265 1739 ὧν
1290 1697 1396 1738 ταῦτ’
1419 1698 1469 1750 ἂν

81 1787 120 1808 20
141 1765 272 1808 αὐτοῖς
295 1766 472 1817 μάλιστα
498 1766 655 1818 γένοιτο
678 1766 826 1818 λόγων,
846 1766 1000 1807 τούτοις
1021 1765 1209 1820 ᾠήθησαν
1228 1768 1309 1806 δεῖν
1330 1765 1468 1807 αὐτοὺς

139 1836 267 1883 τιμᾶν,
289 1833 338 1873 ἵν’
358 1832 407 1883 ἢν
433 1834 573 1883 ζῶντες
601 1832 809 1885 ἐκτήσαντ’
827 1832 1019 1884 εὐδοξίαν,
1039 1834 1133 1883 αὕτη
1157 1833 1218 1872 καὶ
1238 1838 1465 1883 τετελευτη-

141 1900 252 1940 κόσιν
278 1899 410 1942 αὐτοῖς
438 1901 667 1951 ἀποδοθείη.
737 1902 773 1942 εἰ
807 1903 879 1952 μὲν
917 1900 985 1940 οὖν
1020 1899 1091 1950 τὴν
1130 1901 1311 1952 ἀνδρείαν
1346 1901 1467 1950 μόνον

139 1966 270 2008 αὐτοῖς
317 1971 395 2008 τῶν
443 1969 497 2008 εἰς
545 1967 690 2020 ἀρετὴν
736 1968 963 2018 ἀνηκόντων
1011 1966 1271 2020 ὑπάρχουσαν
1320 1968 1464 2018 ἑώρων,

137 2034 281 2084 ταύτην
306 2034 355 2075 ἂν
379 2034 594 2078 ἐπαινέσας
619 2035 931 2086 ἀπηλλαττόμην
956 2038 1034 2075 τῶν
1059 2038 1225 2075 λοιπῶν·
1263 2034 1397 2084 ἐπειδὴ
1424 2036 1466 2075 δὲ

182 2154 203 2183 3
219 2148 264 2184 τῷ
278 2143 303 2174 F
317 2144 366 2182 Q:
384 2148 465 2185 τῷδε
476 2145 556 2185 τῷΞ
571 2154 586 2174 Γ
597 2144 627 2175 Y
639 2144 663 2174 F
676 2157 728 2185 γρ.
743 2144 772 2182 Q
785 2157 835 2185 γρ.
854 2144 987 2183 Doxap.
999 2143 1128 2184 (Waltz
1143 2144 1164 2173 ii
1178 2145 1256 2182 450)
1332 2143 1465 2184 ’yeyovtf-

137 2200 195 2220 τας
214 2187 238 2218 S
251 2187 282 2217 Y
297 2198 313 2218 r
326 2187 351 2218 F
365 2201 414 2228 γρ.
433 2199 440 2219 :
464 2187 699 2228 γεγενημένους
716 2188 742 2218 F
757 2188 787 2227 Q
800 2188 892 2228 Υγρ.
912 2188 1045 2227 Doxap.
1179 2199 1197 2225 4
1224 2187 1316 2228 θάψαι
1335 2186 1464 2226 Doxap.

138 2239 158 2269 5
181 2232 279 2262 εἰπεῖν
313 2230 360 2263 ἐπ’
393 2231 512 2272 αὐτοῖς]
546 2231 623 2273 ὑπὲρ
655 2233 758 2263 αὐτῶν
789 2233 886 2263 εἰπεῖν
918 2231 1050 2270 Doxap.
1229 2233 1249 2261 8
1274 2233 1417 2271 υπεριδον
1441 2231 1465 2261 S

142 2283 176 2304 11
204 2274 320 2313 ὅμωςΡ
332 2275 363 2313 Q
499 2285 537 2306 12
561 2275 648 2315 ποτ’]
662 2275 738 2307 τότε
752 2275 776 2305 S
867 2275 958 2315 efvat]
974 2277 1086 2307 ἐνεῖναι
1100 2284 1172 2304 Cum
1187 2274 1329 2305 Reiskio
1345 2274 1442 2304 BlaSS
1457 2285 1464 2311 ;

138 2318 198 2347 sed
216 2318 256 2348 cf.
274 2317 404 2349 Andoc.
425 2318 447 2348 ii
468 2329 506 2349 10
612 2321 651 2348 16
676 2320 804 2358 ἀγαθοῖς
820 2319 913 2349 SYr
928 2330 934 2349 :
952 2321 1110 2359 χρηστοῖς
1126 2318 1216 2357 vulg.
1317 2327 1360 2347 20
1383 2319 1464 2357 ᾠήθη

138 2360 237 2391 Wolf
307 2372 347 2391 22
364 2363 508 2403 ἀνδρείαν
521 2362 545 2392 S
561 2373 568 2393 ε
592 2363 717 2402 ἀνδρίαν
729 2363 815 2401 vulg.
890 2372 931 2399 24
948 2362 1084 2402 λοιπῶν]
1097 2362 1205 2401 λόγων
1217 2361 1248 2391 Y
1260 2371 1276 2390 r
1287 2360 1460 2399 Schaester,

137 2405 209 2435 sed.
236 2404 276 2435 cf.
304 2404 436 2444 Hyper.
462 2405 493 2435 vi
517 2416 547 2444 9,
575 2405 683 2436 locum
708 2415 804 2445 quern
830 2411 944 2436 noster
967 2406 1044 2436 fort.
1070 2405 1240 2436 conlatum
1264 2403 1390 2441 voluit;
1422 2403 1462 2434 cf.

137 2447 239 2478 etiam
257 2451 273 2485 §
294 2457 333 2478 10
348 2448 433 2479 infra

1493 763 1633 818 [1389]

1490 1307 1510 1331 2

1487 1913 1506 1948 Q:
