1763 2778
144 124 285 179 [1428]
725 119 1210 158 AIIMOEQENOTE

306 220 502 273 ἐγγυτέρω
545 218 812 272 προσάγοντα,
853 222 914 259 δεῖ
954 221 1192 259 σκοπεῖσθαι
1228 219 1332 260 ὅπως
1366 217 1418 269 μὴ
1454 218 1628 268 πλησίον

305 288 435 330 αὐτοῖς
459 290 664 340 μαχεῖσθε,
693 288 716 327 ’ὰ
745 287 946 339 πόρρωθεν
976 285 1110 337 ἔξεστι
1137 285 1406 338 φυλάξασθαι,
1445 286 1507 326 καὶ
1539 285 1629 327 τοὺς

305 359 373 396 νῦν
411 354 698 407 περιοφθέντας
737 352 1005 407 ἐφηδομένους
1038 354 1206 405 ὕστερον
1239 351 1340 404 ἕξεθ’
1373 352 1432 395 οἷς
1469 351 1517 393 ἂν
1552 351 1626 393 πά-

305 439 443 475 σχητε.

941 546 993 583 IE
1649 559 1667 590 5

374 628 471 680 Περὶ
495 630 567 679 μὲν
592 631 669 668 τῶν
694 627 913 679 παρόντων,
935 626 964 668 ὦ
983 627 1120 679 ἄνδρες
1146 627 1361 677 Ἀθηναῖοι,
1389 627 1630 680 πραγμάτων

305 697 350 751 τῇ
378 696 505 742 πόλει,
534 696 671 747 καίπερ
705 695 772 735 οὐκ
804 695 980 748 ἐχόντων
1017 695 1067 736 ὡς
1103 697 1172 741 δεῖ,
1214 694 1258 734 οὐ
1287 694 1388 735 πάνυ
1422 698 1493 746 μοῖ
1526 697 1632 735 δοκεῖ

306 766 385 802 τῶν
430 766 622 815 χαλεπῶν
671 762 770 802 εἶναι
819 763 984 812 ζητῆσαι
1021 763 1063 803 τί
1097 761 1145 802 ἄν
1190 779 1249 804 τις
1290 760 1441 814 πράξας
1478 762 1629 813 βελτίω

305 827 522 880 ποιήσειεν.
595 830 729 869 ὅντινα
765 828 900 880 μέντοι
938 828 1014 882 χρὴ
1052 829 1199 881 τρόπον
1235 828 1331 881 πρὸς
1369 829 1467 879 ὑμᾶς
1507 829 1630 869 εἰπεῖν

306 897 394 948 περὶ
410 896 550 943 αὐτῶν,
569 901 684 937 τοῦτο
703 897 944 947 παμπόλλην
961 897 1178 937 δυσκολίαν
1194 897 1302 949 ἔχειν
1317 897 1473 947 νομίζω,
1491 895 1564 950 οὐχ
1581 895 1631 938 ὡς
1654 911 1693 934 10

306 963 351 1003 οὐ
370 964 628 1014 συνησόντων
654 964 676 1003 ὅ
698 980 735 1003 τι
754 963 881 1004 ὄιν-τις
906 962 1020 1020 λέγῃ,
1043 964 1133 1004 ἀλλ’
1152 964 1251 1003 οὕτω
1272 962 1405 1004 πολλὰ
1422 962 1484 1003 καὶ
1502 965 1630 1015 ψευδῆ

307 1030 369 1071 καὶ
388 1030 516 1071 πάντα
535 1034 694 1081 μᾶλλον
710 1027 732 1081 ἢ
753 1030 800 1070 τὰ
815 1029 1017 1081 βέλτιστα
1035 1034 1116 1072 τοῖς
1135 1029 1365 1083 πράγμασιν
1383 1031 1632 1071 συνειθίσθαι

304 1115 370 1149 μοι
404 1096 545 1138 δοκεῖτ’
582 1097 749 1143 ἀκούειν,
783 1098 887 1138 ὥστε
923 1097 1077 1138 δέδοικα
1111 1097 1162 1149 μὴ
1196 1102 1249 1153 τῷ
1282 1101 1349 1138 νῦν
1375 1097 1422 1138 τὰ
1446 1096 1630 1149 βέλτιστ’

306 1165 468 1212 εἰπόντι,
494 1163 542 1216 ἣν
566 1169 648 1207 τοῖς
668 1164 960 1215 ἐξηπατηκόσιν
983 1167 1184 1217 προσῆκεν
1204 1164 1420 1218 ἀπέχθειαν
1437 1164 1632 1218 ὑπάρχειν

265 1253 284 1277 2
306 1231 397 1284 παρ’
432 1233 553 1283 ὑμῶν,
580 1233 724 1282 ταύτην
760 1231 1056 1284 ἀπενέγκασθαι
1092 1232 1243 1289 συμβῇ.
1312 1233 1389 1283 ὁρῶ
1426 1233 1500 1285 γὰρ
1533 1233 1632 1283 ὑμᾶς
1653 1248 1691 1282 15

306 1298 500 1341 πολλάκις
533 1298 577 1339 οὐ
604 1298 694 1341 τοὺς
727 1300 874 1341 αἰτίους
898 1303 975 1340 τῶν
1001 1300 1242 1352 πραγμάτων
1266 1303 1494 1350 μισοῦντας,
1525 1300 1632 1340 ἀλλὰ

304 1366 394 1408 τοὺς
418 1365 611 1408 ὑστάτους
637 1366 724 1418 περὶ
749 1366 875 1406 αὐτῶν
901 1367 1083 1409 εἰπόντας
1107 1384 1144 1407 τι
1168 1366 1263 1419 πρὸς
1294 1367 1405 1417 ὑμᾶς.
1478 1366 1522 1406 οὐ
1554 1365 1632 1417 μὴν

306 1434 412 1473 ἀλλὰ
436 1434 575 1485 καίπερ
600 1434 721 1475 οὕτως
755 1434 930 1485 ἀκριβῶς
960 1437 1081 1474 ταῦτα
1104 1434 1372 1486 λογιζόμενος,
1399 1434 1504 1485 ὅμως
1526 1433 1634 1483 οἶμαι

307 1503 387 1541 δεῖν
415 1500 543 1541 πάντα
570 1501 704 1553 παρεὶς
735 1499 867 1542 τᾶλλα
890 1502 978 1554 περὶ
1003 1501 1130 1542 αὐτῶν
1155 1505 1232 1542 τῶν
1258 1501 1465 1554 παρόντων
1485 1501 1509 1542 ἃ
1540 1499 1629 1553 κρά-

304 1584 422 1608 τιστα
445 1568 588 1620 νομίζω
611 1568 760 1621 λέγειν.
1655 1585 1694 1609 20

943 1697 997 1736 Ιζ

375 1777 635 1829 Ἐβουλόμην
660 1778 708 1819 ἂν
733 1779 843 1828 ὑμᾶς,
872 1776 901 1818 ὦ
935 1778 1072 1831 ἄνδρες
1105 1778 1323 1829 Ἀθηναῖοι,
1358 1777 1384 1834 ᾗ
1416 1777 1513 1831 πρὸς
1542 1777 1633 1820 τοὺς

308 1846 455 1888 ἄλλους
481 1845 658 1888 ἅπαντας
683 1853 843 1886 εἰώθατε
868 1845 1172 1898 προσφέρεσθαι
1197 1846 1489 1899 φιλανθρωπίᾳ,
1512 1845 1632 1901 ταύτῃ

309 1913 372 1953 καὶ
402 1912 499 1964 πρὸς
528 1914 627 1964 ὑμᾶς
662 1913 803 1955 αὐτοὺς
834 1915 1022 1966 χρῆσθαι·
1060 1913 1145 1954 νυνὶ
1178 1912 1210 1952 δ’
1239 1914 1420 1964 ἀμείνους
1457 1914 1549 1952 ἐστὲ
1585 1913 1633 1952 τὰ

144 1978 286 2033 [1429]
307 1984 386 2020 τῶν
411 1979 547 2020 ἄλλων
573 1979 665 2021 δείν’
690 1981 933 2032 ἐπανορθοῦν
958 1977 981 2030 ἢ
1006 1984 1083 2021 τῶν
1108 1981 1198 2031 ὑμῖν
1223 1980 1353 2022 αὐτοῖς
1387 1979 1630 2031 συμβαινόν-
1656 1992 1693 2023 25

308 2063 386 2087 των
411 2047 648 2099 φροντίζειν.
720 2049 817 2089 ἴσως
848 2049 920 2098 μὲν
953 2047 1021 2087 οὖν
1054 2047 1147 2087 αὐτὸ
1175 2048 1292 2087 τοῦτό
1324 2063 1382 2089 τις
1413 2045 1462 2087 ἂν
1488 2045 1634 2099 φήσειε

355 2166 367 2186 1
390 2155 597 2196 προσάγοντα
613 2155 684 2187 iure
701 2161 896 2194 suspectum
1054 2166 1074 2186 2
1096 2159 1253 2197 μαχεῖσθε
1277 2155 1461 2187 Schaeser:
1485 2154 1633 2195 μάχησθε

308 2200 405 2231 codd.
546 2209 566 2238 3
590 2199 676 2240 ἕξετε
700 2211 715 2230 Γ
741 2199 958 2240 <Schaefer):
991 2204 1082 2240 εξητε
1109 2200 1325 2240 S7p.Q·yp.:
1365 2200 1467 2239 ἔχητε
1495 2199 1518 2229 S
1542 2199 1632 2238 vulg.

310 2254 326 2283 7
353 2242 414 2282 δεῖ]
434 2243 496 2274 ἔδει
513 2242 543 2272 Y
555 2243 582 2273 C
598 2243 727 2283 (Blass)
747 2244 807 2273 sed
822 2243 862 2273 cf.
879 2244 887 2272 i
906 2254 943 2273 10
1031 2254 1051 2282 9
1074 2243 1199 2284 μέντοι]
1213 2257 1265 2281 μοι
1283 2254 1319 2274 ¹⁴:
1342 2243 1401 2282 μὲν
1417 2243 1525 2274 τοίνυν
1538 2242 1631 2282 Ωγρ.

313 2296 352 2317 10
377 2287 466 2327 ἔχειν
483 2289 573 2317 δυσκ.
595 2297 620 2317 r.
714 2296 748 2316 11
777 2287 793 2317 ὅ
809 2300 838 2318 τι
855 2288 896 2318 ἳιν
913 2287 936 2317 S
951 2286 980 2316 Y
992 2286 1022 2325 Q
1038 2286 1064 2317 C
1079 2298 1086 2317 ἰ
1112 2288 1189 2319 ὅταν
1206 2287 1231 2317 F
1343 2296 1379 2317 12
1405 2289 1590 2324 συνηθισθαι
1607 2285 1632 2316 5

312 2340 350 2368 13
375 2333 428 2361 νῦν
437 2331 478 2362 τὰ
495 2329 593 2360 Blass
607 2329 677 2360 coll.
698 2329 733 2359 iii
754 2340 809 2368 13:
831 2331 872 2361 τὰ
889 2333 943 2362 νῦν
959 2331 1056 2361 codd.
1289 2340 1324 2367 14
1349 2329 1431 2370 τοῖς]
1449 2332 1515 2362 τοῖς
1530 2330 1600 2361 τότ’
1617 2339 1633 2359 r

313 2374 351 2403 18
375 2373 501 2414 καίπερ]
521 2387 579 2414 περ
596 2373 632 2404 S¹
652 2373 694 2404 Y¹
713 2385 719 2404 :
742 2387 791 2405 και
805 2384 865 2412 per
881 2374 1118 2413 compendium
1136 2383 1216 2404 sscr.
1239 2373 1271 2402 in
1288 2373 1311 2403 S
1423 2373 1506 2413 οἶμαι
1524 2375 1588 2404 δεῖν
1604 2381 1630 2412 r,

311 2417 352 2450 cf.
373 2418 523 2448 Prooem.
544 2417 625 2447 xxiii
643 2429 650 2450 :
674 2417 757 2457 οἶμαι
775 2422 853 2448 cett.
870 2427 877 2455 3
894 2427 974 2448 mox
992 2419 1042 2450 δεῖ
1053 2422 1131 2448 ante
1149 2417 1260 2457 λέγειν
1276 2417 1352 2447 add.
1372 2416 1403 2446 Y
1417 2416 1444 2447 C
1461 2416 1524 2447 soli
