1763 2778
854 402 1034 438 XLVIII

435 512 598 553 ΚΑΤΑ
649 512 1172 553 ΟΛΤΜΙΠΙΟΔΩΡΟΤ
1223 508 1469 557 ΒΛΑΒΗΣ

836 626 1053 655 Tuom-3212.

340 699 526 748 Ποικίλην
552 700 627 751 ἔχει
653 699 884 749 περιπέτειαν
908 701 1134 752 πραγμάτων
1160 702 1180 739 ὁ
1206 701 1329 753 λόγος.
1388 702 1517 739 Κόνων
1539 702 1612 753 γάρ

285 771 340 795 τις
377 755 468 804 ἀνὴρ
500 754 694 804 Ἀθηναῖος
732 755 841 795 ἅπαις
877 757 1040 806 τελευτᾷ,
1077 757 1123 795 ὡς
1161 756 1322 794 ἐπίδικον
1359 759 1435 796 τοῖς
1469 757 1612 796 οἰκείοις

132 816 265 871 [1165]
285 809 458 861 γενεσθαι
495 809 560 847 τὸν
597 811 745 858 κλῆρον.
803 809 1096 858 Καλλίστρατος
1132 812 1200 859 μὲν
1237 810 1300 849 οὖν
1338 811 1358 848 ὃ
1394 811 1459 848 τὸν
1496 810 1612 862 λόγον

284 864 428 902 τουτονὶ
448 864 568 916 λεγων
587 864 678 902 ὅλον
696 863 761 902 τὸν
784 865 922 913 κλῆρον
947 866 1078 902 τοῦτον
1107 866 1221 915 ἑαυτῷ
1250 882 1452 914 προσηκειν
1480 866 1610 914 φησιν·

286 920 473 971 ἐγγυτάτω
501 920 573 971 γὰρ
603 919 695 957 κατὰ
722 935 827 969 γενος
853 919 960 959 αὐτὸς
989 918 1078 957 εἶναι
1100 922 1150 970 τῷ
1172 920 1324 958 Κόνωνι.
1384 921 1486 958 ἀλλὰ
1504 922 1610 958 τοῦτο
1633 941 1650 972 5

284 976 352 1022 μὲν
370 972 452 1024 τάχ’
471 972 515 1011 ἂν
535 973 594 1011 καὶ
614 973 786 1023 ψεύδοιτο
807 973 866 1011 καὶ
886 973 987 1025 λόγῳ
1011 977 1225 1025 καταχρῷτο
1245 977 1353 1026 ψιλῶ-
1411 974 1610 1024 Ὀλυμπιό-

285 1028 398 1078 δωρος
418 1028 468 1075 δέ,
489 1027 580 1077 πρὸς
600 1028 641 1066 ὃν
661 1029 683 1077 ἡ
704 1028 799 1076 δίκη,
821 1028 879 1066 καὶ
900 1029 1008 1068 αὐτὸς
1027 1030 1325 1078 ἠμφισβητησεν
1349 1030 1390 1074 ἐξ
1407 1031 1523 1080 ἀρχῆς
1547 1032 1612 1067 τοῦ

244 1100 264 1125 2
285 1083 433 1133 κλήρου.
491 1083 611 1132 ἤστην
638 1082 667 1121 δ’
692 1083 810 1121 οἷκείω
832 1082 852 1121 ὅ
870 1081 901 1121 τ’
920 1081 1223 1133 Ὀλυμπιόδωρος
1251 1084 1310 1122 καὶ
1330 1085 1350 1122 ὃ
1370 1085 1612 1133 Καλλίστρα-

283 1149 358 1178 τος·
387 1137 555 1187 ἀδελφὴν
582 1139 655 1189 γὰρ
680 1135 986 1187 Ὀλυμπιοδώρου
1018 1139 1309 1188 Καλλίστρατος
1338 1138 1411 1189 εἶχε
1445 1141 1610 1190 γυναῖκα.

285 1191 405 1236 ἔδοξεν
425 1192 487 1230 οὖν
507 1194 628 1232 αὐτοῖς
643 1191 695 1241 μὴ
712 1192 952 1241 διαφέρεσθαι
967 1191 1057 1242 πρὸς
1077 1194 1279 1243 ἀλλήλους,
1298 1195 1400 1231 ἀλλὰ
1414 1193 1611 1242 νείμασθαι
1634 1213 1673 1236 10

283 1249 351 1297 μὲν
371 1247 443 1294 ἐξ”
430 1264 512 1296 ισης
533 1248 598 1297 τὴν
618 1247 748 1285 οὗσιαν
766 1249 832 1285 τοῦ
855 1248 1200 1297 τελευτήσαντος,“
1180 1266 1253 1298 οση
1278 1249 1419 1298 φανερά
1438 1246 1468 1286 τ’
1487 1247 1532 1297 ἦν
1552 1247 1611 1286 καὶ

284 1303 564 1353 ὡμολογημένη,
588 1304 692 1352 κοινῇ
713 1302 750 1340 δὲ
771 1302 891 1350 ζητεῖν
909 1319 954 1340 τα
975 1304 1100 1351 ἀφανῆ
1129 1303 1189 1341 καὶ
1215 1304 1318 1353 κοινῇ
1336 1304 1509 1352 πράττειν
1527 1319 1610 1352 περι

282 1358 420 1395 τούτων
450 1357 581 1394 παντα·
618 1356 856 1406 προσεδόκων
893 1358 965 1408 γὰρ
1002 1358 1102 1407 ἥξειν
1138 1359 1239 1398 τινὰς
1277 1359 1611 1407 ἀμφισβητουντας

283 1413 405 1452 αὑτοῖς
436 1414 501 1449 τοῦ
533 1411 682 1461 κλήρου.
739 1411 823 1460 περὶ
859 1429 991 1450 τουτου
1030 1412 1090 1450 καὶ
1127 1412 1312 1462 συνθηκας
1351 1412 1514 1464 ἔγραψαν
1551 1412 1611 1450 καὶ

242 1481 264 1517 3
285 1466 479 1504 κατέθεντο
511 1465 596 1515 παρ’
628 1464 899 1517 Ἀνδροκλείδῃ,
931 1466 1032 1518 φίλῳ
1066 1467 1137 1505 τινὶ
1167 1470 1282 1518 κοινῷ.
1341 1468 1481 1516 οἰκέτης
1510 1466 1540 1505 δ’
1566 1467 1611 1516 ἦν
1635 1486 1672 1519 15

284 1521 455 1561 Κόνωνος
499 1521 692 1572 Μοσχιων,
737 1521 832 1559 πάνυ
874 1539 1007 1562 πιστος
1049 1522 1172 1574 ἐκείιῳ
1212 1521 1412 1571 νομισθείς.
1482 1524 1611 1560 τοῦτον

283 1575 586 1625 Ὀλυμπιόδωρος
618 1576 820 1625 λαμβάνει,
856 1576 915 1613 καὶ
950 1576 1203 1625 διαβληθέντα
1239 1577 1362 1627 χιλιας
1395 1576 1610 1626 ῑφῃρῆσθαι

282 1632 348 1668 τοῦ
378 1630 546 1670 Κόνωνος
575 1630 740 1680 δραχμας
769 1632 967 1679 βασανιζει
995 1633 1090 1681 μετὰ
1118 1632 1418 1681 Καλλιστράτου.
1479 1631 1537 1668 καὶ
1564 1633 1611 1672 ὡς

282 1685 564 1736 ὡμολόγησεν
549 1702 568 1722 ο
588 1686 729 1733 οἰκέτης
752 1686 794 1723 τὸ
825 1686 1007 1738 ἀργιριον,
1040 1703 1186 1736 νεμεται
1215 1687 1276 1724 καὶ
1297 1704 1406 1725 τουτο
1431 1686 1523 1736 πρὸς
1547 1686 1611 1724 τὸν

283 1740 576 1789 Καλλίστρατον
600 1741 692 1777 κατὰ
717 1741 783 1780 τὰς
811 1741 996 1790 συνθήκας
1026 1742 1067 1786 ἐξ
1094 1741 1190 1790 ἴσης.
1246 1741 1456 1791 ὑπονοήσας
1485 1741 1522 1779 δὲ
1552 1741 1612 1778 καὶ
1634 1759 1673 1780 20

282 1794 452 1834 πλείονος
486 1794 650 1845 κατέχειν
682 1795 855 1845 ἀργυρίου
889 1796 953 1834 τὸν
988 1796 1192 1845 ἄνθρωπον,
1227 1796 1346 1834 οὐκέτι
1379 1796 1613 1845 παραλαβὼν

282 1848 347 1886 τὸν
364 1849 655 1898 Καλλίστρατον
670 1851 778 1890 αὐτὸς
793 1850 1004 1898 βασανίζει,
1019 1851 1078 1889 καὶ
1089 1854 1183 1900 μνᾶς
1195 1851 1453 1900 ἑβδομήκοντα
1465 1850 1612 1900 λαμβά-

243 1919 265 1953 4
284 1920 335 1941 νει
354 1902 474 1952 μόνος.
532 1904 616 1952 περὶ
636 1904 674 1942 δὲ
693 1907 823 1942 τοῦτον
843 1905 907 1943 τὸν
926 1905 1050 1955 καιρὸν
1071 1907 1364 1955 ἀμφισβητοῦσι
1383 1907 1448 1943 τοῦ
1475 1905 1612 1954 κλήρου

285 1957 455 1998 Κόνωνος
481 1957 539 1995 καὶ
567 1959 679 1996 ἄλλοι
706 1976 764 1996 και
786 1961 804 1997 ὁ
826 1959 1027 2007 ἀδελφος
1013 1978 1032 1998 ο
1054 1961 1346 2009 Καλλιστρατου
1374 1962 1609 2003 Κάλλιππος,

284 2013 508 2062 ὁμοπάτριος
540 2031 597 2051 ων
674 2014 943 2063 βουλευόμενοι
980 2013 1054 2065 (δὲ)
1095 2018 1198 2066 κοινῇ
1235 2015 1318 2064 περὶ
1355 2017 1426 2053 τῶν
1465 2031 1562 2065 αγωι
1564 2031 1612 2052 ων
1634 2031 1672 2063 ²5

283 2065 585 2117 Ὀλυμπιόδωρος
606 2068 665 2105 καὶ
686 2069 975 2118 Καλλίστρατος
995 2069 1224 2108 συντίθενται
1244 2070 1307 2107 τὸν
1326 2071 1393 2119 μὲν
1408 2067 1610 2118 Ὀλυμπιό-

284 2121 399 2171 δωρον
419 2123 677 2171 ἀμφισβητειν
697 2122 788 2160 ὅλου
813 2126 877 2161 τοῦ
905 2124 1055 2172 κλήρου,
1077 2124 1140 2161 τὸν
1167 2124 1205 2162 δὲ
1232 2125 1524 2173 Καλλιστρατον
1548 2124 1612 2161 τοῦ

126 2173 262 2232 [1166]
284 2177 516 2226 ἡμικληρίου.
575 2177 874 2226 στρατευομένων
894 2177 924 2215 δ’
943 2177 1146 2227 Ἀθηναίων
1167 2181 1215 2218 εἷς
1234 2177 1476 2227 Ἀκαρνανίαν
1499 2176 1611 2229 ᾤχετο

285 2231 345 2269 καὶ
373 2229 689 2280 Ὀλυμπιόδωρος·
721 2231 766 2280 ἦν
785 2233 856 2283 γῖιρ
882 2235 952 2269 τῶν
982 2235 1020 2269 ἐκ
1049 2233 1271 2284 καταλόγου.
1330 2234 1394 2281 Τῆς
1423 2232 1461 2270 δὲ
1491 2232 1612 2281 κυρίας

330 2339 368 2359 21
394 2329 537 2361 πλείονος
563 2328 715 2369 κατέχειν
737 2329 856 2369 scripsi
881 2328 956 2360 coll.
983 2330 1097 2360 xxxvii
1122 2329 1204 2368 Arg.
1233 2331 1249 2367 §
1277 2340 1321 2369 3:
1354 2330 1502 2362 πλείονας
1523 2331 1611 2370 ἔχειν

286 2373 380 2403 codd.
399 2383 405 2402 :
429 2373 577 2404 πλείονας
603 2373 693 2413 ἔχειν
707 2375 787 2412 μνᾶς
805 2373 922 2403 Blass:
946 2376 1057 2405 πλεῖον
1074 2374 1162 2413 ἔχειν
1181 2373 1281 2404 Wolf
1387 2383 1427 2412 25
1459 2372 1610 2410 βουλευό-

285 2430 369 2455 μενοι
386 2415 463 2446 Ald.
481 2427 488 2447 ε
512 2416 698 2455 βουλόμενοι
718 2417 813 2449 codd.
905 2415 936 2448 δὲ
953 2418 1029 2449 add.
1048 2416 1190 2448 Vocmel
