1763 2778
819 392 954 429 XLVI

283 506 448 546 ΚΑΤΑ
483 501 813 549 ΣΤΕΦΑΝΟΤ
854 501 1425 543 ΨΕΤΔΟΜΑΡΤΤΡΙΩΝ
1458 501 1493 540 Β

781 617 999 648 ΎΠΟΘΕΣῙΣ.

278 694 341 733 Ἐν
360 697 476 746 τούτῳ
495 698 546 745 τῷ
565 694 666 746 λόγῳ
687 693 746 731 καὶ
765 696 836 730 τῶν
854 692 1082 741 φθασάντων
1100 690 1166 729 τιν’
1182 690 1552 736 ἐπικατασκευάζεται

226 751 285 789 καὶ
307 752 410 800 ἕτερα
429 750 731 801 προσεισάγεται,
755 750 800 788 ὡς
821 747 880 785 καὶ
899 747 1105 796 παράνομοι
1123 745 1195 797 (ai)
1215 745 1394 795 διαθῆκαι.

285 860 302 875 ΡΙ
446 862 456 873 N
549 859 558 873 5
630 859 640 873 Ἴ
739 857 749 872 Ι
884 858 897 871 U
1128 856 1137 870 Ι
1330 857 1339 869 l
1421 856 1431 870 Χ
1473 856 1492 870 01

74 865 204 923 [1129]
305 863 380 901 Οτι
415 877 486 912 μεν
518 877 586 899 ουκ
623 875 840 911 απορησειν
878 862 1023 908 εμελλε
1060 860 1265 909 Στεφανος
1298 873 1434 897 ουτοσι
1469 873 1489 896 ο
1515 872 1553 896 τι

227 926 527 980 ἀπολογήσεται
552 927 639 978 περὶ
664 928 734 976 τῆς
756 925 980 978 μαρτυρίας,
1005 923 1195 976 παράγων
1220 927 1273 978 τῷ
1296 923 1406 978 λόγῳ
1432 922 1482 965 ὡς
1508 922 1553 963 οὐ

226 995 356 1037 πάντα
378 994 651 1046 μεμαρτύρηκε
680 995 728 1032 τέι
753 994 795 1033 ἐν
823 996 876 1047 τῷ
914 993 1166 1046 γραμματείῳ
1190 989 1454 1044 γεγραμμένα,
1490 989 1552 1030 καὶ
1572 1008 1590 1040 5

228 1062 434 1114 ἐξαπατῶν
466 1062 579 1112 ὑμᾶς,
618 1060 679 1101 καὶ
717 1059 832 1102 αὐτὸς
869 1059 1018 1112 σχεδόν
1051 1076 1088 1099 τι
1123 1058 1327 1104 ὑπενόουν,
1358 1055 1388 1098 ὦ
1414 1056 1553 1109 ἄνδρες

227 1129 420 1170 δικασταί.
481 1128 702 1180 πανοῦργός
725 1144 767 1167 τε
793 1126 867 1179 γάρ
894 1127 1016 1173 ἐστιν,
1040 1125 1102 1166 καὶ
1121 1127 1158 1167 οἱ
1180 1124 1404 1178 γράφοντες
1429 1124 1491 1164 καὶ
1517 1125 1553 1165 οἱ

228 1196 569 1248 συμβουλεύοντες
589 1196 685 1247 ὑπὲρ
722 1194 950 1246 Φορμίωνος
977 1194 1136 1234 πολλοί·
1164 1191 1243 1243 ἅμα
1267 1191 1302 1231 τ’
1335 1192 1437 1233 εἰκός
1467 1192 1555 1231 ἐστι

226 1264 317 1306 τοὺς
350 1265 628 1316 ἐγχειροῦντας
662 1263 711 1301 τὰ
741 1263 870 1313 ψευδῆ
897 1263 1106 1312 μαρτυρεῖν
1138 1259 1202 1300 καὶ
1236 1258 1307 1309 τὴν
1333 1258 1554 1310 ἀπολογίαν

187 1349 207 1374 2
228 1330 370 1373 εὐθέως
387 1331 484 1382 ὑπὲρ
504 1329 629 1369 αὐτῶν
645 1331 827 1380 μελετᾶν.
879 1328 939 1368 ὅτι
958 1327 990 1367 δ’
1009 1329 1051 1368 ἐν
1070 1327 1246 1381 τοσούτῳ
1262 1326 1370 1380 λόγῳ
1388 1325 1556 1376 οὐδαμοῦ
1578 1345 1616 1367 ιο

225 1398 422 1450 μάρτυρας
451 1395 677 1449 παρέσχετο
706 1397 808 1446 ὑμῖν,
842 1395 892 1436 ὡς
925 1391 948 1445 ἢ
979 1393 1231 1448 διατιθεμένῳ
1268 1396 1320 1447 τῷ
1353 1393 1470 1444 πατρὶ
1501 1396 1555 1447 τῷ

228 1467 306 1520 ε’μῷ
323 1463 563 1517 παρεγένετό
579 1480 652 1504 που
671 1462 786 1504 αὐτὸς
811 1463 955 1512 ταύτην
981 1461 1051 1512 τὴν
1077 1460 1277 1511 διαθήκην,
1299 1459 1394 1500 ὥστ’
1411 1459 1556 1500 εἰδέναι

227 1536 349 1573 ταῦτα
391 1532 450 1571 ὅτι
489 1529 714 1583 ἀντίγραφά
753 1531 865 1570 ε’στιν
906 1530 960 1570 ὧν
1000 1529 1020 1568 ὁ
1057 1527 1185 1580 πατήρ
1222 1545 1316 1581 μου,
1332 1526 1494 1573 διέθετο,
1531 1523 1554 1577 ἢ

229 1601 416 1653 ἀνοιχθὲν
450 1598 527 1639 εἶδε
563 1597 608 1638 τὸ
641 1600 906 1650 γραμματεῖον
942 1597 964 1636 ὅ
999 1601 1102 1649 φασι
1137 1594 1368 1646 διαθέμενον
1405 1596 1556 1635 ἐκεῖνον

191 1687 210 1721 3
232 1669 476 1713 καταλιπεῖν,
516 1668 636 1705 ταῦτα
679 1663 963 1715 συμμέμνησθέ
1009 1681 1088 1714 μοι.
1160 1663 1267 1703 ἀλλὰ
1312 1661 1390 1713 μὴν
1437 1661 1556 1702 ὁπότε
1578 1680 1615 1712 15

230 1733 524 1787 μεμαρτύρηκεν
550 1732 775 1784 ἀντίγραφα
801 1731 901 1772 εἶναι
925 1734 1002 1771 τῶν
1021 1733 1215 1780 διαθηκῶν
1239 1733 1318 1769 τῶν
1346 1729 1557 1770 Πασίωνος

230 1804 278 1842 τὰ
303 1802 345 1842 ἐν
369 1804 421 1855 τῷ
446 1800 697 1854 γραμματείῳ
723 1797 986 1851 γεγραμμένα,
1012 1799 1082 1839 τὰς
1111 1799 1153 1838 δὲ
1185 1795 1371 1846 διαθήκας
1394 1794 1445 1846 μὴ
1473 1796 1557 1848 ἔχει

232 1866 422 1918 ἐπιδεῖξαι
439 1865 530 1918 μήθ’
552 1866 602 1908 ὡς
623 1867 642 1905 ὁ
667 1865 794 1917 πατὴρ
820 1864 968 1906 διέθετο
995 1865 1104 1916 ἡμῶν
1128 1863 1218 1915 μήθ’
1245 1863 1295 1905 ὡς
1319 1862 1435 1904 αὐτὸς
1455 1861 1558 1903 εἶδεν

232 1935 550 1987 παραγενόμενος
574 1932 692 1975 αὐτὰς
717 1931 986 1984 διατιθεμένου
1004 1935 1072 1971 τοῦ
1092 1931 1250 1983 πατρός,
1273 1934 1354 1972 πῶς
1379 1929 1424 1970 οὐ
1448 1946 1554 1982 περι-

233 2005 366 2055 φανῶς
391 2001 503 2043 οὗτος
530 1999 786 2053 ἐξελέγχεται
809 2001 857 2039 τὰ
880 2001 1008 2051 ψευδῆ
1033 1998 1354 2050 μεμαρτυρηκώς,·
1577 2017 1618 2039 20

191 2082 213 2115 4
300 2070 348 2109 Εἰ
384 2069 515 2108 τοίνυν
557 2068 780 2119 πρόκλησίν
822 2072 949 2119 φησιν
989 2066 1089 2107 εἶναι
1129 2065 1192 2105 καὶ
1233 2064 1285 2116 μὴ
1326 2063 1554 2116 μαρτύριαν,

233 2135 301 2176 οὐκ
325 2136 453 2186 ἀληθῆ
478 2134 601 2187 λέγει.
663 2134 818 2174 ἅπαντα
838 2135 914 2186 γὰρ
938 2134 1016 2173 ὅσα
1041 2132 1283 2186 παρέχονται
1308 2132 1363 2173 εἷς
1386 2130 1431 2171 τὸ
1448 2132 1553 2170 δικα-

83 2203 210 2259 [1130]
234 2201 396 2254 στήριον
421 2201 735 2254 προκαλούμενοι
760 2200 960 2251 ἀλλήλους
985 2202 1021 2242 οἱ
1038 2201 1240 2246 ἀντίδικοι,
1259 2200 1321 2239 διὰ
1345 2198 1557 2250 μαρτυρίας

281 2311 400 2343 Oratio
417 2312 512 2342 deest
531 2312 561 2341 in
578 2310 608 2340 A
620 2322 636 2341 r

282 2377 301 2396 2
318 2366 568 2407 προσεισάγεται
585 2365 614 2395 D
633 2364 760 2405 (W01s)
779 2376 786 2395 :
810 2378 932 2406 προεισ.
950 2363 975 2394 F
988 2363 1012 2395 S
1102 2365 1140 2395 ὡς
1156 2362 1250 2394 Turr.
1268 2372 1276 2393 ε
1298 2363 1325 2393 εἷ
1342 2361 1437 2392 codd.
1527 2361 1558 2393 αἱ

233 2411 309 2442 add.
330 2411 464 2440 Bekker
608 2420 643 2448 ¹7
679 2409 747 2450 ἔχει
765 2408 949 2439 schaeser:
975 2409 1063 2449 ἔχειν
1083 2407 1178 2438 codd.
1322 2406 1361 2435 18
1386 2405 1447 2437 εῇῖε
1464 2403 1532 2442 FQ
1550 2415 1557 2435 :

235 2454 318 2486 οἶδεν
334 2454 358 2485 S
375 2455 404 2484 D
570 2462 610 2492 19
633 2454 729 2485 αὐτὰς
748 2452 883 2482 Baiter:
907 2453 1015 2483 αὐταῖς
1033 2451 1128 2482 codd.
