1746 2774
97 118 240 173 [1470]
689 121 1175 159 ΔΗΜΟΣΘΕΝΟΎΣ

265 222 474 271 πειρᾶσθαι
512 217 600 272 παρ’
637 221 725 261 ἔθος
763 219 826 260 καὶ
861 218 966 272 παρὰ
995 219 1068 270 τὴν
1100 219 1214 271 ἀξίαν
1242 221 1528 274 ἀναγκάζομαυ
1566 219 1589 273 ἢ

263 286 334 336 τὴν
371 287 568 340 αἰσχύνην
605 285 672 338 ἐφ’
709 285 734 343 ᾗ
777 285 859 326 κατ’
897 286 1023 327 οὐδέν’
1065 287 1235 341 ἔλεγχον
1272 288 1350 330 οὐδ’
1389 287 1590 339 ἀπόδειξιν

263 352 382 395 ἁλοὺς
418 355 630 400 ἀπόλωλα,·
669 351 691 404 ἢ
723 355 791 395 τὰς
821 354 986 396 ἐλπίδας
1013 356 1070 395 ὧν
1101 356 1336 407 διαμαρτών,
1364 357 1418 397 ὧν
1442 355 1590 409 ἑτέροις

202 433 242 466 14
262 423 437 473 προσῆκε
476 421 796 473 κεκληρονόμηκα
831 425 976 469 κακῶν;
1020 421 1100 462 οὔτ’
1136 421 1202 475 ἐφ’
1240 424 1296 465 οἶς
1331 424 1591 475 ἐπολιτεύθην

263 489 452 540 πρότερον
479 489 588 538 δίκην
611 490 791 541 ὀφείλων
815 491 961 535 δοῦναι,
991 490 1079 530 οὔτε
1104 494 1181 530 τῶν
1209 490 1273 543 ἐφ’
1301 491 1358 532 οἷς
1381 492 1590 543 ἐκρινόμην
1611 509 1628 540 5

263 553 592 609 ἐξελεγχθέντων
631 556 721 597 οὔτε
744 558 821 609 γὰρ
841 557 967 609 ἔγωγε
986 561 1064 597 τῶν
1088 556 1292 609 “Αρπάλου
1310 558 1440 610 φίλων
1461 558 1588 611 φανή-

262 639 383 673 σομαι
425 623 613 675 γεγονώς,
651 627 728 663 τῶν
770 641 811 664 τε
848 623 1084 676 γραφέντων
1126 626 1213 676 περὶ
1250 624 1452 677 Ἁρπάλου
1486 626 1590 678 μόνα

260 691 308 729 τὰ
339 690 424 740 ἐμοὶ
454 690 699 743 πεπραγμέν’
728 689 974 743 ἀνέγκλητον
1011 693 1200 741 πεποίηκε
1235 691 1307 742 τὴν
1343 693 1473 734 πόλιν.
1544 692 1592 744 ἐξ

259 758 312 797 ὧν
348 756 508 798 πάντων
544 758 666 809 δῆλόν
704 759 813 798 ἐστιν
850 758 911 799 ὅτι
948 763 1064 814 καιρῷ
1102 759 1177 799 τινὶ
1212 760 1383 812 ληφθεὶς
1420 761 1482 801 καὶ
1520 759 1587 800 οὐκ

261 823 479 875 ἀδικήματι,
507 831 554 882 τῇ
579 825 676 878 πρὸς
702 824 878 868 ἅπαντας
901 825 990 868 τοὺς
1016 827 1058 866 ἐν
1078 831 1162 868 ταῖς
1187 827 1326 868 αἰτίαις
1351 828 1450 885 ὀργῇ
1479 844 1585 880 περι-
1611 842 1648 864 ιο

200 908 238 944 15
261 890 432 932 πέπτωκ’
466 893 606 935 ἀδίκως
640 897 692 947 τῷ
726 897 878 946 πρῶτος
904 892 1082 934 εἰσιέναι.
1155 894 1241 934 ἐπεὶ
1265 894 1304 935 τί
1326 898 1403 935 τῶν
1429 895 1588 935 δικαίων

260 958 327 999 οὐκ
360 959 470 1000 εἶπον
505 960 581 1011 ἐγὼ
606 964 684 1001 τῶν
719 961 956 1015 σεσῳκότων
987 961 1077 1003 τοὺς
1113 962 1280 1014 ὕστερον
1317 961 1585 1014 κρινομένους;

259 1023 281 1076 ἢ
317 1026 389 1066 τίν’
423 1027 593 1080 ἔλεγχον
623 1027 734 1068 εἶπεν
762 1027 784 1078 ἡ
817 1027 946 1079 βουλὴ
978 1028 1061 1068 κατ’
1099 1029 1211 1079 ἐμοῦ;
1250 1026 1273 1079 ἢ
1310 1030 1399 1069 τίνα
1434 1032 1502 1070 νῦν
1539 1029 1586 1070 ἂν

107 1089 237 1145 [1471]
260 1094 385 1134 εἰπεῖν
421 1093 527 1148 ἔχοις
564 1094 609 1135 οὗ
637 1097 712 1148 γὰρ
744 1094 857 1135 ἔστιν
882 1095 1021 1137 οὐδείς·
1058 1097 1106 1135 τὰ
1129 1097 1207 1149 γὰρ
1229 1096 1281 1148 μὴ
1312 1096 1492 1149 γενόμεν’
1519 1097 1586 1137 οὐκ

258 1161 346 1201 ἔστι
370 1164 534 1212 ποιῆσαι
557 1165 809 1215 γεγενῆσθαι.
882 1161 988 1203 ἀλλὰ
1014 1163 1101 1215 περὶ
1125 1165 1197 1215 μὲν
1221 1164 1370 1204 τούτων
1399 1164 1583 1215 παύομαι,
1608 1179 1644 1213 15

258 1227 377 1269 πόλλ’
402 1226 485 1281 (av)
512 1228 682 1282 γράφειν
707 1231 824 1284 ἔχων·
862 1229 906 1270 τὸ
931 1231 1006 1283 γὰρ
1031 1233 1153 1281 μηδὲν
1179 1231 1330 1286 ἐμαυτῷ
1365 1230 1585 1272 συνειδέναι

257 1295 395 1348 πεῖράν
418 1313 484 1347 μοι
510 1297 679 1338 δέδωκεν
703 1298 758 1339 εἷς
782 1300 854 1348 μὲν
880 1297 1079 1350 ὠφέλειαν
1113 1299 1279 1340 ἀσθενὲς
1305 1300 1360 1345 ὅν,
1383 1300 1438 1340 εἷς
1465 1300 1507 1340 δὲ
1540 1297 1585 1339 τὸ

197 1369 237 1403 16
256 1367 413 1413 μᾶλλον
445 1366 659 1404 λυπεῖσθαι
689 1364 846 1405 πάντων
878 1365 1175 1417 ὀδυνηρότατον.
1224 1365 1356 1416 ἐπειδὴ
1388 1368 1430 1407 δὲ
1456 1369 1585 1408 καλῶς

257 1434 459 1473 ποιοῦντες
484 1434 584 1472 πᾶσι
608 1435 689 1473 τοῖς
714 1432 757 1472 ἐν
781 1436 867 1474 ταῖς
892 1433 1033 1474 αἰτίαις
1059 1431 1292 1486 διήλλαχθε,
1326 1433 1440 1483 κάμοὶ
1473 1436 1582 1473 διαλ-

257 1496 410 1550 λάγητ’,
439 1496 468 1537 ὦ
494 1498 631 1551 ἄνδρες
660 1498 875 1549 Ἀθηναῖοι·
914 1500 1003 1540 οὕτε
1035 1501 1111 1552 γὰρ
1141 1499 1295 1554 ἠδίκηχ’
1325 1501 1424 1551 ὑμᾶς
1454 1499 1582 1550 οὐδέν,
1607 1520 1644 1543 20

258 1565 308 1607 ὡς
344 1566 524 1606 ἴστωσαν
561 1568 598 1607 οἱ
638 1566 721 1606 θεοὶ
763 1566 825 1606 καὶ
862 1566 987 1618 ἥρωες
1029 1565 1232 1620 (μαρτυρεῖ
1267 1566 1311 1608 δέ
1351 1584 1418 1619 μοι
1452 1570 1528 1610 πᾶς
1564 1568 1584 1607 ὁ

257 1632 433 1684 πρόσθεν
458 1634 739 1685 παρεληλυθὼς
763 1634 917 1686 χρόνος,
945 1632 987 1675 ὃς
1015 1635 1258 1687 δικαιότερον
1286 1633 1334 1675 ἂν
1368 1634 1584 1676 πιστεύοιθ’

255 1699 324 1752 ὑφ’
359 1700 467 1751 ὑμῶν
502 1703 570 1751 τῆς
607 1699 846 1753 ἆνελέγκτου
883 1704 950 1741 νῦν
986 1702 1270 1755 ἐπενεχθείσης
1310 1699 1463 1753 αἰτίας),
1504 1701 1583 1742 οὔτ’

257 1767 334 1819 ἐγὼ
370 1768 571 1821 χείριστος
608 1767 686 1809 οὐδ’
726 1769 989 1810 ἀπιστότατος
1025 1767 1258 1822 φανήσομαι
1293 1773 1370 1809 τῶν
1412 1772 1581 1821 διαβλη-

256 1833 415 1875 θέντων.
1606 1858 1642 1888 ²5

193 1913 234 1948 17
323 1902 400 1943 Καὶ
431 1901 509 1954 μὴν
541 1904 586 1943 τό
615 1902 651 1956 γ’
689 1904 877 1944 ἀπελθεῖν
909 1903 977 1944 οὐκ
1010 1902 1058 1944 ἂν
1084 1904 1241 1947 εἰκότως
1270 1903 1391 1957 ὀργὴν
1417 1905 1512 1957 πρός
1536 1921 1583 1955 με

257 1967 474 2019 ποιήσειεν·
513 1970 556 2011 οὐ
589 1972 663 2023 γὰρ
696 1971 932 2024 ἀπεγνωκὼς
966 1972 1063 2022 ὑμᾶς
1094 1971 1171 2011 οὐδ’
1210 1971 1380 2023 ἑτέρωσε
1416 1970 1583 2023 βλέπων

256 2035 421 2088 οὐδαμοῖ
445 2036 657 2089 μετέστην,
687 2039 793 2079 ἀλλὰ
822 2042 977 2091 πρῶτον
1008 2040 1082 2090 μὲν
1112 2039 1309 2081 τοῦνειδος
1338 2041 1407 2089 τῆς
1432 2040 1584 2091 εἱρκτῆς

298 2153 317 2181 4
342 2144 495 2184 προσήκει
520 2144 711 2186 1³74).an
848 2146 869 2175 6
893 2147 965 2176 οὔτε
992 2145 1055 2186 γὰρ
1073 2168 1080 2176 .
1101 2168 1108 2176 .
1132 2169 1139 2177 .
1156 2145 1299 2185 γεγονώς
1320 2145 1384 2176 huc
1413 2144 1582 2175 transtulit

255 2186 392 2226 Sauppe
408 2199 414 2217 :
451 2193 526 2226 post
555 2191 660 2220 κακῶν
687 2191 702 2226 ξ
740 2198 777 2225 13
807 2189 972 2218 exhibent
1003 2188 1098 2219 codd.
1258 2199 1274 2227 7
1298 2188 1485 2231 γραφέντων
1515 2190 1581 2229 περὶ

257 2230 353 2271 (παρὰ
367 2230 419 2270 5¹)
432 2231 591 2270 Ἀρποίλου
608 2233 703 2262 codd.
719 2244 725 2263 2
752 2242 830 2262 num
848 2231 1056 2273 πραχθέντων
1071 2233 1140 2272 περὶ
1151 2231 1318 2270 ”Αρπαλον
1341 2232 1556 2262 scribendum
1572 2233 1581 2263 ’.ἶ

259 2283 294 2303 11
321 2273 384 2314 τῷ]
402 2276 440 2305 τὸ
457 2275 481 2305 S
496 2275 520 2305 F
533 2275 563 2313 Q
628 2285 665 2313 13
689 2277 708 2314 ἢ
725 2275 784 2307 τίν’
803 2276 942 2316 ἔλεγχον
955 2300 962 2307 .
977 2300 983 2305 .
998 2300 1004 2307 .
1020 2277 1095 2315 ἐμοῦ
1107 2285 1173 2305 om.
1192 2276 1216 2305 F
1281 2277 1319 2305 16
1342 2277 1381 2307 ἂν
1392 2276 1467 2307 add.
1486 2275 1582 2306 BlaSS

260 2327 299 2356 19
322 2319 371 2349 καὶ
391 2320 458 2357 ἐμοὶ
477 2318 597 2351 Fcorr.
614 2330 621 2350 2
644 2320 698 2351 καί
712 2333 763 2358 μοι
782 2318 805 2349 S
819 2318 859 2349 Fl
872 2321 901 2357 (2
1040 2329 1082 2349 20
1106 2319 1197 2351 οὐδὲν
1216 2318 1330 2349 Wolf:
1355 2319 1467 2351 οὐδένα
1483 2319 1577 2349 codd.

256 2370 297 2390 22
321 2361 458 2403 πρόσθεν
480 2362 722 2403 παρεληλυθὼς]
745 2363 941 2394 alterutrum
964 2363 1108 2393 sortasse
1136 2363 1315 2393 delendum
1334 2373 1341 2400 ;
1371 2363 1414 2393 cf.
1444 2363 1581 2402 Hyper.

257 2404 433 2444 Lykophr.
453 2407 467 2443 ξ
490 2416 526 2444 14
616 2418 655 2444 :24
681 2406 746 2438 οὐδ’
763 2406 882 2437 Turn:
908 2406 972 2438 οὔτ’
997 2406 1092 2437 codd.
1228 2407 1270 2436 26
1293 2405 1375 2447 τόγ’
1399 2405 1518 2437 Blass:
1542 2407 1581 2438 τὸ

256 2449 354 2479 codd.
489 2450 530 2479 28
554 2451 688 2489 οὐδαμοῦ
701 2450 810 2481 codd..
826 2460 912 2480 corr.
933 2449 1058 2480 Reiske
