1742 2774
169 121 246 177 XLI]
549 127 713 163 ΠΡΟΣ
764 126 1090 163 ΣΠΟΎΔΙΑΝ
1513 125 1658 180 [1036]

169 225 220 267 ὣς
257 225 412 275 ἀληθῶς
455 222 621 275 συνέβη,
660 223 704 264 οὐ
740 221 862 274 δήπου
899 224 1047 264 δίκαιον
1083 225 1152 275 ἐμὲ
1187 223 1258 274 τὴν
1295 226 1491 276 ὁμολογη-

169 295 307 332 θεῖσαν
332 295 473 344 προῖκα
496 290 547 342 μὴ
569 294 726 342 λαβεῖν,
749 291 858 343 εἴπερ
877 291 1027 343 ὄφελός
1051 308 1089 331 τι
1112 295 1189 331 τῶν
1210 292 1339 342 νόμων
1367 292 1488 338 ἐστίν,

167 358 257 400 οὐδέ
290 377 337 412 γε
371 358 440 399 τὸν
476 358 741 404 Πολύευκτον,
781 359 814 398 εἰ
849 361 926 398 τῶν
960 357 1184 410 θυγατέρων
1219 358 1412 409 ἐβούλετο
1443 364 1490 416 τῇ

165 428 238 478 μὲν
272 425 436 473 ἐλάττω,
467 431 515 483 τῇ
548 427 589 465 δὲ
626 426 750 466 πλείω
789 425 915 477 προῖκ’
952 427 1162 472 ἐπιδοῦναι,
1203 428 1491 476 διακωλυθῆναι

128 512 144 543 5
166 495 246 534 νῦν·
298 493 362 533 σοὶ
401 494 476 546 γὰρ
515 492 616 548 αὐτῷ
654 491 706 544 μὴ
742 491 967 543 λαμβάνειν
1004 492 1108 544 ἐξῆν,
1147 491 1175 532 ὦ
1213 494 1398 543 Σπουδία,
1438 492 1489 544 μὴ

166 559 487 612 προστιθεμένων
512 560 646 612 ὥσπερ
673 560 759 611 ἐμοὶ
784 563 863 600 τῶν
886 564 1042 613 χιλιῶν.
1114 560 1205 600 ἀλλ’
1230 561 1342 601 οὐδὲν
1373 560 1488 600 ἔλατ-

164 644 234 668 τον
259 628 376 680 εἶχες,
404 627 455 669 ὡς
480 627 558 680 ἐγὼ
583 626 739 678 διδάξω.
788 631 943 680 πρῶτον
962 626 994 666 δ’
1014 626 1077 679 ἐφ’
1103 628 1160 669 οῖς
1177 626 1332 678 ἐξέδοτο
1351 627 1488 682 τούτῳ,

163 693 270 746 λαβέ
292 711 358 746 μοι
382 693 453 745 τὴν
476 695 702 747 μαρτυρίαν.

721 809 930 836 ΜΑΡΤὙΡῙΑ.

109 884 147 906 10
233 875 327 913 Πῶς
351 872 420 912 οῧν
443 871 557 912 οὐδὲν
582 872 750 912 ἔλαττον
775 872 871 925 ἔχει,
899 871 1022 925 φήσει
1046 889 1116 918 τις,
1145 873 1178 913 εἰ
1203 872 1325 927 τούτῳ
1350 875 1422 924 μὲν
1447 874 1489 913 ἐν
1510 888 1552 923 27

166 943 249 980 ταῖς
274 937 561 991 τετταράκοντα
585 943 701 990 μναῖς
727 940 930 990 ἐνετιμᾶτο
949 938 997 979 τὰ
1022 940 1171 992 χρυσία
1197 940 1258 980 καὶ
1281 941 1330 980 τὰ
1358 939 1490 991 ἱμάτια

165 1009 244 1046 τῶν
279 1010 434 1059 χιλιῶν,
475 1006 561 1057 ἐμοὶ
587 1005 618 1046 δ’
654 1007 694 1047 αἱ
729 1006 822 1046 δέκα
853 1010 950 1057 μναῖ
977 1006 1096 1060 χωρὶς
1130 1007 1487 1059 προσαπεδίδοντω

165 1077 278 1113 τοῦτο
326 1073 372 1124 δὴ
420 1073 484 1114 καὶ
523 1073 661 1125 μέλλω
702 1072 847 1126 λέγειν.
921 1075 940 1112 ὁ
981 1076 1054 1125 μὲν
1096 1072 1171 1126 γὰρ
1211 1075 1418 1121 Σπουδίας,
1459 1072 1488 1114 ὦ

166 1140 302 1192 ἄνδρες
327 1141 522 1188 δικασταί,
548 1141 653 1193 παρὰ
678 1144 746 1180 τοῦ
778 1141 1034 1194 Λεωκράτους
1064 1141 1240 1194 ἔχουσαν
1270 1143 1320 1181 τὰ
1343 1143 1490 1194 χρυσία

107 1226 143 1256 15
167 1208 228 1248 καὶ
254 1209 303 1248 τὰ
328 1207 462 1259 ἱμάτια
485 1207 556 1258 τὴν
589 1207 739 1260 γυναῖκ’
765 1209 930 1259 ἔλαβεν,
958 1210 1012 1248 ὧν
1037 1209 1056 1248 ὁ
1084 1209 1343 1257 Πολύευκτος>
1364 1227 1486 1262 προσ-

165 1274 373 1315 απέτεισεν
414 1278 468 1330 τῷ
504 1274 731 1327 Λεωκράτει
770 1279 888 1317 πλεῖν
927 1272 952 1326 ἢ
993 1277 1140 1329 χιλίας·
1185 1276 1261 1328 ἐγὼ
1299 1276 1346 1322 δ’,
1391 1275 1488 1328 ἅπερ

165 1341 323 1394 ἔπεμψέ
356 1359 424 1394 μοι
457 1342 580 1396 χωρὶς
613 1345 683 1393 τῆς
719 1343 890 1395 προικός,
925 1343 989 1383 ὄσ’
1024 1344 1103 1396 ἔχω
1140 1344 1275 1394 μόνον,
1309 1342 1406 1396 πρὸς
1442 1345 1489 1383 τὰ

164 1410 286 1464 τούτῳ
320 1408 471 1450 δοθέντ’
508 1411 577 1450 ἐὰν
607 1410 743 1467 ἀντιθῇ
769 1428 839 1457 τις,
875 1409 1033 1462 εὑρήσει
1061 1409 1336 1463 παραπλήσια,
1368 1411 1489 1463 χωρὶς

165 1479 243 1517 τῶν
272 1478 326 1518 εἷς
358 1475 429 1519 τὰς
459 1477 595 1530 χιλίας
626 1477 958 1529 ἀποτιμηθέντων.
1030 1477 1128 1518 ὥστ’
1152 1479 1311 1520 εἰκότως
1337 1479 1378 1518 ἐν
1404 1482 1489 1520 ταῖς
1508 1482 1552 1516 28

108 1563 147 1584 20
166 1543 456 1596 τετταράκοντα
487 1548 603 1595 μναῖς
629 1545 834 1596 ἐνετιμᾶτο
862 1549 996 1592 ταῦτα,
1026 1544 1126 1598 ἅπερ
1159 1545 1402 1586 ἀπετετείκει
1434 1549 1487 1600 τῷ

165 1610 388 1663 Λεωκράτει
414 1611 476 1652 καὶ
501 1613 624 1652 πλείω
649 1615 738 1670 τῶν.
753 1612 838 1663 ἐμοὶ
863 1611 1058 1653 δοθέντων
1082 1611 1143 1663 ἦν.
1206 1613 1272 1654 καί
1291 1630 1359 1664 μοι
1383 1614 1488 1663 λαβὲ

165 1682 319 1730 πρῶτον
353 1680 428 1730 μὲν
457 1678 530 1729 τὴν
557 1678 795 1732 ἀπογραφὴν
825 1680 970 1730 ταύτην
1003 1680 1065 1720 καὶ
1103 1679 1189 1732 λέγ’
1223 1678 1353 1721 αὐτοῖς
1389 1679 1488 1731 ἅπερ

165 1745 346 1798 ἑκάτερος
387 1746 496 1798 ἡμῶν
535 1746 632 1799 ἔχει,
674 1745 774 1798 μετὰ
816 1749 859 1788 δὲ
897 1751 1020 1788 ταῦτα
1057 1746 1131 1797 τὴν
1167 1751 1245 1787 τῶν
1281 1749 1488 1797 διαιτητῶν

163 1813 390 1865 μαρτυρίαν,
416 1813 467 1854 ἵν’
495 1814 634 1855 ’ίδωσιν
667 1814 728 1854 ὅτι
761 1814 824 1855 καὶ
855 1818 995 1869 πολλῷ
1027 1815 1152 1855 πλείω
1186 1813 1356 1867 χρήματ’
1389 1813 1485 1866 ἔχει,

106 1891 143 1922 25
166 1879 228 1919 καὶ
267 1880 356 1933 περὶ
391 1881 538 1921 τούτων
581 1881 602 1921 ὁ
638 1880 874 1932 Λεωκράτης
915 1881 1106 1928 ἐνεκάλει,
1146 1881 1209 1921 καὶ
1248 1879 1345 1922 κατὰ
1383 1879 1487 1921 ταῦτ’

164 1946 347 1999 ἔγνωσαν
369 1949 406 1988 οἱ
430 1948 636 1998 διαιτηταί.
705 1948 813 2002 λέγε.

212 2066 230 2095 7
254 2055 358 2097 τούτῳ
374 2056 406 2087 Α
423 2069 430 2088 z
455 2056 576 2090 τούτων
593 2062 672 2089 cett.
786 2059 806 2088 8
829 2073 880 2098 μοι
896 2068 961 2090 om.
979 2058 1011 2089 A
1135 2068 1173 2089 10
1197 2057 1303 2100 οὐδὲν]
1322 2060 1446 2090 ουουδεν
1463 2056 1487 2088 S

168 2109 203 2129 11
229 2103 299 2132 ταῖς
317 2110 381 2132 om.
402 2100 426 2131 S
539 2104 706 2142 ἐνετιμᾶτο
723 2101 768 2133 S:
796 2105 883 2134 ἐπετ.
904 2102 929 2132 F
943 2102 973 2141 Q
988 2103 1017 2132 D
1034 2113 1041 2132 τ
1067 2104 1199 2141 ἐτιμᾶτο
1214 2101 1246 2131 Α
1409 2109 1447 2139 15
1472 2103 1488 2132 ὁ

165 2153 232 2175 om.
251 2144 277 2174 F
291 2144 321 2174 D
430 2146 537 2184 15—16
561 2145 779 2187 προσαπέτισε
795 2145 827 2175 Α
840 2145 865 2175 F
881 2146 911 2184 Q
930 2157 938 2174 z
961 2147 1224 2188 προσαπετίμησε
1243 2145 1266 2175 S
1279 2143 1305 2175 F
1319 2157 1372 2185 γρ.
1388 2144 1418 2183 Q
1435 2157 1486 2185 γρ.

168 2188 207 2216 16
230 2190 324 2219 πλεῖν
342 2187 506 2218 Dindorf:
532 2193 643 2221 πλεῖον
659 2190 756 2221 codd.
839 2199 877 2228 17
904 2190 954 2222 b‘ff'
971 2190 1037 2230 ἔχω
1052 2189 1149 2229 μόνον
1165 2189 1263 2219 codd.
1282 2200 1288 2218 :
1312 2189 1377 2228 ἔχω
1392 2187 1489 2228 μόνον

158 2230 185 2262 νᾶ
203 2230 300 2261 Blass
316 2230 388 2262 Att.
411 2231 489 2262 Ber.
508 2231 542 2262 iii
564 2242 591 2264 1.
611 2242 674 2271 252
847 2234 885 2262 18
910 2235 1020 2275 ἀντιθῇ
1036 2233 1086 2265 A:
1112 2235 1181 2275 τιθῇ
1198 2236 1274 2263 cett.
1447 2241 1490 2262 20

165 2274 340 2314 ἀπετιμᾶτο
359 2275 385 2305 F
398 2275 428 2314 Q
519 2277 700 2308 ἆπετετίκει
715 2275 805 2315 vulg.
824 2287 832 2306 ἱ
857 2278 1052 2309 ἀποτετείκει
1069 2276 1094 2308 S
1238 2286 1274 2306 21
1305 2277 1368 2315 ἐμοὶ
1387 2274 1488 2306 δοθέν-

163 2330 230 2350 των
246 2328 312 2350 om,
330 2318 354 2349 S
521 2328 562 2348 22
586 2321 717 2358 ταυτηνὶ
730 2320 761 2350 Α
873 2322 978 2352 αὐτοῖς
995 2323 1048 2352 νῦν
1064 2320 1094 2350 Α
1259 2328 1300 2357 23
1325 2319 1357 2350 δὲ
1375 2328 1441 2349 om.
1457 2318 1489 2347 A

163 2369 207 2400 24
228 2363 338 2394 ἴδωσιν
355 2361 380 2393 S
394 2372 402 2392 τ
428 2365 553 2395 εἰδῶσιν
567 2363 659 2402 vulg.
808 2373 849 2403 25
873 2365 956 2396 κατὰ
972 2367 1074 2396 ταῦτα
1090 2363 1180 2403 vulg.
1196 2374 1203 2394 τ
1225 2364 1307 2403 μετὰ
1323 2364 1427 2395 ταῦτα
1442 2361 1489 2393 S:

163 2407 266 2437 ταῦτα
280 2404 312 2435 Α
