1763 2778
102 138 104 141 v
123 114 268 169 [1069]

122 506 269 561 [1070]

225 573 267 608 59

220 943 265 976 60

216 1550 257 1585 61

214 2020 261 2055 62

707 107 1227 165 [ΔΙΙΜΟΣΘΕΝΟΎΣ]
1511 111 1615 166 [me

289 205 475 256 ἀναλώσῃ,
500 205 699 243 διπλάσιον
717 205 921 254 πραξάσθω
940 207 1041 254 παρὰ
1058 209 1130 244 τῶν
1157 207 1396 255 ὀφειλόντων·
1417 208 1480 245 ἐὰν
1505 207 1543 246 δὲ
1561 207 1615 258 μὴ

287 261 419 310 πράξῃ,
443 260 550 299 αὐτὸς
574 260 754 307 ὀφειλέτω
773 262 849 300 τοῖς
868 259 1053 310 δημόταις.
1066 261 1226 301 -Τοὺς
1246 262 1283 300 δὲ
1303 261 1356 311 μὴ
1377 262 1616 303 ἀποδιδόντας

287 316 353 354 τὰς
379 314 583 364 μισθώσεις
611 317 683 352 τῶν
709 317 868 363 τεμενῶν
895 317 969 353 τῶν
995 317 1061 364 τῆς
1087 315 1171 354 θεοῦ
1199 316 1258 354 καὶ
1283 319 1354 354 τῶν
1378 318 1503 355 ἄλλων
1524 317 1615 356 θεῶν

289 369 347 407 καὶ
365 372 436 407 τῶν
456 368 652 417 ἐπωνύμων
672 369 822 419 ἀτίμους
843 368 932 407 εἶναι
957 369 1016 408 καὶ
1036 370 1166 411 αὐτοὺς
1187 371 1246 409 καὶ
1268 372 1373 423 γένος
1396 371 1456 409 καὶ
1480 374 1614 422 κληρο-

287 424 420 474 νόμους
439 424 523 464 τοὶ·ς
541 424 689 470 τούτων,
713 424 775 464 ἕως
795 423 839 463 ἂν
859 424 1057 463 ἀποδῶσιν.

354 537 488 576 Ταῦτα
514 533 654 581 πάντα,
681 535 760 575 ὅσα
785 536 821 575 οἱ
850 534 963 586 νόμοι
989 534 1307 587 προστάττουσιν
1337 535 1427 579 τοὺς
1458 536 1610 590 προσή-

288 619 428 645 κοντας
451 606 591 649 ποιεῖν,
608 602 701 653 ἡμῖν
721 601 1040 654 προστάττουσιν
1067 603 1130 644 καὶ
1153 603 1445 656 ἀναγκάζουσιν
1469 609 1610 653 ποιεῖν,

286 668 315 709 ὦ
340 669 477 721 ἄνδρες
502 671 697 711 δικασταί.
768 669 1014 725 Μακαρτάτῳ
1036 672 1077 711 δὲ
1101 672 1240 726 τουτῳὶ
1266 671 1379 712 οὐδὲν
1404 671 1610 725 διαλέγον-

285 753 350 777 ται
372 736 460 777 οὐδὲ
488 738 716 792 Θεοπόμπῳ
746 737 799 792 τῷ
825 737 943 789 πατρὶ
965 738 1019 793 τῷ
1039 738 1190 779 τούτου·
1224 738 1314 780 οὐδὲ
1341 738 1418 792 γάρ
1439 741 1544 781 εἰσιν
1568 741 1611 781 ἐκ

285 807 354 843 τοῦ
383 805 491 844 οἴκου
522 808 591 845 τοῦ
615 804 776 857 Ἃγνίου
806 803 852 845 τὸ
884 803 1082 857 παράπαν·
1119 809 1201 849 πῶς
1229 804 1278 847 ἂν
1301 806 1371 847 οὖν
1393 807 1547 850 τούτοις
1574 825 1613 848 τι

285 870 591 922 προστάττοιεν;

352 937 468 979 Ἀλλ’
494 938 620 986 οὗτος,
645 935 676 979 ὦ
712 937 851 991 ἄνδρες
885 937 1081 987 δικασταί,
1109 939 1204 993 πρὸς
1236 943 1307 993 μὲν
1344 940 1435 984 τοὺς
1470 942 1612 993 νόμους

286 1005 347 1045 καὶ
371 1007 440 1047 τὰς
463 1006 688 1058 μαρτυρίας,
709 1006 755 1049 ἃς
777 1006 888 1058 ἡμεῖς
914 1008 1181 1061 παρεχόμεθα,
1200 1010 1351 1050 δίκαιον
1376 1008 1456 1050 οὐδ’
1482 1010 1612 1050 ὁτιοῦν

284 1072 368 1125 ἔχει
398 1072 545 1125 λέγειν,
573 1074 789 1126 ἀγανακτεῖ
818 1076 860 1114 δὲ
892 1075 954 1114 καὶ
983 1074 1092 1116 δεινά
1112 1081 1220 1128 φησι
1245 1075 1434 1131 πάσχειν,
1459 1077 1521 1118 ὅτι
1541 1080 1611 1117 τοῦ

284 1143 430 1191 πατρὸς
454 1141 777 1191 τετελευτηκότος
802 1142 1046 1193 ἀγωνίζεται.
1105 1144 1231 1184 ἐκεῖνο
1250 1143 1283 1183 δ’
1303 1143 1370 1184 οὐκ
1390 1145 1611 1195 ἐνθυμεῖται

285 1206 559 1259 Μακάρτατος,
579 1206 608 1248 ὦ
624 1207 763 1260 ἄνδρες
782 1209 975 1255 δικασταί,
999 1210 1059 1250 ὅτι
1081 1210 1104 1251 ὁ
1121 1210 1250 1263 πατὴρ
1269 1211 1388 1252 αὐτοῦ
1405 1210 1610 1263 ἄνθρωπος

283 1273 331 1324 ἦν
355 1275 506 1325 θνητός,
530 1275 592 1315 καὶ
618 1275 897 1326 τετελεύτηκεν
921 1276 1006 1328 μετ’
1032 1276 1167 1318 ἄλλων
1193 1282 1354 1318 πολλῶν
1380 1278 1443 1319 καὶ
1467 1278 1607 1320 νεωτέ-

281 1358 361 1394 ρων
386 1343 449 1382 καὶ
474 1341 771 1394 πρεσβυτέρων.
841 1343 933 1384 ἀλλ’
960 1345 994 1384 εἶ
1020 1345 1262 1396 Θεόπομπος
1285 1346 1564 1397 τετελεύτηκεν
1589 1346 1610 1385 ὁ

283 1410 436 1449 τουτουὶ
467 1408 607 1461 πατήρ,
635 1412 671 1451 οἱ
696 1411 810 1461 νόμοι
836 1409 881 1450 οὐ
906 1411 1248 1462 τετελευτήκασιν,
1277 1412 1366 1453 οὐδὲ
1390 1412 1435 1453 τὸ
1460 1415 1610 1454 δίκαιον

283 1472 603 1529 [τετελεύτηκεν],
646 1476 728 1517 οὐδ’
761 1479 798 1518 οἱ
843 1479 1027 1519 δικασταὶ
1068 1480 1106 1520 οἱ
1146 1479 1219 1531 τὴν
1255 1482 1400 1534 ψῆφον
1436 1480 1608 1534 ἔχοντες.

282 1543 395 1584 ἔστιν
429 1543 463 1584 δ’
487 1544 508 1583 ὁ
544 1547 613 1585 νῦν
650 1544 758 1597 ἀγὼν
796 1545 860 1587 καὶ
890 1545 916 1597 ἡ
953 1547 1180 1587 διαδικασία
1217 1547 1286 1588 οὐκ
1321 1549 1358 1589 εἴ
1386 1565 1445 1590 τις
1478 1548 1610 1600 ἕτερος

281 1608 414 1662 ἑτέρου
436 1612 623 1664 πρότερος
641 1608 664 1662 ἢ
685 1613 852 1664 ὕστερος
867 1613 1160 1664 τετελεύτηκεν,
1181 1614 1272 1655 ἀλλ’
1294 1616 1327 1656 εἰ
1344 1614 1397 1667 μὴ
1418 1614 1610 1667 προσήκει

280 1676 515 1729 ἐξελαθῆναι
554 1680 597 1719 ἐκ
635 1683 703 1719 τοῦ
743 1681 853 1720 οἴκου
893 1683 962 1720 τοῦ
996 1679 1159 1734 Ἀγνίου
1197 1682 1287 1725 τοὺς
1319 1683 1484 1725 οἰκείους
1520 1682 1611 1726 τοὺς

278 1742 452 1797 Ἀγνίου,
480 1746 670 1799 ἀνεψιοὺς
705 1748 823 1789 ὄντας
861 1747 924 1788 καὶ
960 1749 1138 1801 ἀνεψιῶν
1175 1753 1317 1792 παῖδας
1348 1749 1489 1804 εΑγνίᾳ
1514 1749 1611 1802 πρὸς

280 1813 440 1865 πατρός,
457 1813 534 1854 ὑπὸ
553 1817 632 1854 τῶν
651 1815 693 1853 ἐκ
712 1816 781 1854 τοῦ
801 1816 991 1867 Στρατίου
1018 1817 1125 1856 οἴκου
1152 1816 1214 1858 καὶ
1236 1818 1360 1869 μηδὲν
1385 1817 1606 1869 προσηκόν-

279 1895 357 1919 των
394 1880 497 1920 ὥστε
535 1885 793 1932 κληρονομεῖν
824 1886 904 1923 τῶν
933 1881 1108 1935 ζΑγνίου,
1136 1884 1242 1924 ἀλλὰ
1277 1883 1385 1937 γένει
1420 1883 1607 1937 ἀπωτέρω

279 1947 416 1987 ὄντων.
487 1947 574 1999 περὶ
598 1948 737 1988 τούτου
760 1951 828 1989 νῦν
854 1948 940 1990 ἐσθ’
965 1951 985 1990 ὁ
1011 1951 1130 2003 ἀγών.

339 2012 432 2054 ’Έτι
455 2016 497 2056 δὲ
523 2014 780 2068 σαφέστερον
805 2017 1028 2069 γνώσεσθε,
1052 2015 1081 2058 ὦ
1106 2017 1243 2071 ἄνδρες
1263 2019 1458 2067 δικασταί,
1478 2018 1540 2060 καὶ
1566 2020 1607 2060 ἐκ

324 2134 343 2162 4
367 2123 510 2164 ἀτίμους]
530 2125 579 2156 καὶ
598 2125 726 2164 ἀτίμους
742 2123 774 2155 Α
857 2128 908 2159 καὶ
926 2133 977 2159 κλ.
996 2129 1068 2161 τοὺς
1086 2128 1209 2161 τούτων
1227 2129 1291 2160 del.
1315 2129 1455 2161 Partsch
1541 2131 1605 2168 6-7

279 2169 379 2198 ποιεῖν
390 2172 467 2197 ante
478 2168 595 2199 τοὺςΑ
659 2170 679 2198 8
695 2168 800 2210 τούτῳ
811 2170 907 2201 codd.
968 2171 1058 2204 οὐδὲν
1071 2173 1166 2203 codd.
1185 2185 1191 2204 :
1217 2173 1287 2205 οὐδὲ
1299 2173 1408 2204 Cobet
1470 2183 1508 2212 13
1525 2173 1605 2214 οὐδ’]

278 2210 337 2249 μὲν
352 2212 416 2242 οὐδ’
432 2211 463 2240 Λ
613 2221 650 2251 14
675 2213 772 2253 φήσει
788 2213 820 2243 Α
971 2216 1009 2245 16
1034 2216 1246 2258 Μακάρτατος
1263 2218 1315 2248 hic
1328 2217 1394 2255 FQ
1407 2217 1438 2248 D
1455 2228 1462 2248 ε
1487 2217 1518 2247 in
1537 2227 1600 2256 mg.

280 2252 321 2283 Sl
345 2255 442 2293 Signo
461 2253 492 2295 --Ι
512 2259 589 2294 post
616 2258 793 2295 ἐνθυμεῖται
819 2257 956 2288 addito:
983 2265 1061 2298 post
1086 2262 1234 2293 δικασταί
1256 2260 1288 2291 Α
1462 2270 1504 2291 20
1528 2265 1606 2299 post

279 2298 398 2329 δίκαιον
408 2298 483 2329 add.
496 2300 531 2329 οὐ
542 2299 814 2338 τετελεύτηκεν5
826 2300 903 2339 FQ,
920 2301 961 2332 cf.
976 2302 1136 2334 Aesehin.
1154 2304 1186 2333 iii
1201 2314 1259 2343 73:
1277 2303 1510 2343 τετελεύτηκεν
1522 2304 1551 2333 Λ
1563 2303 1605 2334 D:

279 2341 344 2372 del.
363 2342 579 2372 Hel-werden
740 2354 781 2381 23
805 2345 879 2377 τοὺς
896 2347 941 2377 Ἀ.
960 2345 1007 2377 S:
1031 2349 1088 2379 τοῦ
1103 2349 1148 2379 Ἀ.
1167 2352 1245 2378 cett.
1403 2358 1443 2387 27
1468 2348 1536 2388 περὶ
1553 2346 1606 2378 A:

279 2387 328 2416 καὶ
347 2387 414 2425 περὶ
433 2385 457 2416 S
470 2386 496 2416 F
509 2385 538 2423 Q
553 2385 583 2415 D
725 2389 781 2419 νῦν
798 2389 904 2421 τοίνυν
920 2389 951 2419 Λ
1095 2393 1161 2423 ἐσθ’
1179 2394 1195 2423 ὁ
1213 2391 1237 2421 F
1256 2402 1263 2422 t
1289 2393 1358 2423 ἐστ’
1375 2393 1392 2423 ὁ
1409 2391 1433 2422 S
1451 2402 1458 2422 :
1483 2392 1574 2423 ἐστὶν
1590 2393 1607 2422 ὁ

278 2428 367 2468 vulg.
411 2469 417 2474 ἱ
524 2431 567 2459 28
591 2431 642 2462 καὶ
658 2440 723 2462 om.
742 2431 773 2461 Λ

1636 831 1674 854 10

1636 1155 1670 1186 ¹5

1631 1493 1671 1516 20

1632 1829 1668 1860 25
