1763 2778
463 105 501 141 Π
514 104 583 141 ΡΟ
593 104 628 142 O
640 105 654 141 l
666 104 707 141 M
717 105 732 141 I
743 104 789 141 A.
861 108 1147 144 XLV-XLVII

141 202 324 244 ἐπιεικεῖς
347 201 546 255 ἄνθρωποι
571 203 800 253 νομίζεσθαι
829 202 1078 254 προείλοντο,
1104 201 1186 243 οὐδ’
1210 202 1318 243 αὐτοὶ
1346 208 1463 242 καλο-

142 270 331 321 κάγαθίας
354 268 403 310 ἂν
428 269 478 311 ὡς
503 269 630 310 ἔοικεν
655 270 966 321 ἀμφισβητοῖεν.
1038 270 1126 310 ἔστι
1149 271 1221 320 μὲν
1246 269 1314 310 οὖν
1344 275 1466 323 xeme-

140 335 215 377 πὸν
249 335 295 376 τὸ
330 335 422 388 παρ’
445 337 535 387 ὑμῖν
571 337 668 388 ὑπὲρ
701 337 808 387 ὑμῶν
842 334 990 387 ἐροῦντ’
1023 335 1296 387 ἀνεστηκέναι,
1333 337 1467 388 ὥσπερ

137 401 274 458 ῥᾴδιον
297 403 341 444 τὸ
368 403 452 443 καθ’
478 404 596 453 ὑμῶν.
668 403 745 455 ἐγὼ
771 402 847 455 γὰρ
870 404 924 454 μᾶ
949 402 1021 453 τὴν
1046 396 1218 454 Ἂθηνᾶν
1238 403 1398 445 οὐδένας
1418 403 1467 444 ἂν

100 485 118 517 5
139 474 216 511 τῶν
240 470 376 511 ἄλλων
402 471 619 522 ἀνθρώπων
644 471 766 511 οὕτως
791 469 899 521 οἶμαι
923 469 972 510 τὰ
992 470 1182 522 προσόνθ’
1202 471 1333 512 αὐτοῖς
1351 471 1465 511 ἀκοῦ-

140 554 209 577 σαι
251 536 587 588 νουθετουμένους,
630 537 680 578 ὡς
717 538 827 587 ὑμεῖς
868 535 916 577 τὰ
956 536 1009 588 μὴ
1049 537 1299 590 προσήκοντα
1344 542 1467 579 κακῶς

138 605 358 646 ἀκούοντες.
431 604 476 644 οὐ
498 604 575 655 μὴν
600 605 688 645 οὐδὲ
713 604 873 646 τούτους
893 604 1072 656 θρασέως
1090 604 1138 645 ἂν
1159 606 1280 647 οὕτως
1298 605 1468 657 ἡγοῦμαι

137 672 372 723 ψεύδεσθαι,
411 672 444 712 εἰ
479 671 530 722 μὴ
570 669 793 727 συνῄδεσαν
830 675 964 721 ταῦτα,
1001 673 1063 712 καὶ
1097 673 1297 724 πρόδηλον
1326 671 1374 722 ἦν
1408 674 1468 712 ὅτι

1491 99 1628 153 [1453]

1489 280 1507 313 3

138 739 355 780 δεινότατοι
379 737 538 779 πάντων
562 740 670 789 ὑμεῖς
697 737 781 778 ἐστ’
807 739 962 779 ἀκούειν
989 740 1010 779 ὅ
1033 756 1071 779 τι
1095 738 1143 779 ἄν
1169 756 1226 782 τις
1253 739 1335 780 καθ’
1359 740 1467 791 ὑμῶν
1486 758 1507 791 4

79 822 117 844 10
136 805 250 862 λέγῃ.
323 807 356 847 εἰ
379 808 452 857 μὲν
477 806 544 846 οὖν
569 806 711 856 ταύτης
736 808 805 856 τῆς
830 806 1009 856 εὐηθείας
1033 807 1144 856 δίκην
1169 808 1268 857 ὑμᾶς
1287 810 1347 848 δεῖ
1365 807 1466 847 διδό-
1488 811 1627 865 [1454]

137 890 215 923 ναι,
241 873 386 926 λόγους
410 872 455 913 οὐ
479 872 751 925 προσήκοντας
777 874 874 913 κατὰ
898 876 967 924 τῆς
992 874 1147 915 πόλεως
1178 873 1332 915 ἀκούειν
1361 873 1466 914 τοῦτ’

137 939 185 981 ἂν
211 941 282 991 εἴη.
355 941 389 982 εἰ
413 940 446 981 δ’
471 941 566 993 ὑπὲρ
591 944 668 981 τῶν
695 941 854 991 ἀληθῶν
888 941 925 981 εἴ
953 958 992 981 τι
1024 942 1174 981 δίκαιον
1210 941 1362 994 ῥητέον,
1402 942 1466 982 ἐπὶ

137 1007 241 1048 τοῦτ’
267 1008 344 1060 ἐγὼ
370 1007 637 1059 παρελήλυθα,
666 1008 865 1048 πιστεύων
891 1007 959 1047 οὐκ
985 1007 1100 1050 αὐτὸς
1131 1008 1250 1060 ἀξίως
1275 1014 1352 1049 τῶν
1374 1010 1465 1059 ὑμῖν

137 1074 423 1128 πεπραγμένων
449 1076 572 1116 εἰπεῖν
604 1074 862 1125 δυνήσεσθαι,
890 1075 996 1116 ἀλλὰ
1028 1077 1077 1116 τὰ
1110 1075 1332 1128 πράγματα,
1359 1077 1465 1118 ὅπως

79 1153 115 1186 15
137 1141 184 1183 ἄν
219 1159 279 1184 τις
315 1144 416 1199 εἴπῃ,
451 1144 580 1183 δίκαια
614 1145 844 1195 φανεῖσθαι.
915 1143 1137 1194 βουλοίμην
1167 1142 1200 1183 δ’
1226 1143 1274 1184 ἂν
1298 1145 1408 1194 ὑμᾶς,
1436 1141 1464 1183 ὦ
1488 1147 1505 1184 5

136 1208 274 1262 ἄνδρες
290 1208 508 1260 Ἀθηναῖοι,
529 1211 641 1252 ἴσους
659 1208 854 1262 ἀκροατὰς
873 1210 970 1262 ὑπὲρ
990 1211 1097 1261 ὑμῶν
1114 1211 1242 1251 αὐτῶν
1262 1210 1462 1262 γενέσθαι,

137 1276 200 1317 καὶ
235 1275 289 1327 μὴ
323 1280 376 1331 τῷ
412 1278 612 1331 προῆχθαι
646 1276 736 1319 τοὺς
771 1277 918 1329 λόγους
954 1277 1162 1318 ἐπαινέσαι
1198 1277 1288 1319 τοὺς
1317 1278 1464 1318 τούτων

136 1347 372 1396 φιλονικεῖν.
444 1343 487 1384 οὐ
514 1345 588 1396 γὰρ
614 1343 662 1384 ἂν
687 1343 878 1396 ὑμετέραν
903 1345 1041 1384 κακίαν
1075 1344 1201 1386 οὐδεὶς
1235 1346 1292 1386 ἔτι
1325 1346 1463 1397 κρίναι,

136 1412 170 1452 εἰ
193 1409 384 1463 λέγοντός
407 1427 514 1453 τινος
543 1410 584 1452 εὖ
615 1412 948 1463 παρεκρούσθητε,
983 1412 1089 1452 ἀλλὰ
1126 1416 1204 1452 τῶν
1241 1412 1304 1453 ἐπὶ
1341 1413 1463 1467 τούτῳ

76 1492 116 1515 20
136 1477 313 1528 σπουδὴν
339 1477 630 1529 ποιησαμένων,
657 1479 763 1521 ὅπως
787 1479 885 1529 ὑμᾶς
910 1477 1243 1530 ἐξαπατήσουσιν.

757 1593 798 1630 Μ
805 1593 835 1630 Ζ

201 1673 326 1724 Οἶμαι
361 1672 509 1716 πάντας
545 1673 593 1715 ἂν
627 1675 737 1725 ὑμᾶς,
777 1672 806 1714 ὦ
842 1673 980 1727 ἄνδρες
1012 1672 1229 1725 Ἀθηναῖοι,
1265 1677 1408 1726 φῆσαι,
1440 1674 1464 1715 ἃ

135 1739 322 1791 βέλτισθ’
346 1740 514 1783 ἕκαστος
539 1741 693 1794 ἡγεῖται
722 1748 769 1799 τῇ
804 1742 931 1788 πόλει,
959 1742 1184 1793 βούλεσθαι
1212 1745 1333 1782 ταῦτα
1363 1759 1459 1794 πρα-

133 1809 293 1861 χθῆναι.
363 1809 577 1859 συμβαίνει
612 1808 656 1849 δέ
684 1826 729 1862 γε
759 1808 811 1861 μὴ
844 1810 941 1849 κατὰ
969 1808 1087 1849 ταύτὸ
1121 1810 1325 1862 κεκρίσθαι
1357 1810 1462 1861 παρὰ

74 1900 114 1932 ²5
133 1877 236 1916 πᾶσι
259 1874 304 1916 τὸ
328 1875 560 1927 βέλτιστον·
586 1876 630 1916 οὐ
660 1878 735 1928 γὰρ
767 1875 815 1917 ἂν
852 1878 959 1927 ὑμῶν
994 1878 1030 1917 οἱ
1065 1878 1137 1927 μὲν
1173 1875 1321 1929 λέγειν,
1347 1878 1384 1916 οἱ
1420 1878 1461 1916 δὲ

132 1940 185 1993 μὴ
221 1941 356 1994 λέγειν
392 1942 587 1984 ἐκέλευον.
659 1943 755 1995 πρὸς
790 1945 861 1994 μὲν
897 1945 1026 1984 τοίνυν
1062 1943 1152 1985 τοὺς
1190 1943 1461 1996 ὑπειληφότας

133 2012 253 2049 ταῦτα
290 2008 508 2062 συμφέρειν
543 2009 699 2052 οὐδενὸς
734 2013 795 2050 δεῖ
828 2011 952 2062 λόγου
991 2014 1044 2064 τῷ
1082 2009 1275 2062 μέλλοντι
1311 2009 1458 2062 λέγειν·

134 2075 392 2127 πεπεισμένοι
417 2078 493 2129 γὰρ
516 2076 754 2130 ὑπάρχουσι·
782 2077 878 2129 πρὸς
903 2080 945 2118 δὲ
976 2077 1066 2119 τοὺς
1099 2078 1285 2118 τάναντία
1309 2076 1461 2130 συμφέ-

181 2195 201 2215 2
224 2186 264 2217 ἂν
278 2191 354 2226 post
371 2188 436 2218 οὐδ’
452 2186 545 2226 ponit
561 2197 587 2226 r,
608 2192 699 2218 recte
720 2186 795 2219 fort.
923 2199 942 2227 4
966 2189 1005 2219 ἂν
1021 2186 1139 2228 ΓῼὙρ.
1156 2186 1248 2229 Υγρ.
1264 2198 1271 2218 :
1296 2197 1360 2217 om.
1380 2192 1458 2219 cett.

134 2238 153 2267 5
178 2230 276 2261 οὕτως
293 2229 317 2260 S
334 2230 423 2269 vulg.
444 2240 451 2261 :
475 2232 572 2262 οὕτως
589 2230 688 2268 ἡδέως
705 2241 721 2260 r
735 2230 765 2269 Q
778 2244 829 2272 γρ.
842 2230 874 2261 Y
886 2244 938 2273 -γρ,
1075 2232 1096 2261 6
1120 2232 1324 2272 προσήκοντα
1340 2241 1356 2260 Γ
1368 2230 1394 2260 F
1406 2244 1457 2271 γρ.

133 2271 226 2313 ΩὙρ.
241 2272 359 2314 Ῡγρ.;
382 2272 543 2315 προσόντα
559 2273 685 2312 Svulg.
840 2284 857 2314 7
882 2276 920 2307 ἂν
936 2285 1001 2306 om.
1023 2274 1048 2306 S
1205 2284 1243 2303 12
1267 2276 1298 2305 εἴ
1317 2273 1364 2314 τι]
1387 2276 1408 2311 ἤ
1428 2288 1460 2306 τι

135 2314 174 2346 S¹
187 2316 254 2347 DC
271 2328 277 2347 t
303 2316 322 2348 ἅ
340 2318 410 2349 ἐστι
426 2316 518 2358 Ωγρ.
534 2317 622 2358 Ῡγρ.
775 2327 811 2357 17
835 2321 993 2360 προῆχθαι
1011 2318 1034 2348 S
1049 2317 1079 2355 Q
1093 2318 1188 2348 YrC
1207 2329 1214 2347 τ
1237 2320 1419 2357 προσῆχθαι
1434 2317 1460 2347 F

138 2368 178 2397 19
201 2359 235 2391 εὖ
246 2370 310 2391 om.
325 2360 418 2401 Qyp.
510 2371 552 2391 20
576 2361 819 2401 ἐξαπατήσωσιν
829 2363 937 2401 codd.‚
951 2372 1036 2392 corr.
1050 2361 1216 2392 Schaefer
1312 2371 1353 2398 24
1377 2362 1459 2393 κατὰ

134 2404 233 2434 ταύτὸ
256 2413 273 2434 r
294 2403 438 2436 Vindob.
463 2414 483 2442 4
508 2403 645 2445 (Wolf),
673 2405 716 2436 cf.
739 2415 758 2434 v
778 2415 814 2435 1:
839 2408 910 2437 κατ’
931 2406 1008 2437 αὐτὸ
1030 2410 1109 2435 cett.
1243 2405 1329 2443 25-6
1353 2404 1381 2436 οἷ
1401 2404 1460 2444 μὲν

133 2446 178 2486 μὴ
196 2445 315 2487 λέγειν,
337 2447 366 2480 οἱ
382 2447 416 2480 δὲ
433 2446 544 2487 λέγειν
559 2458 576 2478 r
709 2458 748 2486 27
773 2451 876 2481 ταῦτα
893 2459 908 2479 1·
921 2449 947 2479 C
970 2447 1163 2489 <Schaeser)
1182 2459 1189 2479 ε
1212 2449 1314 2480 ταύτὰ
1330 2447 1420 2487 vulg.
