1763 2778
137 136 273 192 [1391]
680 135 781 191 [ΔΗ
794 134 1196 189 ΜΟΣΘΕΝΟΎΣ]
1551 134 1618 189 [ιι

298 241 416 281 αἴτιοι
441 238 705 290 κατέστησαν.
777 238 839 279 καὶ
865 239 1091 291 προείρηται
1114 240 1187 289 μὲν
1211 237 1232 279 ὃ
1250 238 1387 289 μέλλω
1405 237 1540 291 λέγειν
1555 237 1619 279 ὑπ’

138 313 277 370 [1392]
298 307 434 348 ἄλλων
470 307 676 360 πρότερον,
707 309 768 347 δεῖ
794 308 835 347 δὲ
863 308 961 357 μηδὲ
999 309 1067 346 νῦν
1102 308 1170 345 τοῦ
1207 305 1355 347 δικαίου
1391 307 1454 347 καὶ
1492 309 1620 348 καλῶς

299 374 464 428 ἔχοντος
488 375 652 415 ἐπαίνου
674 373 764 416 τοὺς
788 372 932 424 ἄνδρας
956 373 1129 415 ἐκείνους
1153 374 1404 424 στερηθῆναι·
1442 373 1619 428 τοσούτῳ

299 441 374 494 γὰρ
406 442 587 492 ἀμείνους
623 444 702 480 τῶν
737 440 801 481 ε’πὶ
836 440 984 492 Τροίαν
1021 439 1377 491 στρατευσαμένων
1411 439 1620 490 νομίζοιντ’

299 507 347 549 ἂν
384 509 555 554 εἰκότως,
587 508 685 548 ὅσον
721 508 756 548 οἱ
792 509 866 557 μὲν
901 506 947 558 ἐξ
979 506 1136 557 ἁπάσης
1172 509 1240 557 τῆς
1275 504 1475 549 ζΕλλάδος
1510 508 1620 549 ὄντες
1641 518 1658 550 5

300 576 474 627 ἀριστεῖς
500 574 576 615 δέκ’
603 575 670 625 ἔτη
696 576 764 624 τῆς
789 573 932 616 Ἀσίας
954 572 997 615 ἓν
1023 575 1168 628 χωρίον
1190 577 1492 626 πολιορκοῦντες
1505 575 1621 625 μόλις

238 654 277 681 11
302 643 423 688 εἶλον,
449 641 555 682 οὗτοι
581 643 621 682 δὲ
647 641 716 681 τὸν
747 642 788 681 ἐκ
821 640 954 691 πάσης
981 643 1050 691 τῆς
1081 640 1242 693 ἠπείρου
1272 642 1418 681 στόλον
1451 641 1623 682 ἐλθόντα

299 710 426 761 μόνοι,
450 708 583 749 τᾶλλα
616 707 746 749 πάντα
783 707 1141 759 κατεστραμμένον,
1174 707 1218 748 οὐ
1253 709 1374 759 μόνον
1409 707 1619 758 ἠμύναντο,

300 778 408 817 ἀλλὰ
435 777 498 816 καὶ
522 776 712 827 τιμωρίαν
736 776 832 827 ὑπὲρ
858 776 911 815 ὧν
936 775 1026 816 τοὺς
1046 775 1193 817 ἄλλους
1221 775 1379 825 ἠδίκουν
1412 775 1620 825 ἐπέθηκαν.

301 843 358 884 ἔτι
381 844 515 883 τοίνυν
538 844 609 884 τὰς
635 843 676 882 ἐν
701 841 832 883 αὐτοῖς
856 845 939 884 τοῖς
956 840 1165 892 ’Ἐλλησιν
1190 840 1422 892 πλεονεξίας
1449 842 1620 882 κωλύον-
1645 854 1682 876 10

300 928 364 952 τες
399 909 548 951 πάντας
585 910 705 951 ὅσους
742 908 893 960 συνέβη
930 908 1118 961 γενέσθαι
1156 910 1355 951 κινδύνους
1394 908 1620 960 ὑπέμειναν,

300 979 401 1018 ὅπου
437 976 484 1017 τὸ
521 978 672 1017 δίκαιον
719 977 778 1027 εἵη
825 975 1078 1028 τεταγμένον,
1123 977 1290 1017 ἐνταῦθα
1332 976 1622 1029 προσνέμοντες

301 1044 473 1090 ἑαυτούς,
496 1044 569 1086 ἕως
593 1045 648 1086 εἷς
673 1043 743 1094 τὴν
769 1046 838 1084 νῦν
864 1044 995 1094 ζῶσαν
1018 1043 1176 1094 ἡλικίαν
1196 1044 1216 1083 ὁ
1234 1044 1378 1098 χρόνος
1397 1042 1623 1097 προήγαγεν

299 1112 412 1164 ἡμᾶς.

241 1193 281 1219 12
368 1178 519 1229 Μηδεὶς
554 1177 586 1218 δ’
622 1177 797 1231 ἡγείσθω
834 1176 874 1229 μ’
907 1178 1130 1230 ἀποροῦντα
1165 1178 1208 1219 τί
1237 1177 1315 1231 χρὴ
1350 1178 1440 1231 περὶ
1475 1178 1624 1219 τούτων
1647 1188 1684 1220 15

302 1247 426 1286 εἰπεῖν
451 1244 633 1292 ἑκάστου,
659 1248 781 1286 ταῦτα
807 1246 855 1286 τὰ
878 1245 1094 1299 πραχθέντ’
1120 1244 1445 1298 ἀπηριθμηκέναι.
1497 1246 1531 1287 εἶ
1548 1247 1625 1299 γὰρ

302 1312 487 1354 ἁπάντων
520 1312 831 1366 ἀμηχανώτατος
856 1312 905 1363 ἦν
928 1313 950 1352 ὅ
974 1329 1011 1352 τι
1040 1312 1116 1366 χρὴ
1149 1312 1286 1364 λέγειν
1315 1313 1572 1365 πορίσασθαι,
1599 1312 1622 1363 ἡ

301 1379 451 1421 ’κείνων
490 1379 604 1432 ἀρετὴ
648 1380 849 1420 δείκνυσιν
888 1378 983 1429 αὐτὴ
1026 1379 1051 1420 ἃ
1094 1380 1156 1420 καὶ
1198 1380 1391 1434 πρόχειρα
1429 1381 1491 1420 καὶ
1525 1378 1623 1434 ῥᾴδι’

304 1449 487 1488 ἐπελθεῖν
511 1448 636 1487 ἐστιν.
707 1446 814 1486 ἀλλά
839 1450 1098 1499 προαιροῦμαι
1123 1449 1193 1497 τῆς
1220 1447 1419 1498 εὐγενείας
1453 1447 1516 1487 καὶ
1546 1451 1624 1487 τῶν

303 1516 408 1566 παρὰ
440 1517 522 1556 τοῖς
549 1514 759 1566 προγόνοις
782 1514 984 1565 μεγίστων
1016 1513 1206 1565 μνησθεὶς
1241 1513 1292 1556 ὡς
1323 1513 1498 1568 τάχιστα
1528 1531 1623 1555 συν·
1647 1534 1686 1556 20

303 1581 406 1633 άψαι
429 1584 498 1621 τὸν
522 1581 647 1634 λόγον
666 1584 762 1633 πρὸς
786 1582 834 1620 τὰ
859 1584 994 1621 τοῖσδε
1018 1580 1286 1633 πεπραγμένα,
1306 1582 1382 1627 ἵνα,
1403 1582 1538 1633 ὥσπερ
1558 1580 1626 1622 τὰς

304 1648 447 1700 φύσεις
490 1647 594 1698 ἦσαν
635 1651 856 1700 συγγενεῖς,
900 1648 998 1687 οὕτω
1041 1647 1131 1690 τοὺς
1176 1649 1358 1690 ἐπαίνους
1400 1648 1460 1689 ἐπ’
1499 1648 1626 1688 αὐτῶν

306 1716 457 1757 κοινοὺς
494 1714 732 1766 ποιήσωμαι,
771 1713 1070 1765 ὑπολαμβάνων
1105 1714 1213 1755 ταῦτ’
1250 1714 1298 1755 ἂν
1335 1716 1435 1756 εἶναι
1467 1732 1624 1768 κεχαρι-

305 1781 432 1833 σμένα
460 1779 681 1835 [κάκείνοις]
717 1781 778 1822 καὶ
807 1781 969 1832 μάλιστ’
997 1781 1248 1834 ἀμφοτέροις,
1278 1784 1310 1822 εἰ
1338 1785 1407 1832 τῆς
1437 1781 1628 1833 ἀλλήλων

303 1850 445 1901 ἀρετῆς
490 1849 543 1900 μὴ
589 1850 714 1900 μόνον
754 1854 801 1906 τῇ
839 1849 962 1901 φύσει
999 1848 1254 1903 μετάσχοιεν,
1297 1850 1405 1890 ἀλλὰ
1447 1850 1508 1890 καὶ
1545 1853 1628 1892 τοῖς
1651 1869 1688 1901 ²5

305 1917 493 1958 ἐπαίνοις.

246 2001 288 2037 13
373 1982 545 2036 Ἀνάγκη
584 1982 616 2023 δ’
653 1984 695 2023 ἐν
731 1986 784 2038 τῷ
820 1981 968 2034 μεταξὺ
1004 1985 1228 2034 διαλαβεῖν,
1269 1984 1330 2025 καὶ
1367 1983 1441 2036 πρὸ
1477 1985 1545 2023 τοῦ
1580 1985 1629 2024 τὰ

309 2053 442 2091 τοῖσδε
471 2049 729 2102 πεπραγμένα
761 2054 844 2092 τοῖς
873 2049 1064 2102 ἀνδράσιν
1090 2053 1236 2100 δηλοῦν
1261 2051 1324 2091 καὶ
1347 2051 1438 2093 τοὺς
1463 2050 1536 2102 ἔξω
1561 2054 1628 2091 τοῦ

145 2113 289 2168 [1393]
309 2115 446 2169 γένους
472 2121 568 2170 πρὸς
594 2117 662 2157 τὸν
687 2116 818 2170 τάφον
842 2117 1158 2167 ἠκολουθηκότας
1187 2120 1285 2169 πρὸς
1317 2118 1470 2159 εὔνοιαν
1503 2135 1627 2170 παρα-

351 2235 370 2264 5
395 2227 459 2267 ὅσῳ
476 2225 501 2256 F
516 2235 601 2257 corr.
695 2226 722 2257 οἱ
737 2248 746 2256 .
767 2248 774 2257 .
796 2251 801 2257 .
820 2225 945 2264 ἁπάσης
962 2235 1026 2256 om.
1052 2225 1090 2256 Sl
1216 2231 1293 2265 post
1317 2226 1406 2259 ὄντες
1430 2226 1472 2256 vii
1497 2227 1548 2257 vel
1573 2227 1630 2258 viii

308 2269 494 2300 litterarum
512 2280 618 2309 capax
633 2269 665 2299 in
685 2269 708 2300 S
725 2269 869 2308 spatium
953 2271 973 2300 8
996 2271 1030 2301 οὐ
1043 2269 1140 2308 μόνον
1152 2279 1216 2299 om.
1237 2269 1274 2300 S¹
1341 2280 1377 2309 15
1402 2271 1435 2301 τί
1452 2269 1518 2301 SY
1534 2280 1542 2301 t
1567 2272 1583 2303 ὅ
1598 2285 1630 2302 τι

307 2313 398 2352 vuig.
492 2313 531 2343 18
549 2318 623 2352 post
641 2314 737 2352 ἁρετὴ
760 2313 836 2343 add.
856 2313 964 2344 πολλὰ
987 2313 1070 2344 καλὰ
1088 2312 1113 2342 F
1126 2312 1156 2350 Q
1174 2324 1180 2343 :
1204 2314 1311 2345 πολλὰ
1328 2313 1376 2350 Υ;
1403 2314 1436 2343 in
1456 2314 1479 2344 S
1497 2314 1629 2352 signum

307 2357 493 2387 adnotandi
509 2357 562 2387 cui
581 2356 664 2386 nihil
687 2356 871 2396 respondet
894 2356 925 2385 in
945 2356 1096 2394 margine
1210 2358 1368 2388 δείκνυσιν
1392 2356 1479 2388 SY:
1503 2358 1631 2389 δίδωσιν

311 2400 336 2430 F
347 2400 377 2438 Q
459 2400 478 2432 ἃ
500 2401 551 2432 καὶ
568 2399 721 2440 πρόχειρα
734 2401 784 2431 καὶ
795 2398 902 2440 ῥᾴδιον
916 2401 1063 2430 ἐπελθεῖν
1076 2401 1166 2430 ἐστιν
1178 2399 1202 2430 5
1214 2399 1243 2429 Y
1258 2411 1264 2430 :
1289 2402 1389 2432 εἰπεῖν
1403 2402 1454 2432 καὶ
1467 2400 1631 2442 πρόχειρα,

311 2444 330 2475 ἃ
345 2442 452 2486 ῥᾴδιον
467 2444 525 2483 μέν
543 2446 613 2475 ἐστι
631 2445 765 2474 διελθεῖν
781 2443 870 2480 vulg.
939 2441 1016 2483 ῥᾴδι’
1035 2443 1131 2473 Blass
1221 2453 1262 2473 20
1286 2445 1367 2484 παρὰ
1382 2448 1448 2476 τοῖς
1465 2443 1632 2484 προγόνοις

310 2497 373 2519 orn.
395 2487 419 2518 S
503 2497 544 2525 24
567 2487 719 2518 κάκείνοις
736 2486 855 2516 seclusi
873 2490 908 2516 ut
925 2495 968 2516 ex
985 2487 1035 2517 καὶ
1052 2485 1210 2525 epitatieo
1227 2486 1312 2516 male
1330 2486 1506 2518 intellecto
1523 2491 1630 2517 ortum
