1763 2778
163 119 267 172 xm]
509 109 513 115 '
569 120 732 158 ΠΡΟΣ
780 118 1081 158 ΛΕΩΧΑΡΗ
1512 115 1655 171 [1084]

165 220 298 272 ξομεν·
335 220 425 272 περὶ
461 221 502 260 δὲ
530 221 599 259 τοῦ
626 218 779 271 γένους,
813 218 864 261 ὡς
897 218 966 259 οὐκ
996 218 1101 260 εἰσὶν
1133 218 1244 269 ἡμῶν
1281 218 1490 271 ἐγγυτέρω,

164 291 278 328 τοῦτο
303 290 363 328 δεῖ
383 289 522 338 μαθεῖν
548 287 659 337 ὑμᾶς.
730 286 772 326 ἓν
795 289 867 337 μὲν
892 286 961 326 οὖν
979 287 1247 337 ὁμολογεῖται,
1268 290 1310 325 τὸ
1338 290 1492 336 κρατεῖν

165 359 244 396 τῶν
280 355 534 407 κληρονόμων
569 354 658 395 τοὺς
694 352 858 405 ἄρρενας
897 352 958 392 καὶ
994 352 1083 394 τοὺς
1113 354 1155 393 ἐκ
1190 357 1268 393 τῶν
1304 352 1491 406 ἀρρένων’

166 423 302 464 ἁπλῶς
338 424 415 474 γὰρ
447 424 528 462 τοῖς
567 419 766 473 ἐγγυτάτω
804 419 899 472 πρὸς
936 421 1100 471 ἀνδρῶν,
1139 420 1232 459 ὅταν
1268 419 1320 471 μὴ
1357 423 1493 462 παῖδες

128 502 146 533 5
166 487 279 535 ὦσιν,
323 489 342 528 ὁ
389 488 508 539 νόμος
554 489 625 530 τὰς
671 488 931 538 κληρονομίας
978 487 1233 528 ἀποδίδωσιν.
1307 486 1413 527 οὗτοι
1459 486 1493 528 δ’

165 557 287 607 ἐσμὲν
310 555 434 606 ἡμεῖς·
471 554 590 597 ἄπαις
613 556 685 605 μὲν
710 556 786 606 γὰρ
809 555 829 594 ὁ
854 553 1067 607 Ἀρχιάδης
1098 554 1352 605 ὁμολογεῖται
1383 571 1491 595 τετε-

165 621 407 674 λευτηκέναι,
441 622 566 676 τούτῳ
601 624 644 662 δὲ
675 621 771 673 πρὸς
804 622 958 672 ἀνδρῶν
989 621 1100 671 ἡμεῖς
1131 622 1254 672 ἐσμεν
1278 620 1491 673 ἐγγυτάτω.

165 687 278 742 [πρὸς
301 692 342 731 δὲ
367 689 429 729 καὶ
455 691 498 729 ἐκ
522 692 717 741 γυναικῶν
741 690 779 730 οἱ
803 688 913 729 αὐτοὶ
939 686 1075 740 οὗτοι·]
1113 689 1133 727 ὁ
1157 689 1231 740 γὰρ
1253 689 1493 737 Μειδυλίδης
1516 704 1555 738 13

165 756 341 810 ἀδελφὸς
366 756 413 809 ἦν
438 759 507 797 τοῦ
523 755 750 810 Ἀρχιάδου,
770 759 839 796 τοῦ
859 758 901 796 δὲ
924 755 1166 796 Μειδυλίδου
1186 754 1357 807 θυγάτηρ
1376 755 1398 805 ἡ
1425 758 1492 795 τοῦ

106 841 146 864 10
165 825 260 876 ἐμοῦ
287 823 432 877 πατρὸς
463 823 603 876 μήτηρ,
633 824 739 864 ὥστε
768 824 947 875 γίγνεται
982 822 1208 875 Ἀρχιάδης,
1235 823 1331 874 ὑπὲρ
1357 822 1400 862 οὗ
1426 825 1493 861 τοῦ

166 890 311 944 κλήρου
332 891 405 942 τὴν
430 891 680 932 ἐπιδικασίαν
705 890 920 940 ποιούμεθα
944 890 1039 935 νυνί,
1068 891 1172 931 θεῖος
1191 889 1238 945 τῇ
1262 893 1331 929 τοῦ
1347 892 1493 940 πατρὸς

164 962 234 999 τοῦ
268 960 364 1010 ἐμοῦ
397 957 517 1010 μητρὶ»
547 959 591 999 ἐκ
626 957 935 1010 πατραδέλφων,
962 956 1059 1007 πρὸς
1096 957 1246 1008 ἀνδρῶν
1283 956 1387 1010 ἔχων
1420 956 1493 1006 τὴν

166 1025 402 1078 συγγένειαν
433 1025 577 1075 ταύτην
612 1025 673 1065 καὶ
703 1024 747 1065 οὐ
778 1024 876 1077 πρὸς
899 1027 1106 1077 γυναικῶν.
1178 1024 1436 1075 Λεώστρατος
1459 1022 1492 1063 δ’

165 1093 302 1134 οὑτοσὶ
332 1092 439 1146 γένει
467 1110 509 1133 τε
533 1091 722 1144 ἀπωτέρω
750 1093 862 1132 ἐστὶν
897 1091 958 1131 καὶ
989 1090 1086 1142 πρὸς
1121 1094 1316 1143 γυναικῶν
1353 1092 1493 1132 οἰκεῖος

106 1177 144 1209 15
165 1159 371 1216 Ἀρχιάδῃ·
407 1160 430 1211 ἡ
456 1161 532 1212 γὰρ
557 1156 649 1212 [τοῦ]
676 1157 929 1211 Λεωκράτους
948 1157 1074 1209 μήτηρ
1098 1161 1166 1197 τοῦ
1189 1157 1328 1197 τούτου
1348 1156 1494 1208 πατρὸς

165 1227 357 1279 ἀδελφιδῆ
384 1225 431 1278 ἣν
455 1227 508 1282 τῷ
528 1225 721 1282 Ἀρχιάδῃ
747 1227 881 1280 ἐκείνῳ
909 1225 972 1266 καὶ
996 1225 1048 1280 τῷ
1077 1225 1311 1281 Μειδυλίδῃ,
1336 1224 1406 1277 ἀφ’
1441 1226 1493 1265 ὧν

164 1293 276 1346 ἡμεῖς
299 1296 410 1337 ὄντες
435 1293 619 1344 ἀξιοῦμεν
643 1295 711 1343 τῆς
738 1294 1000 1345 κληρονομίας
1024 1295 1170 1345 τυχεῖν.

232 1364 400 1414 Πρῶτον
427 1363 499 1413 μὲν
529 1360 609 1410 οὖν,
638 1359 667 1400 ὦ
700 1360 837 1413 ἄνδρες
871 1359 1066 1405 δικασταί,
1093 1359 1137 1399 τὸ
1162 1358 1276 1411 γένος
1299 1358 1410 1410 ἡμῶν
1436 1360 1495 1399 ὅτι
1519 1374 1558 1407 14

165 1429 287 1471 οὕτως
330 1429 415 1482 ἔχει
458 1428 591 1480 ὥσπερ
636 1427 700 1468 καὶ
735 1426 921 1479 λέγομεν,
965 1426 1241 1479 ἀναγνώσεται
1288 1427 1380 1477 ὑμῖν
1426 1428 1496 1468 τὰς

107 1514 147 1536 20
165 1496 390 1548 μαρτυρίας,
414 1495 553 1538 ἔπειτα
574 1496 674 1546 μετὰ
697 1498 820 1534 ταῦτα
842 1494 911 1534 τὸν
937 1493 1058 1544 νόμον
1083 1492 1199 1534 αὐτὸν
1220 1489 1324 1545 (τὸν)
1348 1497 1428 1535 τοῖς
1454 1510 1495 1534 τε

165 1561 302 1615 γένεσι
340 1563 403 1604 καὶ
442 1566 524 1604 τοῖς
567 1560 768 1614 ἐγγυτάτω
805 1560 902 1613 πρὸς
938 1562 1091 1612 ἀνδρῶν
1126 1562 1196 1603 τὰς
1234 1562 1496 1612 κληρονομίας

166 1630 415 1671 ἀποδιδόντα·
465 1631 515 1669 τὰ
550 1628 624 1682 γὰρ
665 1627 864 1680 κεφάλαια
899 1632 967 1667 τοῦ
1003 1628 1170 1680 ἀγῶνος,
1204 1628 1267 1668 καὶ
1303 1628 1400 1679 ὑπὲρ
1441 1629 1494 1667 ὧν

165 1697 414 1748 ὀμωμοκότες
437 1698 570 1737 οἴσετε
593 1695 666 1747 τὴν
689 1698 846 1748 ψῆφον,
875 1695 1023 1748 σχεδόν
1046 1711 1085 1735 τι
1109 1693 1214 1734 ταῦτ’
1240 1695 1366 1736 ἔστιν.
1433 1694 1497 1734 καί
1514 1697 1654 1755 [1085]

164 1779 232 1815 μοι
272 1763 386 1806 κάλει
425 1764 515 1806 τούς
553 1779 596 1806 τε
630 1762 829 1816 μάρτυρας
871 1762 976 1815 δευρὶ
1018 1762 1080 1803 καὶ
1127 1761 1196 1802 τὸν
1237 1762 1358 1813 νόμον
1400 1762 1492 1804 ἁνα-

108 1849 145 1881 25
165 1832 376 1885 γίγνωσκε.

616 1910 833 1941 ΜΑΡΤΎΡΕΣ·
882 1910 1039 1940 ΝΟΜΟΣ.

231 1975 293 2016 Τὰ
329 1977 402 2027 μὲν
441 1975 574 2016 τοίνυν
614 1975 704 2027 περὶ
744 1975 789 2015 τὸ
830 1974 944 2027 γένος
985 1975 1031 2014 τό
1071 1993 1113 2016 τε
1159 1974 1307 2015 τούτων
1351 1972 1413 2013 καὶ
1451 1971 1496 2012 τὸ
1518 1988 1558 2025 15

167 2042 357 2095 ἡμέτερον
385 2043 507 2084 οὕτως
536 2042 632 2096 ἔχει,
668 2040 697 2082 ὦ
730 2041 866 2093 ἄνδρες
900 2044 1095 2089 δικασταί,
1130 2043 1234 2082 ὥστε
1259 2040 1349 2082 τοὺς
1373 2040 1496 2080 ἐπιδε-

216 2163 235 2182 2
254 2151 457 2194 ὡμολόγηται
472 2151 504 2181 Α
592 2162 612 2191 3
629 2152 834 2192 κληρονόμων
852 2151 875 2182 S
888 2151 913 2181 F
927 2150 957 2189 Q
973 2150 1003 2181 D
1019 2162 1025 2181 :
1043 2154 1258 2192 κληρονομιῶν
1273 2150 1304 2180 Α
1392 2161 1409 2188 4
1430 2148 1491 2190 μὴ]

168 2195 226 2236 μὲν
242 2196 266 2227 S
426 2206 443 2234 7
468 2200 547 2234 post
565 2195 736 2235 ἐγγυτάτω
755 2196 907 2225 lacunam
925 2196 1040 2226 statuit
1060 2195 1257 2232 Mtinscher,
1274 2193 1386 2224 verbis
1401 2193 1494 2234 (ἀλλ’

169 2238 256 2272 οὗτοι
272 2239 358 2280 ’γένει
374 2237 540 2281 ἀπωτέρω)
555 2239 721 2279 suppletis
738 2239 781 2269 ita
797 2244 834 2269 ut
848 2240 938 2271 αὐτοὶ
955 2238 1042 2270 οὗτοι
1063 2239 1104 2268 de
1125 2237 1331 2269 adversariis
1355 2247 1493 2275 usurpe-

170 2289 244 2313 tur:
269 2283 413 2314 debebat
429 2283 547 2314 saltem
566 2286 582 2314 ὁ
594 2282 686 2325 (μὲν)
701 2283 761 2324 γὰρ
778 2282 937 2313 scribere.
965 2282 1064 2313 malui
1083 2283 1157 2322 πρὸς
1174 2281 1206 2313 δὲ
1223 2306 1229 2313 .
1248 2304 1255 2310 .
1277 2305 1284 2312 .
1305 2282 1391 2312 αὐτοὶ
1408 2279 1494 2311 οὗτοι

170 2337 244 2357 cum
264 2327 421 2357 Dobraeo
437 2327 614 2358 secludere
749 2337 851 2356 11—12
876 2327 994 2366 πατρὸς
1011 2329 1068 2357 τοῦ
1082 2328 1157 2365 ἐμοῦ
1171 2326 1195 2356 S
1206 2325 1238 2355 A
1252 2336 1259 2354 :
1285 2327 1360 2363 ἐμοῦ
1377 2324 1493 2363 πατρὸς

171 2370 234 2409 FQ
246 2371 275 2400 D
362 2380 399 2400 12
418 2373 452 2402 ἐκ
466 2370 698 2411 πατραδέλφων
711 2370 847 2400 damnat
859 2369 1067 2400 Schwebsch
1151 2379 1189 2407 14
1206 2383 1241 2399 τε
1258 2377 1322 2398 om.
1341 2366 1371 2396 A
1457 2376 1494 2404 15

169 2417 227 2446 τοῦ
240 2414 318 2445 secl.
336 2414 436 2444 Blass
502 2417 558 2445 τοῦ
574 2414 688 2444 τούτου
705 2414 736 2444 Α
751 2425 757 2445 ;
782 2413 898 2446 τούτου
915 2416 971 2444 τοῦ
989 2413 1011 2442 S
1031 2412 1054 2441 F
1067 2412 1096 2450 Q
1112 2412 1141 2442 D
1229 2422 1270 2442 20
1295 2412 1375 2450 μετὰ
1392 2413 1495 2442 ταῦτα

170 2468 234 2489 om.
253 2457 287 2488 A
372 2456 462 2500 (τὸν)
476 2460 542 2490 τοῖς
560 2457 690 2489 Reiske
821 2466 860 2487 21
886 2469 1014 2497 ’γενεσει
1030 2455 1070 2487 5¹
