1763 2778
103 116 235 172 [1381]
656 116 1173 172 [AHMOEOENOTE]
1505 115 1582 171 [mx

258 219 300 262 ὃς
325 220 371 261 ἂν
395 221 446 271 μὴ
473 223 540 261 νῦν
565 219 726 272 γένηται
753 219 814 259 καὶ
847 222 1067 275 δοκιμασθῇ
1093 221 1134 260 ἐν
1159 223 1212 274 τῷ
1236 219 1488 274 δικαστηρίῳ,
1513 223 1583 259 τοῦ

255 287 308 339 μὴ
355 287 530 329 πολλοὺς
578 286 809 340 φάσκοῢτας
858 285 1086 328 Πλαταιέας
1133 286 1233 326 εἶναι
1279 286 1583 336 κατασκευάζειν

257 355 387 396 αὑτοῖς
423 354 639 394 πολιτείαν.
710 353 846 394 ἔπειτα
879 354 941 394 καὶ
970 357 1037 394 τὸν
1071 353 1191 404 νόμον
1224 354 1436 404 διωρίσατο
1462 354 1506 393 ἐν
1530 355 1583 408 τῷ

257 422 493 473 ψηφίσματι
517 420 613 472 πρὸς
637 420 777 462 αὐτοὺς
802 420 944 462 εὐθέως
969 421 1065 471 ὑπὲρ
1087 436 1130 461 τε
1155 422 1224 470 τῆς
1248 421 1402 462 πόλεως
1428 420 1489 460 καὶ
1507 423 1584 460 τῶν

259 490 370 533 θεῶν,
409 484 501 539 [καὶ]
535 487 586 538 μὴ
624 486 770 537 ἐξεῖναι
801 487 930 527 αὐτῶν
962 486 1100 537 μηδενὶ
1131 491 1209 527 τῶν
1238 487 1352 528 ἐννέα
1383 487 1584 540 ἀρχόντων
1605 499 1622 531 5

257 557 400 607 λαχεῖν
440 556 538 605 μηδὲ
577 554 792 606 ἱερωσύνης
831 556 1032 604 μηδεμιᾶς,
1071 557 1151 594 τοῖς
1192 552 1228 594 δ’
1262 555 1306 595 ἐκ
1343 554 1502 600 τούτων,
1536 552 1585 594 ἂν

259 619 360 662 ὦσιν
386 620 432 672 ἐξ
453 622 578 672 ἀστῆς
603 620 785 673 γυναικὸς
813 621 873 660 καὶ
902 622 1094 673 ἐγγυητῆς
1121 622 1218 661 κατὰ
1242 619 1311 661 τὸν
1337 621 1470 672 νόμον.

174 699 238 735 107
324 688 479 729 Οὔκουν
504 688 656 735 δεινόν,·
695 687 791 740 πρὸς
817 690 890 738 μὲν
914 687 1006 729 τοὺς
1029 688 1313 740 ἀστυγείτονας
1346 689 1409 728 καὶ
1441 688 1582 739 ὁμολο-

258 754 459 808 γουμένως
488 756 673 808 ἀρίστους
707 758 784 795 τῶν
814 753 1028 805 Ἑλλήνων
1065 756 1120 796 εἰς
1156 754 1228 805 τὴν
1263 755 1384 795 πόλιν
1420 772 1579 807 γεγενη-

258 821 399 873 μένους
424 823 524 862 οὕτω
551 825 680 863 καλῶς
707 822 770 862 καὶ
796 822 971 873 ἀκριβῶς
1001 823 1247 873 διωρίσασθε
1279 823 1367 874 περὶ
1401 821 1582 868 ἑκάστου,
1609 840 1646 861 ιο

260 888 325 941 ἐφ’
349 889 407 930 οἷς
433 892 493 929 δεῖ
515 888 624 943 ἔχειν
649 889 719 939 τὴν
745 888 908 941 δωρεάν,
931 888 1003 939 τὴν
1037 891 1078 929 δὲ
1113 893 1339 941 περιφανῶς
1372 890 1413 929 ἐν
1449 888 1585 945 ἁπάσῃ

258 962 306 1013 τῇ
334 955 502 996 Ἑλλάδι
539 955 861 1008 πεπορνευμένην
898 957 1021 998 οὕτως
1064 957 1243 1009 αἰσχρῶς
1279 956 1341 996 καὶ
1383 956 1586 1009 ὀλιγώρως

99 1017 236 1073 [1382]
259 1023 399 1064 ἐάσετε
424 1024 669 1075 ὑβρίζουσαν
701 1024 756 1065 εἰς
789 1023 860 1073 τὴν
895 1023 1014 1063 πόλιν
1047 1023 1110 1063 καὶ
1139 1024 1376 1074 ἀσεβοῦσαν
1406 1024 1460 1065 εἰς
1497 1022 1586 1065 τοὺς

260 1090 372 1132 θεοὺς
408 1091 667 1142 ἀτιμώρητον,
706 1089 755 1140 ἢν
791 1090 881 1131 οὔτε
919 1092 955 1131 οἱ
990 1090 1181 1142 πρόγονοι
1211 1090 1338 1141 ἀστὴν
1372 1090 1586 1131 κατέλιπον

174 1165 240 1202 108
261 1156 342 1198 οὔθ’
368 1157 388 1196 ὁ
413 1159 534 1208 δῆμος
560 1161 718 1199 πολῖτιν
744 1156 989 1208 ἐποιήσατο,·
1017 1161 1092 1198 ποῦ
1117 1159 1192 1210 γὰρ
1222 1158 1316 1208 αὕτη
1351 1157 1420 1197 οὐκ
1454 1159 1584 1210 εἵργα-
1611 1175 1646 1206 15

263 1241 354 1265 σται
379 1228 431 1279 τῷ
459 1225 625 1276 σώματι,
651 1221 676 1275 ἢ
702 1228 773 1266 ποῖ
804 1224 872 1264 οὐκ
904 1223 1099 1275 ἐλήλυθεν
1133 1225 1198 1265 ἐπὶ
1231 1228 1285 1280 τῷ
1322 1223 1407 1264 καθ’
1437 1223 1587 1277 ἡμέραν

260 1294 413 1346 μισθῷ,·
453 1291 522 1331 οὐκ
559 1293 602 1332 ἐν
638 1291 942 1346 Πελοποννήσῳ
975 1294 1048 1342 μὲν
1083 1290 1208 1348 πάσῃ,
1236 1293 1278 1332 ἐν
1310 1292 1514 1346 Θετταλίᾳ
1546 1293 1587 1332 δὲ

263 1359 325 1399 καὶ
352 1359 571 1413 Μαγνησίᾳ
593 1361 693 1410 μετὰ
712 1360 836 1409 Σίμου
859 1362 928 1399 τοῦ
955 1360 1176 1410 Λαρισαίου
1201 1359 1263 1399 καὶ
1284 1358 1587 1411 Εὐρυδάμαντος

261 1429 331 1466 τοῦ
368 1427 555 1476 Μηδείου,
584 1427 625 1466 ἐν
663 1426 746 1480 Χίῳ
785 1428 826 1466 δὲ
865 1427 927 1466 καὶ
965 1427 1007 1466 ἐν
1033 1425 1163 1480 Ἰωνίᾳ
1199 1431 1246 1482 τῇ
1284 1426 1454 1482 πλείστῃ
1489 1426 1588 1477 μετὰ

264 1492 446 1533 Σωτάδου
481 1496 549 1533 τοῦ
588 1492 740 1545 Κρητὸς
783 1493 1074 1539 ἀκολουθοῦσα,
1115 1495 1366 1544 μισθωθεῖσα
1407 1491 1483 1534 ὑπὸ
1519 1494 1589 1543 τῆς
1611 1511 1649 1533 20

263 1559 497 1612 Νικαρέτης,
525 1560 590 1600 ὅτε
615 1560 674 1600 ἔτι
708 1561 858 1610 ἐκείνης
892 1559 965 1611 ἦν,·
1001 1559 1074 1610 τὴν
1107 1559 1153 1610 δὴ
1183 1559 1254 1613 ὑφ’
1287 1560 1434 1611 ἑτέροις
1461 1559 1589 1600 οὖσαν

264 1627 327 1666 καὶ
364 1627 666 1668 ἀκολουθοῦσαν
707 1628 761 1683 τῷ
800 1627 948 1668 διδόντι
983 1627 1023 1667 τί
1057 1629 1190 1668 οἴεσθε
1226 1631 1379 1674 ποιεῖν;
1419 1626 1477 1679 ἀρ’
1515 1626 1589 1680 οὐχ

262 1694 468 1746 ὑπηρετεῖν
510 1698 590 1736 τοῖς
631 1693 851 1747 χρωμένοις
892 1695 947 1736 εἷς
987 1694 1147 1737 ἁπάσας
1187 1693 1354 1745 ἡδονάς;
1395 1694 1479 1734 εἶτα
1517 1692 1589 1744 τὴν

264 1760 447 1811 τοιαύτην
475 1761 536 1801 καὶ
560 1765 788 1814 περιφανῶς
814 1760 1073 1813 ἐγνωσμένην
1106 1761 1181 1802 ὑπὸ
1206 1760 1366 1802 πάντων
1389 1763 1462 1814 γῆς
1487 1761 1589 1812 περί-

179 1838 246 1875 109
266 1830 357 1868 οδον
393 1827 659 1880 εἰργασμένην
699 1831 924 1880 ψηφιεῖσθε
968 1828 1097 1879 ἀστὴν
1133 1828 1257 1876 (tvae,-
1296 1829 1358 1869 καὶ
1395 1828 1435 1868 τί
1465 1827 1590 1868 καλὸν
1612 1846 1651 1877 ²5

266 1892 418 1946 φήσετε
443 1894 540 1945 πρὸς
565 1895 655 1937 τοὺς
682 1897 910 1946 ἐρωτῶντας
936 1898 1242 1949 διαπεπρᾶχθαι,
1261 1892 1285 1946 ἢ
1304 1896 1399 1950 ποίᾳ
1418 1895 1589 1951 αἰσχύνῃ

267 1961 328 2001 καὶ
353 1962 526 2016 ἀσεβείᾳ
550 1962 618 2002 οὐκ
644 1963 779 2017 ἔνοχοι
804 1962 914 2003 αὐτοὶ
941 1963 1065 2010 εἶναις
1094 1963 1185 2014 πρὶν
1204 1965 1278 2014 μὲν
1294 1964 1372 2015 γὰρ
1389 1963 1590 2014 γραφῆναι

265 2027 408 2078 ταύτην
433 2030 496 2070 καὶ
522 2030 577 2072 εἰς
601 2030 737 2082 ἀγῶνα
763 2033 1006 2081 καταστῆναι
1035 2031 1097 2071 καὶ
1118 2029 1314 2071 πυθέσθαι
1338 2028 1488 2070 πάντας
1506 2028 1591 2079 ἥτις

309 2146 328 2176 5
353 2138 403 2169 καὶ
421 2137 485 2169 del.
506 2137 645 2178 Sauppe
756 2141 776 2170 8
800 2140 1074 2181 ὁμολογουμένους
1090 2139 1116 2170 F
1131 2139 1174 2178 Q,
1192 2140 1234 2172 cf.
1248 2139 1327 2170 xxvi
1345 2149 1398 2177 22,
1417 2138 1496 2178 Lys.
1515 2137 1546 2168 iv
1559 2147 1587 2177 7,

267 2179 352 2211 Isae.
369 2181 400 2211 vi
418 2192 461 2221 49
571 2193 592 2221 9
615 2185 679 2214 τῶν
696 2193 761 2214 om.
782 2182 815 2222 S,
836 2183 877 2214 cs.
895 2184 950 2214 ad.
970 2186 986 2222 ξ
1004 2185 1045 2223 83
1175 2193 1213 2214 10
1237 2186 1422 2224 διωρίσασθε
1442 2181 1590 2213 Reiske:

266 2226 467 2265 διωρισασθαι
483 2225 526 2256 S:
543 2227 739 2267 διορίσασθαι
752 2228 841 2266 vulg.
910 2236 943 2258 11
964 2230 1141 2269 περιφανῶς
1159 2229 1209 2259 καὶ
1226 2228 1364 2268 ἀκριβῶς
1380 2225 1406 2256 F
1421 2225 1460 2265 Q,
1480 2235 1547 2256 non
1561 2224 1591 2254 D

270 2277 307 2305 13
326 2267 441 2300 ἐᾶσᾶτε
459 2267 484 2299 S
502 2269 533 2308 (ε
549 2279 569 2299 a
587 2279 635 2308 pr.
656 2270 714 2309 m.)
767 2280 804 2309 14
821 2271 1020 2310 ἀτιμώρητον
1037 2271 1115 2303 εἶναι
1135 2270 1160 2301 F
1173 2270 1214 2309 Q,
1231 2280 1297 2301 non
1313 2270 1343 2300 D
1392 2279 1429 2308 15
1454 2270 1590 2306 πολίτην

267 2310 291 2341 S
309 2309 346 2341 F1
499 2314 539 2342 16
560 2316 617 2344 ποῖ
632 2313 756 2343 Reiske
771 2324 779 2344 ι
803 2316 862 2345 ποῦ
880 2315 976 2344 codd.
1138 2324 1176 2354 19
1201 2315 1339 2352 Μηδείου
1357 2313 1477 2344 Scorr.
1497 2311 1526 2351 Q
1541 2311 1589 2343 Y:

267 2355 388 2393 Μηδίου
406 2354 464 2387 5¹:
492 2358 620 2388 Μειδίου
636 2356 661 2386 F
677 2356 706 2385 D
801 2361 878 2395 post
896 2358 1034 2395 Μηδείου
1057 2358 1134 2388 add.
1162 2360 1226 2390 υἱοΐ
1250 2357 1318 2396 FQ
1332 2357 1362 2386 D
1449 2356 1591 2387 alterum

268 2400 302 2430 ἐν
317 2408 382 2430 om.
400 2409 417 2429 ι·
505 2409 542 2429 21
570 2399 624 2439 δὴ]
644 2399 677 2430 δὲ
696 2399 722 2429 F
738 2410 823 2430 corr.
844 2399 970 2438 Qcorr.
1069 2411 1110 2439 24
1134 2407 1211 2440 post
1229 2400 1355 2433 πάντων
1371 2400 1448 2432 sort.
1467 2400 1591 2430 omissa

267 2442 328 2474 ἀπὸ
343 2445 437 2484 τριῶν
452 2443 672 2484 τρυπημσίτων,
692 2442 733 2474 cs.
753 2443 914 2482 Hermog.
933 2455 964 2483 p.
984 2453 1046 2484 325
1065 2444 1194 2485 (Rabe)
