1763 2778
127 125 269 180 U379]

205 775 267 803 101

205 1309 270 1334 102

128 1703 270 1759 [1380]

205 1784 269 1819 103

690 122 1208 178 [AHMOEOENOTQ
1543 121 1618 177 μα

292 228 407 267 πόλει
437 228 499 268 καὶ
532 226 713 280 ἔγνωσαν
746 229 806 268 ὅτι
831 227 875 268 οὐ
900 228 1044 270 πάντες
1068 225 1265 280 πάρεισιν,
1293 228 1527 269 ἐπιτίθενται
1556 227 1617 268 καὶ

291 295 345 335 εἰς
379 292 513 348 μάχην
549 295 733 336 ἐλθόντες
770 298 954 347 κρατοῦσι
991 295 1053 335 καὶ
1088 292 1311 347 φθάνουσιν
1346 294 1618 336 ἀπολέσαντες

290 361 428 403 αὐτοὺς
460 361 553 413 πρὶν
582 362 672 404 τοὺς
702 361 850 404 ἄλλους
882 364 1205 414 προσβοηθῆσαι,
1233 362 1295 402 καὶ
1321 361 1371 404 ὡς
1394 362 1493 413 ὑμᾶς
1518 360 1615 413 πέμ-

290 445 433 468 πουσιν
475 428 586 470 εὐθὺς
622 428 801 482 ἄγγελον
835 429 906 479 τὴν
944 446 987 470 τε
1025 428 1166 481 πρᾶξιν
1203 426 1410 481 φράσοντα
1450 428 1513 469 καὶ
1547 427 1618 479 τὴν

289 492 421 547 μάχην
457 496 691 546 δηλώσοντα
724 497 785 537 ὅτι
814 500 965 543 νικῶσι,
995 496 1055 536 καὶ
1079 498 1246 547 βοηθεῖν
1268 495 1482 546 ἀξιοῦντες,
1509 495 1556 536 ἂν
1581 497 1617 536 οἱ
1638 508 1656 541 5

291 564 472 612 Θηβαῖοι
510 562 584 612 τὴν
627 563 763 617 χώραν
803 564 930 603 αὐτῶν
976 566 1136 619 δῃῶσιν.
1208 563 1447 605 ἀκούσαντες
1493 565 1534 603 δὲ
1582 563 1618 603 οἱ

290 627 494 679 Ἀθηναῖοι
521 631 569 670 τὰ
602 630 795 682 γεγονότα
824 632 888 670 διὰ
918 628 1066 684 τάχους
1091 629 1289 681 ἐβοήθουν
1322 631 1377 671 εἷς
1407 631 1477 671 τὰς
1502 632 1615 670 Πλα-

289 694 413 737 ταιάς·
452 696 515 737 καὶ
537 698 575 737 οἱ
602 699 780 748 Θηβαῖοι
806 697 856 739 ὡς
882 697 1012 749 ἑώρων
1034 695 1124 738 τοὺς
1149 696 1381 747 Ἀθηναίους
1413 699 1617 748 βεβοηθη·

291 763 407 805 κότας
443 767 524 806 τοῖς
561 767 846 811 Πλαταιεῦσιν,
880 764 1140 817 ἀνεχώρησαν
1176 763 1237 804 ἐπ’
1273 765 1393 804 οἴκου.
1466 764 1516 806 ὡς
1552 763 1620 804 οὖν

290 830 490 883 ἀπέτυχον
529 832 567 872 οἱ
604 834 784 883 Θηβαῖοι
820 834 890 882 τῆς
927 833 1064 883 πείρας
1101 831 1163 871 καὶ
1204 832 1241 871 οἱ
1279 834 1495 873 Πλαταιεῖς
1531 830 1620 872 τοὺς
1644 843 1681 864 10

289 897 433 949 ἄνδρας
457 897 525 939 οὓς
554 899 707 949 ἔλαβον
738 898 865 939 αὐτῶν
894 900 938 939 ἐν
961 904 1009 955 τῇ
1041 896 1150 954 μάχῃ
1183 899 1340 948 ζῶντας,
1369 898 1616 945 ἀπέκτειναν,

290 963 541 1017 ὀργισθέντες
566 967 602 1006 οἱ
629 966 932 1016 Λακεδαιμόνιοι
953 966 1272 1018 ἀπροφασίστως
1291 965 1361 1016 ἤδη
1383 965 1616 1016 στρατεύου-

291 1049 356 1072 σιν
398 1032 463 1073 ἐπὶ
497 1034 566 1074 τὰς
603 1031 822 1078 Πλαταιάς,
863 1034 1209 1084 Πελοποννησίοις
1244 1034 1316 1083 μὲν
1353 1031 1479 1073 ἅπασι
1513 1031 1620 1082 πλὴν

288 1097 482 1151 Ἀργείων
513 1100 560 1139 τὰ
592 1099 659 1139 δύο
684 1098 781 1151 μέρη
809 1101 879 1150 τῆς
907 1102 1097 1151 στρατιᾶς
1124 1099 1202 1140 ἀπὸ
1238 1103 1317 1140 τῶν
1346 1100 1503 1140 πόλεων
1529 1098 1618 1139 ἑκά-

290 1183 397 1207 στων
422 1164 592 1217 πέμπειν
629 1165 898 1217 ἐπιτάξαντες,
929 1169 1121 1208 Βοιωτοῖς
1154 1168 1196 1206 δὲ
1223 1170 1303 1208 τοῖς
1329 1166 1469 1208 ἄλλοις
1493 1165 1621 1206 ἅπασι
1643 1179 1679 1210 15

290 1233 351 1273 καὶ
386 1235 552 1286 Λοκροῖς
590 1232 654 1274 καὶ
688 1236 875 1274 Φωκεῦσι
909 1234 972 1274 καὶ
1010 1237 1214 1274 Μαλιεῦσι
1249 1234 1312 1274 καὶ
1345 1234 1521 1275 Οἰταίοις
1557 1234 1620 1274 καὶ

290 1302 475 1341 Αἰνιᾶσιν
516 1301 711 1352 πανδημεὶ
750 1301 1061 1353 ἐπαγγείλαντες
1097 1301 1340 1353 στρατεύειν.
1412 1300 1474 1341 καὶ
1510 1300 1618 1353 περι-

291 1368 543 1418 καθεζόμενοι
574 1368 705 1409 αὐτῶν
729 1367 774 1408 τὸ
803 1372 936 1421 τεῖχος
961 1373 1095 1425 πολλῇ
1118 1368 1281 1419 δυνάμει
1304 1367 1617 1420 ἐπηγγέλλοντο,

290 1436 324 1475 εἶ
362 1435 577 1485 βούλοιντο
618 1435 688 1486 τὴν
729 1437 802 1486 μὲν
843 1436 966 1476 πόλιν
1004 1437 1134 1476 αὑτοῖς
1175 1438 1428 1488 παραδοῦναι,
1470 1434 1543 1484 τὴν
1577 1437 1619 1475 δὲ

289 1501 425 1555 χώραν
447 1501 558 1555 ἔχειν
582 1503 645 1543 καὶ
670 1505 915 1554 καρποῦσθαι
939 1504 988 1543 τὰ
1011 1504 1152 1548 αὑτῶν,
1179 1503 1432 1555 ἀφίστασθαι
1456 1498 1526 1554 [δὲ]
1549 1504 1619 1552 τῆς
1642 1515 1682 1537 20

290 1568 509 1619 Ἀθηναίων
529 1571 771 1623 συμμαχίας.
818 1570 888 1611 οὐκ
908 1569 1187 1620 ἐθελησάντων
1205 1571 1247 1610 δὲ
1269 1573 1351 1610 τῶν
1368 1568 1617 1615 Πλαταιέων,

289 1635 381 1676 ἀλλ’
406 1636 731 1689 ἀποκριναμένων
753 1638 816 1679 ὅτι
838 1637 934 1678 ἄνευ
957 1637 1180 1688 Ἀθηναίων
1202 1636 1317 1678 οὐδὲν
1341 1636 1391 1678 ἂν
1412 1635 1616 1689 πράξειαν,

290 1704 547 1756 ἐπολιόρκουν
576 1704 716 1746 αὐτοὺς
749 1707 874 1759 διπλῷ
905 1705 1031 1757 τείχει
1060 1705 1402 1758 περιτειχίσαντες
1430 1703 1499 1744 δύο
1536 1705 1616 1754 ἔτη,

289 1772 445 1812 πολλὰς
491 1770 558 1811 καὶ
602 1774 856 1814 παντοδαπὰς
903 1772 1040 1823 πείρας
1089 1771 1370 1823 προσάγοντες.
1446 1772 1531 1811 ἐπεὶ
1585 1770 1618 1811 δ’

289 1836 555 1889 ἀπειρήκεσαν
592 1840 628 1878 οἱ
665 1842 881 1880 Πλαταιεῖς
919 1839 981 1879 καὶ
1019 1840 1162 1880 ἐνδεεῖς
1200 1837 1302 1888 ἦσαν
1339 1837 1523 1878 ἁπάντων
1556 1838 1618 1878 καὶ
1640 1851 1677 1881 ²5

288 1903 508 1956 ἠποροῦντο
525 1907 594 1955 τῆς
621 1907 828 1957 σωτηρίας,
847 1905 1215 1957 διακληρωσάμενοι
1232 1908 1328 1957 πρὸς
1347 1907 1457 1957 σφᾶς
1480 1904 1617 1945 αὐτοὺς

289 1973 325 2011 οἱ
348 1973 421 2022 μὲν
445 1972 723 2023 ὑπομείναντες
750 1974 1064 2025 ἐπολιορκοῦντο,
1091 1973 1128 2012 οἱ
1161 1974 1202 2012 δὲ
1231 1970 1476 2023 τηρήσαντες
1496 1971 1617 2013 νύκτα

291 2039 353 2078 καὶ
383 2039 485 2090 ὕδωρ
519 2040 580 2079 καὶ
613 2039 758 2090 ἄνεμον
785 2039 924 2085 πολύν,
952 2038 1182 2089 ἐξελθόντες
1215 2040 1256 2079 ἐκ
1280 2041 1349 2089 τῆς
1375 2040 1529 2081 πόλεως
1555 2039 1616 2079 καὶ

289 2105 536 2157 ὑπερβάντες
570 2106 613 2146 τὸ
651 2107 928 2160 περιτείχισμα
969 2110 1046 2147 τῶν
1088 2108 1287 2156 πολεμίων
1322 2106 1510 2148 λαθόντες
1545 2105 1615 2156 τὴν

291 2172 493 2225 στρατιάν,
523 2173 834 2226 ἀποσφάξαντες
865 2173 955 2215 τοὺς
986 2174 1168 2226 φύλακας
1204 2171 1462 2227 διασῴζονται
1488 2175 1612 2224 δεῦρο,
1636 2185 1676 2215 30

289 2242 424 2282 δεινῶς
460 2242 698 2291 διακείμενοι
737 2240 797 2280 καὶ
835 2240 1151 2293 ἀπροσδοκήτως·
1189 2240 1227 2281 οἱ
1259 2239 1293 2280 δ’
1335 2240 1615 2290 ὑπομείναντες

335 2342 355 2362 2
379 2336 569 2374 φθαννουσιν
587 2333 610 2364 S
693 2333 915 2366 ἀπελάσαντες
934 2333 1046 2373 Hude‚
1065 2333 1106 2365 cf.
1124 2333 1230 2363 Thuc.
1250 2332 1270 2362 ii
1287 2333 1351 2371 5-6
1485 2333 1524 2362 16
1549 2338 1614 2364 Μα-

289 2377 393 2408 λιεῦσι
411 2376 434 2406 S
448 2376 472 2406 F
485 2377 526 2408 al.
545 2387 553 2407 t
578 2379 727 2408 Μιλιεῦσι
744 2376 774 2406 Y
927 2386 971 2407 20
994 2376 1028 2408 δὲ
1048 2377 1168 2407 abesse
1191 2375 1312 2408 malim.
1339 2375 1379 2406 cf.
1407 2374 1489 2406 Hdt.
1504 2375 1538 2406 iv
1552 2386 1617 2406 200

288 2430 325 2450 21
354 2420 388 2451 δὲ
412 2419 535 2450 Fcorr.
563 2420 615 2451 D:
639 2431 703 2452 om.
729 2425 807 2451 cett.
964 2430 1006 2458 23
1031 2420 1084 2451 δύο
1110 2420 1266 2451 Palmer:
1290 2419 1366 2451 δέκα
1388 2419 1500 2458 codd.y
1526 2419 1614 2458 quod

289 2463 443 2494 defendit
460 2463 630 2502 Lortzing.
766 2474 809 2503 29
830 2465 986 2504 τείχισμα
1002 2473 1019 2494 r
