<?xml version="1.0" encoding="UTF-8"?>
<!DOCTYPE html PUBLIC "-//W3C//DTD XHTML 1.0 Transitional//EN"
    "http://www.w3.org/TR/xhtml1/DTD/xhtml1-transitional.dtd">
<html xmlns="http://www.w3.org/1999/xhtml" xml:lang="en" lang="en">
 <head>
  <title>
</title>
<meta http-equiv="Content-Type" content="text/html;charset=utf-8" />
  <meta name='ocr-system' content='tesseract 3.04.00' />
  <meta name='ocr-capabilities' content='ocr_page ocr_carea ocr_par ocr_line ocrx_word'/>
</head>
<body>
  <div class='ocr_page' id='page_1' title='image "./orationesrecog03demouoft_0125.png"; bbox 0 0 1763 2778; ppageno 0'>
   <div class='ocr_carea' id='block_1_1' title="bbox 117 504 1483 565">
    <p class='ocr_par' dir='ltr' id='par_1_1' title="bbox 117 504 1483 565">
     <span class='ocr_line' id='line_1_1' title="bbox 117 504 1483 565; baseline -0.006 -13"><span class='ocrx_word' id='word_1_1' title='bbox 117 531 134 562; x_wconf 86' lang='lat'>5</span> <span class='ocrx_word' id='word_1_2' title='bbox 153 528 282 564; x_wconf 88' lang='grc' dir='ltr'>ρησαν</span> <span class='ocrx_word' id='word_1_3' title='bbox 313 512 356 551; x_wconf 88' lang='grc' dir='ltr'>ἐν</span> <span class='ocrx_word' id='word_1_4' title='bbox 388 511 441 565; x_wconf 69' lang='grc' dir='ltr'>τῷ</span> <span class='ocrx_word' id='word_1_5' title='bbox 475 510 727 563; x_wconf 97' lang='grc' dir='ltr'>δικαστηρίῳ,</span> <span class='ocrx_word' id='word_1_6' title='bbox 760 507 823 548; x_wconf 87' lang='grc' dir='ltr'>καὶ</span> <span class='ocrx_word' id='word_1_7' title='bbox 855 511 924 549; x_wconf 81' lang='grc' dir='ltr'>νῦν</span> <span class='ocrx_word' id='word_1_8' title='bbox 955 509 998 548; x_wconf 78' lang='grc' dir='ltr'>δὲ</span> <span class='ocrx_word' id='word_1_9' title='bbox 1027 504 1359 558; x_wconf 72' lang='grc' dir='ltr'>μαρτυρήσουσιν.</span> <span class='ocrx_word' id='word_1_10' title='bbox 1420 521 1483 544; x_wconf 90' lang='grc' dir='ltr'>και</span> 
     </span>
    </p>
   </div>
   <div class='ocr_carea' id='block_1_2' title="bbox 151 120 1634 184">
    <p class='ocr_par' dir='ltr' id='par_1_2' title="bbox 151 120 1634 184">
     <span class='ocr_line' id='line_1_2' title="bbox 151 120 1634 184; baseline -0.005 -16"><span class='ocrx_word' id='word_1_11' title='bbox 151 128 267 184; x_wconf 69' lang='lat' dir='ltr'><strong>xum]</strong></span> <span class='ocrx_word' id='word_1_12' title='bbox 336 133 498 171; x_wconf 81' lang='grc' dir='ltr'>ΚΑΤΑ</span> <span class='ocrx_word' id='word_1_13' title='bbox 547 131 750 170; x_wconf 71' lang='grc' dir='ltr'><strong>ΕΤΕΡΓ.</strong></span> <span class='ocrx_word' id='word_1_14' title='bbox 802 130 903 168; x_wconf 80' lang='grc' dir='ltr'>ΚΑΙ</span> <span class='ocrx_word' id='word_1_15' title='bbox 954 129 1217 167; x_wconf 74' lang='grc' dir='ltr'><strong>ΜΝΗΣΙΒ.</strong></span> <span class='ocrx_word' id='word_1_16' title='bbox 1265 128 1443 165; x_wconf 46' lang='lat' dir='ltr'>quma.</span> <span class='ocrx_word' id='word_1_17' title='bbox 1501 120 1634 175; x_wconf 86' lang='lat'><em>[1140]</em></span> 
     </span>
    </p>
   </div>
   <div class='ocr_carea' id='block_1_3' title="bbox 153 234 1524 832">
    <p class='ocr_par' dir='ltr' id='par_1_3' title="bbox 153 234 1524 832">
     <span class='ocr_line' id='line_1_3' title="bbox 153 234 1481 293; baseline -0.007 -10"><span class='ocrx_word' id='word_1_18' title='bbox 153 242 220 283; x_wconf 81' lang='grc' dir='ltr'>οὐκ</span> <span class='ocrx_word' id='word_1_19' title='bbox 238 240 481 293; x_wconf 81' lang='grc' dir='ltr'>ἠθελήκασιν</span> <span class='ocrx_word' id='word_1_20' title='bbox 499 243 740 292; x_wconf 81' lang='grc' dir='ltr'>παραδοῦναι</span> <span class='ocrx_word' id='word_1_21' title='bbox 755 238 825 289; x_wconf 76' lang='grc' dir='ltr'>τὴν</span> <span class='ocrx_word' id='word_1_22' title='bbox 841 238 1059 291; x_wconf 84' lang='grc' dir='ltr'>ἄνθρωπον,</span> <span class='ocrx_word' id='word_1_23' title='bbox 1075 236 1124 288; x_wconf 84' lang='grc' dir='ltr'>ἢν</span> <span class='ocrx_word' id='word_1_24' title='bbox 1139 234 1481 289; x_wconf 81' lang='grc' dir='ltr'>μεμαρτυρήκασιν</span> 
     </span>
     <span class='ocr_line' id='line_1_4' title="bbox 154 305 1481 363; baseline -0.007 -12"><span class='ocrx_word' id='word_1_25' title='bbox 154 308 482 363; x_wconf 84' lang='grc' dir='ltr'>προκαλέσασθαι</span> <span class='ocrx_word' id='word_1_26' title='bbox 523 307 620 360; x_wconf 86' lang='grc' dir='ltr'>πρὸς</span> <span class='ocrx_word' id='word_1_27' title='bbox 660 310 713 361; x_wconf 79' lang='grc' dir='ltr'>τῷ</span> <span class='ocrx_word' id='word_1_28' title='bbox 761 306 936 362; x_wconf 57' lang='grc' dir='ltr'>διαιτητῖ</span> <span class='ocrx_word' id='word_1_29' title='bbox 976 305 1201 363; x_wconf 84' lang='grc' dir='ltr'>Πυθοδώρῳ</span> <span class='ocrx_word' id='word_1_30' title='bbox 1252 305 1294 344; x_wconf 87' lang='grc' dir='ltr'>ἐκ</span> <span class='ocrx_word' id='word_1_31' title='bbox 1342 305 1481 353; x_wconf 81' lang='grc' dir='ltr'>Κηδῶν</span> 
     </span>
     <span class='ocr_line' id='line_1_5' title="bbox 153 370 1483 430; baseline -0.007 -12"><span class='ocrx_word' id='word_1_32' title='bbox 153 377 409 430; x_wconf 86' lang='grc' dir='ltr'>παραδιδόναι</span> <span class='ocrx_word' id='word_1_33' title='bbox 430 376 586 427; x_wconf 82' lang='grc' dir='ltr'>ἕτοιμον</span> <span class='ocrx_word' id='word_1_34' title='bbox 607 374 706 415; x_wconf 73' lang='grc' dir='ltr'>εἶναι</span> <span class='ocrx_word' id='word_1_35' title='bbox 726 374 958 426; x_wconf 85' lang='grc' dir='ltr'>Θεόφημον,</span> <span class='ocrx_word' id='word_1_36' title='bbox 977 370 1112 423; x_wconf 79' lang='grc' dir='ltr'>ἠξίουν</span> <span class='ocrx_word' id='word_1_37' title='bbox 1132 371 1164 411; x_wconf 91' lang='grc' dir='ltr'>δ’</span> <span class='ocrx_word' id='word_1_38' title='bbox 1181 371 1259 423; x_wconf 83' lang='grc' dir='ltr'>ἐγὼ</span> <span class='ocrx_word' id='word_1_39' title='bbox 1278 375 1483 423; x_wconf 88' lang='grc' dir='ltr'>παραλαμ-</span> 
     </span>
     <span class='ocr_line' id='line_1_6' title="bbox 153 436 1480 496; baseline -0.007 -11"><span class='ocrx_word' id='word_1_40' title='bbox 153 444 307 496; x_wconf 86' lang='grc' dir='ltr'>βάνειν,</span> <span class='ocrx_word' id='word_1_41' title='bbox 335 443 386 486; x_wconf 84' lang='grc' dir='ltr'>ὡς</span> <span class='ocrx_word' id='word_1_42' title='bbox 409 444 445 483; x_wconf 82' lang='grc' dir='ltr'>οἱ</span> <span class='ocrx_word' id='word_1_43' title='bbox 469 441 659 495; x_wconf 85' lang='grc' dir='ltr'>μάρτυρες</span> <span class='ocrx_word' id='word_1_44' title='bbox 683 442 773 492; x_wconf 79' lang='grc' dir='ltr'>ὑμῖν</span> <span class='ocrx_word' id='word_1_45' title='bbox 799 442 835 481; x_wconf 81' lang='grc' dir='ltr'>οἱ</span> <span class='ocrx_word' id='word_1_46' title='bbox 859 441 949 480; x_wconf 89' lang='grc' dir='ltr'>τότε</span> <span class='ocrx_word' id='word_1_47' title='bbox 979 439 1293 492; x_wconf 87' lang='grc' dir='ltr'>παραγενόμενοι</span> <span class='ocrx_word' id='word_1_48' title='bbox 1316 436 1480 489; x_wconf 84' lang='grc' dir='ltr'>ἐμαρτύ-</span> 
     </span>
     <span class='ocr_line' id='line_1_7' title="bbox 1471 503 1481 518; baseline 0 0"><span class='ocrx_word' id='word_1_49' title='bbox 1471 503 1481 518; x_wconf 58' lang='grc' dir='ltr'><strong>Χ</strong></span> 
     </span>
     <span class='ocr_line' id='line_1_8' title="bbox 156 571 1480 631; baseline -0.007 -12"><span class='ocrx_word' id='word_1_50' title='bbox 156 579 374 631; x_wconf 79' lang='grc' dir='ltr'>Θεόφημος</span> <span class='ocrx_word' id='word_1_51' title='bbox 392 577 524 619; x_wconf 83' lang='grc' dir='ltr'>αὐτοῖς</span> <span class='ocrx_word' id='word_1_52' title='bbox 543 576 594 618; x_wconf 82' lang='grc' dir='ltr'>ὡς</span> <span class='ocrx_word' id='word_1_53' title='bbox 610 576 739 626; x_wconf 82' lang='grc' dir='ltr'>ἀληθῆ</span> <span class='ocrx_word' id='word_1_54' title='bbox 758 574 1098 627; x_wconf 86' lang='grc' dir='ltr'>μεμαρτυρηκόσιν</span> <span class='ocrx_word' id='word_1_55' title='bbox 1118 573 1186 613; x_wconf 81' lang='grc' dir='ltr'>οὐκ</span> <span class='ocrx_word' id='word_1_56' title='bbox 1207 571 1480 623; x_wconf 78' lang='grc' dir='ltr'>ἐπεσκήψατο,</span> 
     </span>
     <span class='ocr_line' id='line_1_9' title="bbox 155 639 1524 698; baseline -0.007 -12"><span class='ocrx_word' id='word_1_57' title='bbox 155 644 234 686; x_wconf 78' lang='grc' dir='ltr'>οὐδ’</span> <span class='ocrx_word' id='word_1_58' title='bbox 253 643 510 698; x_wconf 81' lang='grc' dir='ltr'>ἐπεξέρχεται</span> <span class='ocrx_word' id='word_1_59' title='bbox 533 647 613 683; x_wconf 82' lang='grc' dir='ltr'>τῶν</span> <span class='ocrx_word' id='word_1_60' title='bbox 635 642 999 695; x_wconf 79' lang='grc' dir='ltr'>ψευδομαρτυρίων.</span> <span class='ocrx_word' id='word_1_61' title='bbox 1055 639 1203 694; x_wconf 79' lang='grc' dir='ltr'>σχεδὸν</span> <span class='ocrx_word' id='word_1_62' title='bbox 1225 642 1299 691; x_wconf 80' lang='grc' dir='ltr'>μὲν</span> <span class='ocrx_word' id='word_1_63' title='bbox 1323 639 1392 678; x_wconf 69' lang='grc' dir='ltr'>οὖν</span> <span class='ocrx_word' id='word_1_64' title='bbox 1417 655 1483 689; x_wconf 89' lang='grc' dir='ltr'>μοι</span> <span class='ocrx_word' id='word_1_65' title='bbox 1503 647 1524 681; x_wconf 86' lang='grc'>6</span> 
     </span>
     <span class='ocr_line' id='line_1_10' title="bbox 155 707 1484 767; baseline -0.006 -14"><span class='ocrx_word' id='word_1_66' title='bbox 155 712 218 753; x_wconf 85' lang='grc' dir='ltr'>καὶ</span> <span class='ocrx_word' id='word_1_67' title='bbox 243 712 352 753; x_wconf 84' lang='grc' dir='ltr'>αὐτοὶ</span> <span class='ocrx_word' id='word_1_68' title='bbox 377 712 644 763; x_wconf 79' lang='grc' dir='ltr'>ὁμολογοῦσιν</span> <span class='ocrx_word' id='word_1_69' title='bbox 669 710 712 750; x_wconf 87' lang='grc' dir='ltr'>ἐν</span> <span class='ocrx_word' id='word_1_70' title='bbox 736 710 785 767; x_wconf 81' lang='grc' dir='ltr'>τῇ</span> <span class='ocrx_word' id='word_1_71' title='bbox 806 710 999 763; x_wconf 75' lang='grc' dir='ltr'>μαρτυρίᾳ</span> <span class='ocrx_word' id='word_1_72' title='bbox 1029 707 1182 748; x_wconf 83' lang='grc' dir='ltr'>ἐθέλειν</span> <span class='ocrx_word' id='word_1_73' title='bbox 1205 724 1254 759; x_wconf 89' lang='grc' dir='ltr'>με</span> <span class='ocrx_word' id='word_1_74' title='bbox 1279 711 1484 758; x_wconf 86' lang='grc' dir='ltr'>παραλαμ-</span> 
     </span>
     <span class='ocr_line' id='line_1_11' title="bbox 154 774 1481 832; baseline -0.006 -12"><span class='ocrx_word' id='word_1_75' title='bbox 154 778 296 832; x_wconf 85' lang='grc' dir='ltr'>βάνειν</span> <span class='ocrx_word' id='word_1_76' title='bbox 320 778 392 830; x_wconf 78' lang='grc' dir='ltr'>τὴν</span> <span class='ocrx_word' id='word_1_77' title='bbox 414 778 634 831; x_wconf 84' lang='grc' dir='ltr'>ἄνθρωπον,</span> <span class='ocrx_word' id='word_1_78' title='bbox 657 777 879 829; x_wconf 86' lang='grc' dir='ltr'>Θεόφημον</span> <span class='ocrx_word' id='word_1_79' title='bbox 899 778 942 818; x_wconf 79' lang='grc' dir='ltr'>δὲ</span> <span class='ocrx_word' id='word_1_80' title='bbox 964 775 1274 826; x_wconf 75' lang='grc' dir='ltr'>ἀναβάλλεσθαι</span> <span class='ocrx_word' id='word_1_81' title='bbox 1295 774 1481 819; x_wconf 80' lang='grc' dir='ltr'>κελεύειν,</span> 
     </span>
    </p>
   </div>
   <div class='ocr_carea' id='block_1_4' title="bbox 99 839 1482 898">
    <p class='ocr_par' dir='ltr' id='par_1_4' title="bbox 99 839 1482 898">
     <span class='ocr_line' id='line_1_12' title="bbox 99 839 1482 898; baseline -0.004 -12"><span class='ocrx_word' id='word_1_82' title='bbox 99 862 136 884; x_wconf 87' lang='lat'>10</span> <span class='ocrx_word' id='word_1_83' title='bbox 156 847 226 898; x_wconf 79' lang='grc' dir='ltr'>ἐμὲ</span> <span class='ocrx_word' id='word_1_84' title='bbox 248 849 291 887; x_wconf 82' lang='grc' dir='ltr'>δὲ</span> <span class='ocrx_word' id='word_1_85' title='bbox 315 846 384 886; x_wconf 80' lang='grc' dir='ltr'>οὐκ</span> <span class='ocrx_word' id='word_1_86' title='bbox 408 844 572 887; x_wconf 85' lang='grc' dir='ltr'>ἐθέλειν.</span> <span class='ocrx_word' id='word_1_87' title='bbox 629 843 679 895; x_wconf 84' lang='grc' dir='ltr'>ἢν</span> <span class='ocrx_word' id='word_1_88' title='bbox 703 844 738 884; x_wconf 90' lang='grc' dir='ltr'>δ’</span> <span class='ocrx_word' id='word_1_89' title='bbox 758 845 838 897; x_wconf 88' lang='grc' dir='ltr'>ἐγὼ</span> <span class='ocrx_word' id='word_1_90' title='bbox 860 845 934 895; x_wconf 81' lang='grc' dir='ltr'>μὲν</span> <span class='ocrx_word' id='word_1_91' title='bbox 960 842 1116 893; x_wconf 81' lang='grc' dir='ltr'>ἠξίωσα,</span> <span class='ocrx_word' id='word_1_92' title='bbox 1135 839 1482 894; x_wconf 76' lang='grc' dir='ltr'>παραλαμβάνειν,</span> 
     </span>
    </p>
   </div>
   <div class='ocr_carea' id='block_1_5' title="bbox 100 1535 140 1558">
    <p class='ocr_par' dir='ltr' id='par_1_5' title="bbox 100 1535 140 1558">
     <span class='ocr_line' id='line_1_13' title="bbox 100 1535 140 1558; baseline -0.025 0"><span class='ocrx_word' id='word_1_93' title='bbox 100 1535 140 1558; x_wconf 84' lang='lat'>20</span> 
     </span>
    </p>
   </div>
   <div class='ocr_carea' id='block_1_6' title="bbox 154 906 1629 2043">
    <p class='ocr_par' dir='ltr' id='par_1_6' title="bbox 154 906 1629 2043">
     <span class='ocr_line' id='line_1_14' title="bbox 157 906 1629 966; baseline -0.004 -12"><span class='ocrx_word' id='word_1_94' title='bbox 157 914 375 966; x_wconf 85' lang='grc' dir='ltr'>Θεόφημος</span> <span class='ocrx_word' id='word_1_95' title='bbox 397 915 440 953; x_wconf 82' lang='grc' dir='ltr'>δὲ</span> <span class='ocrx_word' id='word_1_96' title='bbox 464 911 768 965; x_wconf 82' lang='grc' dir='ltr'>προύκαλέσατο</span> <span class='ocrx_word' id='word_1_97' title='bbox 790 913 1044 963; x_wconf 80' lang='grc' dir='ltr'>παραδοῦναι,</span> <span class='ocrx_word' id='word_1_98' title='bbox 1073 910 1123 952; x_wconf 85' lang='grc' dir='ltr'>ὡς</span> <span class='ocrx_word' id='word_1_99' title='bbox 1149 909 1259 949; x_wconf 77' lang='grc' dir='ltr'>οὗτοί</span> <span class='ocrx_word' id='word_1_100' title='bbox 1280 913 1419 961; x_wconf 87' lang='grc' dir='ltr'>φασιν,</span> <span class='ocrx_word' id='word_1_101' title='bbox 1441 906 1484 947; x_wconf 85' lang='grc' dir='ltr'>τὸ</span> <span class='ocrx_word' id='word_1_102' title='bbox 1505 908 1629 963; x_wconf 82' lang='lat'><em>[1141]</em></span> 
     </span>
     <span class='ocr_line' id='line_1_15' title="bbox 156 975 1483 1032; baseline -0.005 -11"><span class='ocrx_word' id='word_1_103' title='bbox 156 983 198 1021; x_wconf 82' lang='grc' dir='ltr'>δὲ</span> <span class='ocrx_word' id='word_1_104' title='bbox 223 985 337 1032; x_wconf 82' lang='grc' dir='ltr'>σῶμα</span> <span class='ocrx_word' id='word_1_105' title='bbox 360 980 488 1023; x_wconf 82' lang='grc' dir='ltr'>οὐδεὶς</span> <span class='ocrx_word' id='word_1_106' title='bbox 511 979 591 1021; x_wconf 77' lang='grc' dir='ltr'>εἶδε</span> <span class='ocrx_word' id='word_1_107' title='bbox 613 980 753 1031; x_wconf 87' lang='grc' dir='ltr'>παρόν,</span> <span class='ocrx_word' id='word_1_108' title='bbox 772 979 861 1019; x_wconf 81' lang='grc' dir='ltr'>οὔτε</span> <span class='ocrx_word' id='word_1_109' title='bbox 886 979 976 1018; x_wconf 89' lang='grc' dir='ltr'>τότε</span> <span class='ocrx_word' id='word_1_110' title='bbox 1000 977 1097 1029; x_wconf 78' lang='grc' dir='ltr'>πρὸς</span> <span class='ocrx_word' id='word_1_111' title='bbox 1115 977 1168 1031; x_wconf 74' lang='grc' dir='ltr'>τῷ</span> <span class='ocrx_word' id='word_1_112' title='bbox 1195 976 1371 1031; x_wconf 80' lang='grc' dir='ltr'>διαιτητῇ</span> <span class='ocrx_word' id='word_1_113' title='bbox 1394 975 1483 1015; x_wconf 79' lang='grc' dir='ltr'>οὔτε</span> 
     </span>
     <span class='ocr_line' id='line_1_16' title="bbox 154 1042 1481 1104; baseline -0.005 -16"><span class='ocrx_word' id='word_1_114' title='bbox 154 1048 323 1101; x_wconf 79' lang='grc' dir='ltr'>ὕστερον</span> <span class='ocrx_word' id='word_1_115' title='bbox 342 1047 438 1100; x_wconf 85' lang='grc' dir='ltr'>πρὸς</span> <span class='ocrx_word' id='word_1_116' title='bbox 457 1048 511 1104; x_wconf 70' lang='grc' dir='ltr'>τῷ</span> <span class='ocrx_word' id='word_1_117' title='bbox 532 1047 769 1101; x_wconf 77' lang='grc' dir='ltr'>δικαστηρίῳ</span> <span class='ocrx_word' id='word_1_118' title='bbox 797 1046 885 1086; x_wconf 80' lang='grc' dir='ltr'>οὕτε</span> <span class='ocrx_word' id='word_1_119' title='bbox 910 1045 1054 1085; x_wconf 83' lang='grc' dir='ltr'>ἄλλοθι</span> <span class='ocrx_word' id='word_1_120' title='bbox 1079 1044 1248 1095; x_wconf 84' lang='grc' dir='ltr'>οὐδαμοῦ</span> <span class='ocrx_word' id='word_1_121' title='bbox 1273 1042 1481 1094; x_wconf 84' lang='grc' dir='ltr'>παραδιδό-</span> 
     </span>
     <span class='ocr_line' id='line_1_17' title="bbox 154 1110 1483 1168; baseline -0.006 -12"><span class='ocrx_word' id='word_1_122' title='bbox 154 1132 288 1167; x_wconf 86' lang='grc' dir='ltr'>μενον,</span> <span class='ocrx_word' id='word_1_123' title='bbox 313 1115 588 1168; x_wconf 84' lang='grc' dir='ltr'>ἐμαρτύρησαν</span> <span class='ocrx_word' id='word_1_124' title='bbox 622 1116 664 1155; x_wconf 84' lang='grc' dir='ltr'>δὲ</span> <span class='ocrx_word' id='word_1_125' title='bbox 696 1115 733 1154; x_wconf 82' lang='grc' dir='ltr'>οἱ</span> <span class='ocrx_word' id='word_1_126' title='bbox 764 1112 955 1166; x_wconf 85' lang='grc' dir='ltr'>μάρτυρες</span> <span class='ocrx_word' id='word_1_127' title='bbox 985 1111 1092 1152; x_wconf 75' lang='grc' dir='ltr'>οὗτοι</span> <span class='ocrx_word' id='word_1_128' title='bbox 1123 1111 1175 1154; x_wconf 84' lang='grc' dir='ltr'>ὡς</span> <span class='ocrx_word' id='word_1_129' title='bbox 1200 1110 1334 1151; x_wconf 85' lang='grc' dir='ltr'>ἐθέλοι</span> <span class='ocrx_word' id='word_1_130' title='bbox 1359 1126 1483 1161; x_wconf 88' lang='grc' dir='ltr'>παρα-</span> 
     </span>
     <span class='ocr_line' id='line_1_18' title="bbox 157 1176 1525 1236; baseline -0.005 -13"><span class='ocrx_word' id='word_1_131' title='bbox 157 1185 291 1223; x_wconf 83' lang='grc' dir='ltr'>δοῦναι</span> <span class='ocrx_word' id='word_1_132' title='bbox 314 1183 531 1236; x_wconf 90' lang='grc' dir='ltr'>Θεόφημος</span> <span class='ocrx_word' id='word_1_133' title='bbox 557 1182 619 1222; x_wconf 90' lang='grc' dir='ltr'>καὶ</span> <span class='ocrx_word' id='word_1_134' title='bbox 643 1181 868 1234; x_wconf 85' lang='grc' dir='ltr'>πρόκλησιν</span> <span class='ocrx_word' id='word_1_135' title='bbox 895 1183 1148 1232; x_wconf 83' lang='grc' dir='ltr'>προκαλοῖτο,</span> <span class='ocrx_word' id='word_1_136' title='bbox 1175 1176 1358 1234; x_wconf 77' lang='grc' dir='ltr'>ᾠήθησαν</span> <span class='ocrx_word' id='word_1_137' title='bbox 1384 1179 1425 1217; x_wconf 77' lang='grc' dir='ltr'>δὲ</span> <span class='ocrx_word' id='word_1_138' title='bbox 1449 1177 1485 1216; x_wconf 81' lang='grc' dir='ltr'>οἱ</span> <span class='ocrx_word' id='word_1_139' title='bbox 1505 1184 1525 1221; x_wconf 92' lang='grc'><em>7</em></span> 
     </span>
     <span class='ocr_line' id='line_1_19' title="bbox 158 1243 1487 1301; baseline -0.005 -11"><span class='ocrx_word' id='word_1_140' title='bbox 158 1249 342 1291; x_wconf 88' lang='grc' dir='ltr'>δικασταὶ</span> <span class='ocrx_word' id='word_1_141' title='bbox 375 1250 505 1301; x_wconf 86' lang='grc' dir='ltr'>ἀληθῆ</span> <span class='ocrx_word' id='word_1_142' title='bbox 541 1249 644 1290; x_wconf 75' lang='grc' dir='ltr'>εἶναι</span> <span class='ocrx_word' id='word_1_143' title='bbox 676 1248 748 1299; x_wconf 76' lang='grc' dir='ltr'>τὴν</span> <span class='ocrx_word' id='word_1_144' title='bbox 783 1248 1010 1301; x_wconf 85' lang='grc' dir='ltr'>μαρτυρίαν,</span> <span class='ocrx_word' id='word_1_145' title='bbox 1043 1246 1207 1300; x_wconf 85' lang='grc' dir='ltr'>φεύγειν</span> <span class='ocrx_word' id='word_1_146' title='bbox 1245 1244 1277 1285; x_wconf 86' lang='grc' dir='ltr'>δ’</span> <span class='ocrx_word' id='word_1_147' title='bbox 1315 1245 1382 1295; x_wconf 81' lang='grc' dir='ltr'>ἐμὲ</span> <span class='ocrx_word' id='word_1_148' title='bbox 1418 1243 1487 1283; x_wconf 79' lang='grc' dir='ltr'>τὸν</span> 
     </span>
     <span class='ocr_line' id='line_1_20' title="bbox 159 1311 1488 1371; baseline -0.005 -14"><span class='ocrx_word' id='word_1_149' title='bbox 159 1317 328 1371; x_wconf 80' lang='grc' dir='ltr'>ἔλεγχον</span> <span class='ocrx_word' id='word_1_150' title='bbox 352 1313 457 1370; x_wconf 87' lang='grc' dir='ltr'>&lt;τόν&gt;</span> <span class='ocrx_word' id='word_1_151' title='bbox 481 1317 525 1358; x_wconf 83' lang='grc' dir='ltr'>ἐκ</span> <span class='ocrx_word' id='word_1_152' title='bbox 547 1318 618 1368; x_wconf 83' lang='grc' dir='ltr'>τῆς</span> <span class='ocrx_word' id='word_1_153' title='bbox 643 1316 855 1368; x_wconf 82' lang='grc' dir='ltr'>ἀνθρώπου</span> <span class='ocrx_word' id='word_1_154' title='bbox 879 1316 969 1367; x_wconf 85' lang='grc' dir='ltr'>περὶ</span> <span class='ocrx_word' id='word_1_155' title='bbox 1006 1316 1075 1365; x_wconf 88' lang='grc' dir='ltr'>τῆς</span> <span class='ocrx_word' id='word_1_156' title='bbox 1111 1313 1272 1358; x_wconf 82' lang='grc' dir='ltr'>αἰκείας,</span> <span class='ocrx_word' id='word_1_157' title='bbox 1301 1311 1488 1362; x_wconf 85' lang='grc' dir='ltr'>ὁπότερος</span> 
     </span>
     <span class='ocr_line' id='line_1_21' title="bbox 157 1377 1488 1438; baseline -0.005 -12"><span class='ocrx_word' id='word_1_158' title='bbox 157 1383 267 1436; x_wconf 85' lang='grc' dir='ltr'>ἡμῶν</span> <span class='ocrx_word' id='word_1_159' title='bbox 296 1383 413 1436; x_wconf 80' lang='grc' dir='ltr'>ἧρξεν</span> <span class='ocrx_word' id='word_1_160' title='bbox 444 1387 589 1438; x_wconf 81' lang='grc' dir='ltr'>χειρῶν</span> <span class='ocrx_word' id='word_1_161' title='bbox 621 1384 765 1424; x_wconf 83' lang='grc' dir='ltr'>ἀδίκων</span> <span class='ocrx_word' id='word_1_162' title='bbox 787 1381 917 1435; x_wconf 78' lang='grc' dir='ltr'>(τοῦτο</span> <span class='ocrx_word' id='word_1_163' title='bbox 941 1381 1017 1435; x_wconf 88' lang='grc' dir='ltr'>γάρ</span> <span class='ocrx_word' id='word_1_164' title='bbox 1043 1383 1152 1422; x_wconf 89' lang='grc' dir='ltr'>ἐστιν</span> <span class='ocrx_word' id='word_1_165' title='bbox 1178 1380 1200 1431; x_wconf 89' lang='grc' dir='ltr'>ἡ</span> <span class='ocrx_word' id='word_1_166' title='bbox 1227 1377 1379 1428; x_wconf 83' lang='grc' dir='ltr'>αἴκεια),</span> <span class='ocrx_word' id='word_1_167' title='bbox 1408 1381 1488 1419; x_wconf 78' lang='grc' dir='ltr'>πῶς</span> 
     </span>
     <span class='ocr_line' id='line_1_22' title="bbox 159 1448 1487 1504; baseline -0.005 -13"><span class='ocrx_word' id='word_1_168' title='bbox 159 1451 228 1491; x_wconf 83' lang='grc' dir='ltr'>οὐκ</span> <span class='ocrx_word' id='word_1_169' title='bbox 252 1452 466 1504; x_wconf 80' lang='grc' dir='ltr'>ἀναγκαῖόν</span> <span class='ocrx_word' id='word_1_170' title='bbox 491 1453 602 1492; x_wconf 84' lang='grc' dir='ltr'>ἐστιν</span> <span class='ocrx_word' id='word_1_171' title='bbox 621 1451 780 1493; x_wconf 85' lang='grc' dir='ltr'>τούτους</span> <span class='ocrx_word' id='word_1_172' title='bbox 798 1450 888 1492; x_wconf 82' lang='grc' dir='ltr'>τοὺς</span> <span class='ocrx_word' id='word_1_173' title='bbox 905 1448 1102 1502; x_wconf 86' lang='grc' dir='ltr'>μάρτυρας</span> <span class='ocrx_word' id='word_1_174' title='bbox 1127 1450 1175 1488; x_wconf 75' lang='grc' dir='ltr'>τὰ</span> <span class='ocrx_word' id='word_1_175' title='bbox 1193 1448 1321 1500; x_wconf 83' lang='grc' dir='ltr'>ψευδῆ</span> <span class='ocrx_word' id='word_1_176' title='bbox 1342 1461 1487 1497; x_wconf 83' lang='grc' dir='ltr'>μεμαρ-</span> 
     </span>
     <span class='ocr_line' id='line_1_23' title="bbox 159 1512 1487 1572; baseline -0.008 -12"><span class='ocrx_word' id='word_1_177' title='bbox 159 1517 377 1572; x_wconf 84' lang='grc' dir='ltr'>τυρηκέναι,</span> <span class='ocrx_word' id='word_1_178' title='bbox 405 1519 445 1559; x_wconf 83' lang='grc' dir='ltr'>οἵ</span> <span class='ocrx_word' id='word_1_179' title='bbox 465 1536 513 1571; x_wconf 92' lang='grc' dir='ltr'>γε</span> <span class='ocrx_word' id='word_1_180' title='bbox 536 1517 626 1560; x_wconf 80' lang='grc' dir='ltr'>οὐδὲ</span> <span class='ocrx_word' id='word_1_181' title='bbox 650 1522 719 1559; x_wconf 82' lang='grc' dir='ltr'>νῦν</span> <span class='ocrx_word' id='word_1_182' title='bbox 740 1535 801 1558; x_wconf 85' lang='grc' dir='ltr'>πω</span> <span class='ocrx_word' id='word_1_183' title='bbox 830 1520 1013 1568; x_wconf 82' lang='grc' dir='ltr'>τολμῶσι</span> <span class='ocrx_word' id='word_1_184' title='bbox 1037 1516 1081 1556; x_wconf 87' lang='grc' dir='ltr'>τὸ</span> <span class='ocrx_word' id='word_1_185' title='bbox 1107 1519 1222 1565; x_wconf 82' lang='grc' dir='ltr'>σῶμα</span> <span class='ocrx_word' id='word_1_186' title='bbox 1245 1515 1314 1564; x_wconf 87' lang='grc' dir='ltr'>τῆς</span> <span class='ocrx_word' id='word_1_187' title='bbox 1340 1512 1487 1565; x_wconf 81' lang='grc' dir='ltr'>ἀνθρώ-</span> 
     </span>
     <span class='ocr_line' id='line_1_24' title="bbox 161 1580 1491 1639; baseline -0.006 -12"><span class='ocrx_word' id='word_1_188' title='bbox 161 1602 237 1627; x_wconf 83' lang='grc' dir='ltr'>που</span> <span class='ocrx_word' id='word_1_189' title='bbox 259 1589 512 1639; x_wconf 84' lang='grc' dir='ltr'>παραδοῦναι,</span> <span class='ocrx_word' id='word_1_190' title='bbox 532 1587 632 1626; x_wconf 79' lang='grc' dir='ltr'>καθὰ</span> <span class='ocrx_word' id='word_1_191' title='bbox 650 1585 811 1639; x_wconf 82' lang='grc' dir='ltr'>ἔφασαν</span> <span class='ocrx_word' id='word_1_192' title='bbox 830 1583 1160 1638; x_wconf 87' lang='grc' dir='ltr'>προκαλέσασθαι</span> <span class='ocrx_word' id='word_1_193' title='bbox 1180 1585 1248 1622; x_wconf 88' lang='grc' dir='ltr'>τὸν</span> <span class='ocrx_word' id='word_1_194' title='bbox 1269 1580 1491 1633; x_wconf 87' lang='grc' dir='ltr'>Θεόφημον</span> 
     </span>
     <span class='ocr_line' id='line_1_25' title="bbox 161 1648 1488 1708; baseline -0.006 -14"><span class='ocrx_word' id='word_1_195' title='bbox 161 1653 224 1694; x_wconf 83' lang='grc' dir='ltr'>καὶ</span> <span class='ocrx_word' id='word_1_196' title='bbox 261 1653 536 1707; x_wconf 87' lang='grc' dir='ltr'>ἐμαρτύρησαν</span> <span class='ocrx_word' id='word_1_197' title='bbox 574 1653 689 1708; x_wconf 82' lang='grc' dir='ltr'>αὐτῷ,</span> <span class='ocrx_word' id='word_1_198' title='bbox 727 1653 788 1693; x_wconf 88' lang='grc' dir='ltr'>καὶ</span> <span class='ocrx_word' id='word_1_199' title='bbox 824 1651 895 1702; x_wconf 74' lang='grc' dir='ltr'>τὴν</span> <span class='ocrx_word' id='word_1_200' title='bbox 931 1653 1002 1702; x_wconf 81' lang='grc' dir='ltr'>μὲν</span> <span class='ocrx_word' id='word_1_201' title='bbox 1036 1650 1248 1703; x_wconf 82' lang='grc' dir='ltr'>μαρτυρίαν</span> <span class='ocrx_word' id='word_1_202' title='bbox 1285 1648 1386 1702; x_wconf 83' lang='grc' dir='ltr'>ἔργῳ</span> <span class='ocrx_word' id='word_1_203' title='bbox 1418 1651 1488 1698; x_wconf 83' lang='grc' dir='ltr'>βε-</span> 
     </span>
     <span class='ocr_line' id='line_1_26' title="bbox 159 1713 1491 1772; baseline -0.007 -11"><span class='ocrx_word' id='word_1_204' title='bbox 159 1723 339 1772; x_wconf 81' lang='grc' dir='ltr'>βαιῶσαι</span> <span class='ocrx_word' id='word_1_205' title='bbox 370 1720 420 1763; x_wconf 84' lang='grc' dir='ltr'>ὡς</span> <span class='ocrx_word' id='word_1_206' title='bbox 453 1719 603 1771; x_wconf 84' lang='grc' dir='ltr'>ἀληθής</span> <span class='ocrx_word' id='word_1_207' title='bbox 636 1722 760 1767; x_wconf 88' lang='grc' dir='ltr'>ἐστιν,</span> <span class='ocrx_word' id='word_1_208' title='bbox 789 1719 852 1760; x_wconf 89' lang='grc' dir='ltr'>καὶ</span> <span class='ocrx_word' id='word_1_209' title='bbox 882 1719 974 1761; x_wconf 86' lang='grc' dir='ltr'>τοὺς</span> <span class='ocrx_word' id='word_1_210' title='bbox 1006 1716 1203 1771; x_wconf 84' lang='grc' dir='ltr'>μάρτυρας</span> <span class='ocrx_word' id='word_1_211' title='bbox 1230 1713 1491 1767; x_wconf 79' lang='grc' dir='ltr'>ἀπηλλάχθαι</span> 
     </span>
     <span class='ocr_line' id='line_1_27' title="bbox 160 1781 1532 1841; baseline -0.006 -13"><span class='ocrx_word' id='word_1_212' title='bbox 160 1791 229 1828; x_wconf 82' lang='grc' dir='ltr'>τοῦ</span> <span class='ocrx_word' id='word_1_213' title='bbox 262 1787 416 1841; x_wconf 81' lang='grc' dir='ltr'>ἀγῶνος</span> <span class='ocrx_word' id='word_1_214' title='bbox 452 1788 700 1841; x_wconf 86' lang='grc' dir='ltr'>παραδόντας</span> <span class='ocrx_word' id='word_1_215' title='bbox 736 1786 780 1827; x_wconf 85' lang='grc' dir='ltr'>τὸ</span> <span class='ocrx_word' id='word_1_216' title='bbox 820 1790 934 1837; x_wconf 82' lang='grc' dir='ltr'>σῶμα</span> <span class='ocrx_word' id='word_1_217' title='bbox 976 1787 1045 1836; x_wconf 82' lang='grc' dir='ltr'>τῆς</span> <span class='ocrx_word' id='word_1_218' title='bbox 1084 1783 1304 1837; x_wconf 81' lang='grc' dir='ltr'>ἀνθρώπου,</span> <span class='ocrx_word' id='word_1_219' title='bbox 1338 1781 1407 1831; x_wconf 78' lang='grc' dir='ltr'>τὴν</span> <span class='ocrx_word' id='word_1_220' title='bbox 1449 1782 1490 1820; x_wconf 83' lang='grc' dir='ltr'>δὲ</span> <span class='ocrx_word' id='word_1_221' title='bbox 1511 1785 1532 1821; x_wconf 85' lang='grc'><strong>8</strong></span> 
     </span>
     <span class='ocr_line' id='line_1_28' title="bbox 160 1848 1492 1909; baseline -0.007 -14"><span class='ocrx_word' id='word_1_222' title='bbox 160 1853 368 1909; x_wconf 83' lang='grc' dir='ltr'>ἄνθρωπον</span> <span class='ocrx_word' id='word_1_223' title='bbox 393 1855 481 1908; x_wconf 89' lang='grc' dir='ltr'>περὶ</span> <span class='ocrx_word' id='word_1_224' title='bbox 513 1857 582 1906; x_wconf 90' lang='grc' dir='ltr'>τῆς</span> <span class='ocrx_word' id='word_1_225' title='bbox 613 1856 762 1896; x_wconf 81' lang='grc' dir='ltr'>αἰκείας</span> <span class='ocrx_word' id='word_1_226' title='bbox 791 1853 1099 1906; x_wconf 80' lang='grc' dir='ltr'>βασανίζεσθαι,</span> <span class='ocrx_word' id='word_1_227' title='bbox 1126 1850 1192 1904; x_wconf 87' lang='grc' dir='ltr'>ἐφ’</span> <span class='ocrx_word' id='word_1_228' title='bbox 1217 1848 1241 1907; x_wconf 79' lang='grc' dir='ltr'><em>ᾗ</em></span> <span class='ocrx_word' id='word_1_229' title='bbox 1265 1850 1342 1902; x_wconf 81' lang='grc' dir='ltr'>ἐγὼ</span> <span class='ocrx_word' id='word_1_230' title='bbox 1367 1848 1492 1888; x_wconf 86' lang='grc' dir='ltr'>διώκω</span> 
     </span>
     <span class='ocr_line' id='line_1_29' title="bbox 162 1916 1493 1979; baseline -0.007 -16"><span class='ocrx_word' id='word_1_231' title='bbox 162 1922 249 1979; x_wconf 85' lang='grc' dir='ltr'>δίκῃ</span> <span class='ocrx_word' id='word_1_232' title='bbox 268 1921 336 1963; x_wconf 86' lang='grc' dir='ltr'>τὸν</span> <span class='ocrx_word' id='word_1_233' title='bbox 353 1922 587 1975; x_wconf 86' lang='grc' dir='ltr'>Θεόφημον,</span> <span class='ocrx_word' id='word_1_234' title='bbox 603 1921 736 1972; x_wconf 79' lang='grc' dir='ltr'>ἐπειδὴ</span> <span class='ocrx_word' id='word_1_235' title='bbox 754 1922 843 1962; x_wconf 86' lang='grc' dir='ltr'>τότε</span> <span class='ocrx_word' id='word_1_236' title='bbox 860 1921 905 1961; x_wconf 83' lang='grc' dir='ltr'>οὗ</span> <span class='ocrx_word' id='word_1_237' title='bbox 921 1919 1138 1973; x_wconf 84' lang='grc' dir='ltr'>παρέσχεν,</span> <span class='ocrx_word' id='word_1_238' title='bbox 1159 1918 1221 1958; x_wconf 87' lang='grc' dir='ltr'>καὶ</span> <span class='ocrx_word' id='word_1_239' title='bbox 1237 1917 1306 1957; x_wconf 84' lang='grc' dir='ltr'>τὸν</span> <span class='ocrx_word' id='word_1_240' title='bbox 1323 1916 1493 1968; x_wconf 73' lang='grc' dir='ltr'>ἔλεγχον</span> 
     </span>
     <span class='ocr_line' id='line_1_30' title="bbox 163 1982 1493 2043; baseline -0.007 -12"><span class='ocrx_word' id='word_1_241' title='bbox 163 1987 212 2041; x_wconf 79' lang='grc' dir='ltr'>ἐξ</span> <span class='ocrx_word' id='word_1_242' title='bbox 230 1989 286 2031; x_wconf 79' lang='grc' dir='ltr'>ὧν</span> <span class='ocrx_word' id='word_1_243' title='bbox 309 1989 330 2029; x_wconf 92' lang='grc' dir='ltr'>ὁ</span> <span class='ocrx_word' id='word_1_244' title='bbox 356 1990 574 2043; x_wconf 88' lang='grc' dir='ltr'>Θεόφημος</span> <span class='ocrx_word' id='word_1_245' title='bbox 598 1990 738 2042; x_wconf 85' lang='grc' dir='ltr'>ἔλεγεν</span> <span class='ocrx_word' id='word_1_246' title='bbox 763 1989 853 2029; x_wconf 86' lang='grc' dir='ltr'>τότε</span> <span class='ocrx_word' id='word_1_247' title='bbox 880 1986 1086 2037; x_wconf 81' lang='grc' dir='ltr'>ἐξαπατῶν</span> <span class='ocrx_word' id='word_1_248' title='bbox 1109 1986 1198 2027; x_wconf 87' lang='grc' dir='ltr'>τοὺς</span> <span class='ocrx_word' id='word_1_249' title='bbox 1224 1982 1424 2029; x_wconf 87' lang='grc' dir='ltr'>δικαστάς,</span> <span class='ocrx_word' id='word_1_250' title='bbox 1452 1983 1493 2021; x_wconf 85' lang='grc' dir='ltr'>ἐκ</span> 
     </span>
    </p>
   </div>
   <div class='ocr_carea' id='block_1_7' title="bbox 163 2091 1496 2403">
    <p class='ocr_par' dir='ltr' id='par_1_7' title="bbox 163 2091 1496 2403">
     <span class='ocr_line' id='line_1_31' title="bbox 206 2091 1494 2141; baseline -0.008 -9"><span class='ocrx_word' id='word_1_251' title='bbox 206 2109 226 2139; x_wconf 85' lang='grc'>3</span> <span class='ocrx_word' id='word_1_252' title='bbox 250 2099 378 2141; x_wconf 81' lang='grc' dir='ltr'>ἕτοιμον</span> <span class='ocrx_word' id='word_1_253' title='bbox 393 2101 471 2133; x_wconf 78' lang='grc' dir='ltr'>εἶναι</span> <span class='ocrx_word' id='word_1_254' title='bbox 487 2100 552 2132; x_wconf 86' lang='lat' dir='ltr'>del.</span> <span class='ocrx_word' id='word_1_255' title='bbox 573 2100 685 2131; x_wconf 83' lang='lat' dir='ltr'>Naber</span> <span class='ocrx_word' id='word_1_256' title='bbox 809 2108 829 2138; x_wconf 88' lang='lat'>5</span> <span class='ocrx_word' id='word_1_257' title='bbox 854 2098 902 2130; x_wconf 82' lang='grc' dir='ltr'>καὶ</span> <span class='ocrx_word' id='word_1_258' title='bbox 919 2102 999 2128; x_wconf 85' lang='lat' dir='ltr'>ante</span> <span class='ocrx_word' id='word_1_259' title='bbox 1017 2098 1070 2129; x_wconf 80' lang='grc' dir='ltr'>νῦν</span> <span class='ocrx_word' id='word_1_260' title='bbox 1085 2105 1150 2126; x_wconf 88' lang='lat' dir='ltr'>om.</span> <span class='ocrx_word' id='word_1_261' title='bbox 1169 2093 1194 2125; x_wconf 88' lang='lat' dir='ltr'>S</span> <span class='ocrx_word' id='word_1_262' title='bbox 1208 2093 1238 2133; x_wconf 85' lang='lat' dir='ltr'>Q</span> <span class='ocrx_word' id='word_1_263' title='bbox 1329 2095 1383 2125; x_wconf 84' lang='grc' dir='ltr'>νῦν</span> <span class='ocrx_word' id='word_1_264' title='bbox 1400 2091 1424 2122; x_wconf 92' lang='lat' dir='ltr'>S</span> <span class='ocrx_word' id='word_1_265' title='bbox 1439 2092 1469 2122; x_wconf 95' lang='lat' dir='ltr'>D</span> <span class='ocrx_word' id='word_1_266' title='bbox 1487 2103 1494 2122; x_wconf 89' lang='lat'>:</span> 
     </span>
     <span class='ocr_line' id='line_1_32' title="bbox 163 2135 1495 2188; baseline -0.008 -12"><span class='ocrx_word' id='word_1_267' title='bbox 163 2145 228 2176; x_wconf 82' lang='grc' dir='ltr'>νυνὶ</span> <span class='ocrx_word' id='word_1_268' title='bbox 247 2143 312 2182; x_wconf 80' lang='lat' dir='ltr'>FQ</span> <span class='ocrx_word' id='word_1_269' title='bbox 459 2146 480 2175; x_wconf 90' lang='lat'><strong>6</strong></span> <span class='ocrx_word' id='word_1_270' title='bbox 501 2143 594 2188; x_wconf 75' lang='grc' dir='ltr'>(οὐκ)</span> <span class='ocrx_word' id='word_1_271' title='bbox 607 2146 711 2183; x_wconf 75' lang='grc' dir='ltr'>ἀληθῆ</span> <span class='ocrx_word' id='word_1_272' title='bbox 731 2141 947 2180; x_wconf 82' lang='lat' dir='ltr'>Bockmeijer</span> <span class='ocrx_word' id='word_1_273' title='bbox 963 2140 1038 2171; x_wconf 87' lang='lat' dir='ltr'><strong>coll.</strong></span> <span class='ocrx_word' id='word_1_274' title='bbox 1060 2139 1144 2170; x_wconf 84' lang='lat' dir='ltr'><strong>Isae.</strong></span> <span class='ocrx_word' id='word_1_275' title='bbox 1165 2139 1187 2168; x_wconf 90' lang='lat' dir='ltr'>ii</span> <span class='ocrx_word' id='word_1_276' title='bbox 1208 2147 1246 2176; x_wconf 88' lang='lat'>15</span> <span class='ocrx_word' id='word_1_277' title='bbox 1395 2146 1411 2175; x_wconf 89' lang='lat'><strong>7</strong></span> <span class='ocrx_word' id='word_1_278' title='bbox 1436 2135 1495 2175; x_wconf 85' lang='grc' dir='ltr'>μὲν</span> 
     </span>
     <span class='ocr_line' id='line_1_33' title="bbox 164 2181 1495 2228; baseline -0.005 -11"><span class='ocrx_word' id='word_1_279' title='bbox 164 2192 277 2218; x_wconf 80' lang='lat' dir='ltr'>servat</span> <span class='ocrx_word' id='word_1_280' title='bbox 293 2187 426 2219; x_wconf 81' lang='lat' dir='ltr'>Ssolus</span> <span class='ocrx_word' id='word_1_281' title='bbox 507 2190 570 2227; x_wconf 86' lang='lat'>7—8</span> <span class='ocrx_word' id='word_1_282' title='bbox 592 2202 644 2228; x_wconf 87' lang='grc' dir='ltr'>μοι</span> <span class='ocrx_word' id='word_1_283' title='bbox 669 2189 719 2220; x_wconf 78' lang='grc' dir='ltr'>καὶ</span> <span class='ocrx_word' id='word_1_284' title='bbox 748 2187 839 2218; x_wconf 83' lang='grc' dir='ltr'>αὐτοὶ</span> <span class='ocrx_word' id='word_1_285' title='bbox 859 2187 893 2224; x_wconf 86' lang='lat' dir='ltr'>S,</span> <span class='ocrx_word' id='word_1_286' title='bbox 923 2185 965 2216; x_wconf 85' lang='lat' dir='ltr'>cf.</span> <span class='ocrx_word' id='word_1_287' title='bbox 994 2184 1066 2214; x_wconf 82' lang='lat' dir='ltr'>xlix</span> <span class='ocrx_word' id='word_1_288' title='bbox 1093 2193 1131 2212; x_wconf 89' lang='lat'>21</span> <span class='ocrx_word' id='word_1_289' title='bbox 1153 2193 1160 2212; x_wconf 88' lang='lat'>:</span> <span class='ocrx_word' id='word_1_290' title='bbox 1183 2195 1215 2214; x_wconf 89' lang='grc' dir='ltr'>τι</span> <span class='ocrx_word' id='word_1_291' title='bbox 1243 2182 1293 2213; x_wconf 81' lang='grc' dir='ltr'>καὶ</span> <span class='ocrx_word' id='word_1_292' title='bbox 1321 2181 1414 2212; x_wconf 80' lang='grc' dir='ltr'>αὐτοί</span> <span class='ocrx_word' id='word_1_293' title='bbox 1442 2192 1495 2219; x_wconf 86' lang='grc' dir='ltr'>μοι</span> 
     </span>
     <span class='ocr_line' id='line_1_34' title="bbox 164 2224 1495 2273; baseline -0.013 -3"><span class='ocrx_word' id='word_1_294' title='bbox 164 2231 254 2270; x_wconf 75' lang='lat' dir='ltr'><strong>VUlg·</strong></span> <span class='ocrx_word' id='word_1_295' title='bbox 391 2242 430 2263; x_wconf 88' lang='lat'>10</span> <span class='ocrx_word' id='word_1_296' title='bbox 452 2232 715 2273; x_wconf 81' lang='grc' dir='ltr'>παραλαμβάνειν</span> <span class='ocrx_word' id='word_1_297' title='bbox 732 2230 828 2262; x_wconf 86' lang='lat' dir='ltr'>codd.</span> <span class='ocrx_word' id='word_1_298' title='bbox 849 2241 856 2260; x_wconf 71' lang='grc' dir='ltr'>ε</span> <span class='ocrx_word' id='word_1_299' title='bbox 879 2231 1077 2270; x_wconf 79' lang='grc' dir='ltr'>παραλαβεῖν</span> <span class='ocrx_word' id='word_1_300' title='bbox 1094 2226 1190 2256; x_wconf 84' lang='lat' dir='ltr'>BlaSS</span> <span class='ocrx_word' id='word_1_301' title='bbox 1341 2233 1379 2262; x_wconf 85' lang='lat'>13</span> <span class='ocrx_word' id='word_1_302' title='bbox 1403 2224 1495 2254; x_wconf 78' lang='grc' dir='ltr'>ὕστε-</span> 
     </span>
     <span class='ocr_line' id='line_1_35' title="bbox 164 2266 1496 2316; baseline -0.009 -9"><span class='ocrx_word' id='word_1_303' title='bbox 164 2287 219 2316; x_wconf 88' lang='grc' dir='ltr'>ρον</span> <span class='ocrx_word' id='word_1_304' title='bbox 235 2274 287 2306; x_wconf 89' lang='lat' dir='ltr'>hic</span> <span class='ocrx_word' id='word_1_305' title='bbox 305 2274 330 2306; x_wconf 90' lang='lat' dir='ltr'>S</span> <span class='ocrx_word' id='word_1_306' title='bbox 350 2287 357 2306; x_wconf 72' lang='grc' dir='ltr'>ι</span> <span class='ocrx_word' id='word_1_307' title='bbox 382 2281 460 2315; x_wconf 81' lang='lat' dir='ltr'>post</span> <span class='ocrx_word' id='word_1_308' title='bbox 477 2277 669 2316; x_wconf 80' lang='grc' dir='ltr'>δικαστηρίῳ</span> <span class='ocrx_word' id='word_1_309' title='bbox 688 2275 712 2306; x_wconf 82' lang='lat' dir='ltr'>F</span> <span class='ocrx_word' id='word_1_310' title='bbox 725 2274 755 2313; x_wconf 85' lang='lat' dir='ltr'>Q</span> <span class='ocrx_word' id='word_1_311' title='bbox 774 2274 803 2303; x_wconf 95' lang='lat' dir='ltr'>D</span> <span class='ocrx_word' id='word_1_312' title='bbox 941 2283 979 2311; x_wconf 87' lang='lat'>14</span> <span class='ocrx_word' id='word_1_313' title='bbox 1007 2271 1042 2304; x_wconf 83' lang='grc' dir='ltr'>δὲ</span> <span class='ocrx_word' id='word_1_314' title='bbox 1058 2275 1171 2300; x_wconf 78' lang='lat' dir='ltr'>servat</span> <span class='ocrx_word' id='word_1_315' title='bbox 1188 2268 1213 2300; x_wconf 88' lang='lat' dir='ltr'>S</span> <span class='ocrx_word' id='word_1_316' title='bbox 1229 2268 1324 2299; x_wconf 83' lang='lat' dir='ltr'>solus</span> <span class='ocrx_word' id='word_1_317' title='bbox 1458 2266 1496 2295; x_wconf 83' lang='lat'>16</span> 
     </span>
     <span class='ocr_line' id='line_1_36' title="bbox 166 2309 1496 2362; baseline -0.008 -12"><span class='ocrx_word' id='word_1_318' title='bbox 166 2317 193 2350; x_wconf 87' lang='grc' dir='ltr'>δ’</span> <span class='ocrx_word' id='word_1_319' title='bbox 210 2317 282 2359; x_wconf 86' lang='grc' dir='ltr'>ἐμὲ]</span> <span class='ocrx_word' id='word_1_320' title='bbox 301 2318 336 2350; x_wconf 88' lang='grc' dir='ltr'>δὲ</span> <span class='ocrx_word' id='word_1_321' title='bbox 353 2318 378 2350; x_wconf 90' lang='lat' dir='ltr'>S</span> <span class='ocrx_word' id='word_1_322' title='bbox 528 2329 566 2359; x_wconf 92' lang='lat'>17</span> <span class='ocrx_word' id='word_1_323' title='bbox 588 2317 681 2362; x_wconf 70' lang='grc' dir='ltr'>(τὸν)</span> <span class='ocrx_word' id='word_1_324' title='bbox 695 2318 770 2349; x_wconf 92' lang='lat' dir='ltr'>add.</span> <span class='ocrx_word' id='word_1_325' title='bbox 791 2317 898 2353; x_wconf 84' lang='lat' dir='ltr'>Blass‚</span> <span class='ocrx_word' id='word_1_326' title='bbox 917 2316 957 2346; x_wconf 84' lang='lat' dir='ltr'>cf.</span> <span class='ocrx_word' id='word_1_327' title='bbox 979 2318 995 2354; x_wconf 72' lang='grc' dir='ltr'><strong>ξ</strong></span> <span class='ocrx_word' id='word_1_328' title='bbox 1015 2325 1056 2354; x_wconf 87' lang='lat'>79</span> <span class='ocrx_word' id='word_1_329' title='bbox 1214 2313 1254 2343; x_wconf 89' lang='lat'>18</span> <span class='ocrx_word' id='word_1_330' title='bbox 1277 2315 1342 2343; x_wconf 80' lang='grc' dir='ltr'>πῶς</span> <span class='ocrx_word' id='word_1_331' title='bbox 1360 2309 1384 2340; x_wconf 89' lang='lat' dir='ltr'>S</span> <span class='ocrx_word' id='word_1_332' title='bbox 1402 2321 1408 2340; x_wconf 79' lang='lat' dir='ltr'>z</span> <span class='ocrx_word' id='word_1_333' title='bbox 1432 2312 1496 2341; x_wconf 80' lang='grc' dir='ltr'>πῶς</span> 
     </span>
     <span class='ocr_line' id='line_1_37' title="bbox 166 2353 1495 2403; baseline -0.007 -9"><span class='ocrx_word' id='word_1_334' title='bbox 166 2361 222 2394; x_wconf 73' lang='grc' dir='ltr'>οὖν</span> <span class='ocrx_word' id='word_1_335' title='bbox 236 2367 314 2394; x_wconf 86' lang='lat' dir='ltr'><strong>cett.</strong></span> <span class='ocrx_word' id='word_1_336' title='bbox 468 2373 511 2393; x_wconf 88' lang='lat'>20</span> <span class='ocrx_word' id='word_1_337' title='bbox 534 2366 679 2403; x_wconf 82' lang='grc' dir='ltr'>τολμῶσι</span> <span class='ocrx_word' id='word_1_338' title='bbox 695 2373 762 2392; x_wconf 90' lang='lat' dir='ltr'>om.</span> <span class='ocrx_word' id='word_1_339' title='bbox 779 2361 812 2400; x_wconf 88' lang='lat' dir='ltr'>S,</span> <span class='ocrx_word' id='word_1_340' title='bbox 832 2361 866 2390; x_wconf 88' lang='lat' dir='ltr'>in</span> <span class='ocrx_word' id='word_1_341' title='bbox 882 2360 996 2390; x_wconf 86' lang='lat' dir='ltr'>verbis</span> <span class='ocrx_word' id='word_1_342' title='bbox 1011 2369 1083 2399; x_wconf 85' lang='lat' dir='ltr'>sqq.</span> <span class='ocrx_word' id='word_1_343' title='bbox 1101 2358 1155 2399; x_wconf 80' lang='grc' dir='ltr'>(τὸ</span> <span class='ocrx_word' id='word_1_344' title='bbox 1172 2356 1279 2396; x_wconf 83' lang='grc' dir='ltr'>σῶμα)</span> <span class='ocrx_word' id='word_1_345' title='bbox 1296 2355 1407 2384; x_wconf 84' lang='lat' dir='ltr'>littera</span> <span class='ocrx_word' id='word_1_346' title='bbox 1423 2367 1444 2385; x_wconf 88' lang='grc' dir='ltr'>σ</span> <span class='ocrx_word' id='word_1_347' title='bbox 1461 2353 1495 2382; x_wconf 88' lang='lat' dir='ltr'>in</span> 
     </span>
    </p>
   </div>
   <div class='ocr_carea' id='block_1_8' title="bbox 167 2396 1496 2492">
    <p class='ocr_par' dir='ltr' id='par_1_8' title="bbox 167 2396 1496 2492">
     <span class='ocr_line' id='line_1_38' title="bbox 167 2396 1496 2446; baseline -0.007 -10"><span class='ocrx_word' id='word_1_348' title='bbox 167 2415 230 2436; x_wconf 83' lang='lat' dir='ltr'><strong>ras.</strong></span> <span class='ocrx_word' id='word_1_349' title='bbox 251 2405 313 2436; x_wconf 81' lang='lat' dir='ltr'><strong>litt.</strong></span> <span class='ocrx_word' id='word_1_350' title='bbox 331 2405 470 2436; x_wconf 75' lang='lat' dir='ltr'>duarum</span> <span class='ocrx_word' id='word_1_351' title='bbox 489 2417 573 2446; x_wconf 82' lang='lat' dir='ltr'><strong>quae</strong></span> <span class='ocrx_word' id='word_1_352' title='bbox 591 2414 645 2446; x_wconf 84' lang='grc' dir='ltr'>λμ.</span> <span class='ocrx_word' id='word_1_353' title='bbox 665 2406 768 2436; x_wconf 85' lang='lat' dir='ltr'>fuisse</span> <span class='ocrx_word' id='word_1_354' title='bbox 784 2405 943 2435; x_wconf 82' lang='lat' dir='ltr'>videntur</span> <span class='ocrx_word' id='word_1_355' title='bbox 1111 2412 1152 2432; x_wconf 87' lang='lat'>22</span> <span class='ocrx_word' id='word_1_356' title='bbox 1177 2402 1354 2437; x_wconf 83' lang='grc' dir='ltr'>βεβαιῶσαι</span> <span class='ocrx_word' id='word_1_357' title='bbox 1372 2396 1395 2427; x_wconf 91' lang='lat' dir='ltr'>S</span> <span class='ocrx_word' id='word_1_358' title='bbox 1411 2408 1417 2426; x_wconf 90' lang='lat'>:</span> <span class='ocrx_word' id='word_1_359' title='bbox 1442 2400 1496 2433; x_wconf 84' lang='grc' dir='ltr'>βε-</span> 
     </span>
     <span class='ocr_line' id='line_1_39' title="bbox 167 2439 1482 2492; baseline -0.011 -6"><span class='ocrx_word' id='word_1_360' title='bbox 167 2452 333 2486; x_wconf 72' lang='grc' dir='ltr'>Βαίθῦσθαι</span> <span class='ocrx_word' id='word_1_361' title='bbox 352 2449 417 2488; x_wconf 78' lang='lat' dir='ltr'>FQ</span> <span class='ocrx_word' id='word_1_362' title='bbox 435 2450 465 2480; x_wconf 90' lang='lat' dir='ltr'><strong>D</strong></span> <span class='ocrx_word' id='word_1_363' title='bbox 599 2461 640 2489; x_wconf 87' lang='lat'>24</span> <span class='ocrx_word' id='word_1_364' title='bbox 663 2449 863 2492; x_wconf 83' lang='grc' dir='ltr'>παραδόντας</span> <span class='ocrx_word' id='word_1_365' title='bbox 882 2447 964 2484; x_wconf 85' lang='lat' dir='ltr'>S‚cs.</span> <span class='ocrx_word' id='word_1_366' title='bbox 986 2449 1023 2485; x_wconf 62' lang='grc' dir='ltr'>ἐξ</span> <span class='ocrx_word' id='word_1_367' title='bbox 1043 2456 1072 2485; x_wconf 83' lang='grc'>5,</span> <span class='ocrx_word' id='word_1_368' title='bbox 1092 2455 1109 2484; x_wconf 96' lang='lat'><strong>7</strong></span> <span class='ocrx_word' id='word_1_369' title='bbox 1125 2457 1133 2476; x_wconf 73' lang='grc' dir='ltr'>ε</span> <span class='ocrx_word' id='word_1_370' title='bbox 1157 2443 1351 2485; x_wconf 78' lang='grc' dir='ltr'>παραδόντος</span> <span class='ocrx_word' id='word_1_371' title='bbox 1370 2440 1394 2470; x_wconf 85' lang='lat' dir='ltr'>F</span> <span class='ocrx_word' id='word_1_372' title='bbox 1407 2439 1437 2477; x_wconf 80' lang='lat' dir='ltr'>Q</span> <span class='ocrx_word' id='word_1_373' title='bbox 1452 2439 1482 2468; x_wconf 89' lang='lat' dir='ltr'>D</span> 
     </span>
    </p>
   </div>
  </div>
 </body>
</html>
