1763 2778
804 394 876 432 LV

181 484 343 531 ΠΡΟΣ
386 489 752 529 ΚΑΛΛΙΚΛΕΑ
794 488 936 529 ΠΕΡΙ
982 489 1215 530 ΧΩΡΙΟΤ
1264 484 1504 530 BAABHE

735 602 952 632 ῪΠΟΘΕΣΙΣ.

234 678 468 726 Καλλικλῆς,
497 675 590 726 πρὸς
620 675 661 714 ὃν
695 677 714 714 ὁ
747 676 871 727 λόγος,
904 677 963 714 καὶ
994 677 1013 714 ὁ
1042 676 1111 726 τὴν
1145 676 1248 726 δίκην
1279 675 1340 714 ὑπ’
1371 677 1507 715 ἐκείνου

179 730 397 781 διωκόμενος
429 731 589 783 ’γείτονες
626 731 724 780 ἦσαν
763 734 800 769 ἐν
837 732 972 783 χωρίῳ,
1010 731 1079 782 ὁδῷ
1116 734 1215 782 μέσῃ
1254 731 1505 783 διειργόμενοι.

179 785 414 835 δυσομβρίας
451 786 489 824 δὲ
527 786 744 836 συμβάσης,
783 787 831 826 εἷς
868 787 911 824 τὸ
951 788 1211 826 Καλλικλέους
1248 787 1382 837 χωρίον
1414 787 1509 836 ὕδωρ

180 841 346 890 ἐμπεσὸν
365 844 405 879 ἐκ
423 842 489 889 τῆς
512 840 599 878 ὁδοῦ
626 841 915 891 κατελυμήνατο.
976 841 1035 878 ἐπὶ
1059 842 1175 892 τούτῳ
1205 840 1322 878 διώκει
1351 842 1508 890 βλάβης

141 909 159 941 5
178 895 244 934 τὸν
263 895 421 946 γείτονα·
444 895 533 934 εἶναι
552 896 625 947 γάρ
647 898 766 945 φησιν
796 898 833 933 ἐν
858 899 907 947 τῷ
936 895 1067 933 Τισίου
1094 895 1215 947 χωρίῳ
1242 895 1429 946 χαράδραν
1460 898 1508 935 εἷς

179 949 368 1001 ὑποδοχὴν
395 952 461 988 τοῦ
489 949 620 990 ὕδατος
647 952 712 988 τοῦ
740 953 779 988 ἐκ
805 952 870 998 τῆς
894 949 978 987 ὁδοῦ
997 950 1229 999 ποιηθεῖσαν,
1250 950 1296 1000 ἢν
1315 950 1508 988 ἀποικοδο-

179 1004 363 1056 μηθεῖσαν
390 1006 454 1043 νῦν
481 1005 600 1043 αἰτίαν
630 1007 744 1056 ἑαυτῷ
770 1005 929 1054 βλάβης
954 1004 1139 1056 γενέσθαι.
1197 1006 1216 1043 ὁ
1237 1004 1275 1044 δὲ
1294 1008 1359 1043 τοῦ
1378 1005 1509 1043 Τισίου

179 1061 265 1099 παῖς
291 1061 437 1109 πρῶτον
463 1060 532 1109 μὲν
560 1060 721 1097 παλαιὸν
751 1060 810 1096 καὶ
833 1061 876 1097 οὗ
903 1058 946 1097 δι’
974 1061 1104 1097 ἑαυτοῦ
1130 1059 1172 1098 τὸ
1199 1061 1307 1111 ἔργον
1334 1059 1506 1098 δείκνυσι·

180 1114 314 1160 ζῶντος
328 1115 400 1166 γὰρ
416 1114 468 1153 ἔτι
490 1114 549 1152 καὶ
569 1116 635 1152 τοῦ
655 1114 917 1154 Καλλικλέους
936 1114 1074 1164 πατρὸς
1090 1114 1427 1163 ἀποικοδομηθῆναι
1441 1114 1509 1162 τὴν

122 1186 161 1208 ῐο
178 1169 369 1221 χαράδραν
401 1169 520 1218 φησὶν
553 1169 626 1207 ὑπὸ
658 1171 724 1207 τοῖ’Ι
753 1169 896 1206 Τισίου·
933 1170 1058 1207 ἔπειτα
1092 1169 1313 1217 συνίστησιν
1347 1171 1392 1208 ὡς
1427 1169 1508 1205 οὐδὲ

178 1224 347 1275 χαράδρα
365 1240 419 1264 τις
438 1225 481 1262 τὸ
500 1224 634 1274 χωρίον
657 1223 749 1262 ἐστί.
809 1223 974 1273 διασύρει
995 1224 1033 1262 δὲ
1055 1224 1114 1261 καὶ
1139 1224 1205 1272 τὴν
1231 1224 1440 1273 συμβᾶσαν
1459 1226 1509 1273 τῷ

181 1281 395 1316 Καλλικλεῖ
419 1279 579 1328 βλάβην
607 1279 654 1319 ὡς
680 1279 814 1328 μικρὰν
844 1279 903 1315 καὶ
930 1280 994 1315 οὐκ
1022 1278 1126 1322 ἀξίαν
1150 1279 1372 1327 τηλικαύτης
1396 1277 1507 1326 δίκης,

181 1333 240 1370 καὶ
259 1333 302 1371 τὸ
321 1332 412 1371 ὅλον
431 1332 630 1382 ἠδικῆσθαι
648 1334 716 1382 μὲν
737 1332 840 1371 οὐδέν
860 1337 958 1382 φησι
978 1333 1042 1371 τὸν
1066 1333 1302 1377 Καλλικλέα,
1323 1332 1510 1381 ἐπιθυμεῖν

180 1387 219 1425 δὲ
237 1390 310 1426 τῶν
323 1387 466 1439 χωρίων
479 1389 552 1427 τῶν
572 1389 702 1426 ἑαυτοῦ
722 1387 780 1425 καὶ
797 1386 856 1427 διὰ
871 1390 980 1426 τοῦτο
1000 1387 1253 1436 συκοφαντίας
1267 1387 1509 1439 μηχανᾶσθαι

122 1458 159 1490 15
178 1443 316 1483 πάσας.

247 1546 331 1588 Οὐκ
356 1546 404 1599 ἣν
430 1546 502 1600 ἄρ’,
537 1544 566 1587 ὦ
594 1545 733 1600 ἄνδρες·
760 1546 977 1598 Ἀθηναῖοι,
1015 1547 1300 1600 χαλεπώτερον
1336 1547 1449 1587 οὐδὲν
1485 1543 1507 1596 ἦ
1529 1549 1664 1604 [1272]

181 1615 360 1668 γείτονος
398 1617 569 1667 πονηροῦ
613 1614 676 1654 καὶ
714 1613 953 1655 πλεονέκτου
991 1617 1138 1667 τυχεῖν,
1167 1615 1263 1666 ὅπερ
1303 1613 1388 1664 ἐμοὶ
1424 1613 1508 1654 νυνὶ

183 1680 457 1733 συμβέβηκεν.
521 1679 768 1732 ἐπιθυμήσας
792 1683 868 1734 γὰρ
893 1685 970 1721 τῶν
995 1682 1152 1734 χωρίων
1177 1697 1250 1731 μου
1276 1682 1507 1730 Καλλικλῆς

181 1749 281 1789 οὕτω
324 1747 552 1799 διατέθηκέν
589 1766 637 1799 με
680 1751 956 1801 συκοφαντῶν,
993 1748 1097 1788 ὥστε
1135 1751 1291 1800 πρῶτον
1327 1749 1399 1798 μὲν
1438 1746 1507 1787 τὸν

122 1834 161 1856 20
181 1815 353 1869 ἀνεψιὸν
390 1815 459 1856 τὸν
500 1817 640 1856 ἑαυτοῦ
679 1815 972 1855 κατεσκεύασεν
1013 1816 1289 1867 ἀμφισβητεῖν
1329 1831 1395 1865 μοι
1430 1817 1507 1854 τῶν

179 1883 350 1936 χωρίων,
377 1882 631 1937 ἐξελεγχθεὶς
655 1884 697 1923 δὲ
722 1885 903 1935 φανερῶς
929 1882 990 1922 καὶ
1014 1881 1318 1934 περιγενομένου
1342 1898 1416 1932 μου
1441 1882 1509 1930 τῆς

1529 1897 1547 1921 t.)

180 1950 330 1991 τούτων
354 1950 568 2002 σκευωρίας
593 1949 716 1990 πάλιν
741 1950 808 1989 δύο
843 1950 951 1991 δίκας
981 1947 1148 2001 ἐρήμους
1183 1965 1257 2000 μου
1289 1946 1508 2004 κατεδιῃτή-

182 2033 294 2066 σατο,
320 2016 392 2068 τὴν
415 2019 487 2068 μὲν
511 2016 627 2059 αὐτὸς
650 2016 793 2070 χιλίων
827 2018 1025 2069 δραχμῶν,
1052 2015 1123 2066 τὴν
1153 2017 1194 2056 δὲ
1230 2015 1299 2056 τὸν
1329 2013 1508 2068 ἀδελφὸν

223 2127 403 2160 TITULUSt
426 2129 508 2169 Πρὸς
526 2126 712 2160 Καλλικλέα
729 2126 775 2158 S:
799 2126 876 2157 add.
901 2126 1031 2164 βλάβης
1055 2126 1172 2168 χωρίου
1188 2124 1214 2156 F
1230 2125 1280 2165 D;
1307 2125 1375 2166 περὶ
1392 2125 1508 2166 χωρίου

181 2171 312 2210 βλάβης
330 2172 498 2212 Harpocr.
517 2182 544 2202 s.
559 2182 590 2202 v.
607 2173 744 2212 χλῆδος,
765 2170 928 2202 Priscian.
946 2170 1015 2200 xvii
1036 2171 1096 2200 126

225 2237 245 2257 2
269 2226 456 2267 διωκόμενος
470 2226 499 2256 D
517 2225 687 2266 (Sauppe)
702 2236 709 2256 τ
733 2226 851 2258 διώκων
867 2225 892 2255 F
907 2224 932 2256 S
1085 2233 1104 2263 3
1130 2224 1323 2264 δυσομβρίας
1340 2233 1405 2262 mg.
1425 2222 1504 2252 edit.

183 2270 289 2301 Paris.
303 2281 310 2300 :
327 2273 382 2302 δυο
399 2294 406 2302 .
420 2271 493 2307 βίας
504 2269 548 2300 S:
566 2271 698 2307 δηνβίας
709 2269 734 2299 F
749 2280 756 2300 :
774 2270 946 2310 ἐπομβρίας
959 2281 1010 2309 -γρ,
1024 2269 1057 2298 ἱη
1070 2278 1136 2307 mg.
1152 2268 1231 2299 edit.
1248 2267 1366 2304 Paris.y
1380 2266 1422 2298 cf.
1438 2268 1453 2303 ξ
1469 2274 1503 2294 11

181 2315 204 2343 6
219 2315 525 2353 ἇποικοδομηθεΐσαν
537 2313 681 2343 Reiske:
701 2313 953 2352 ἀπωκοδόμησας
964 2311 1019 2342 FS
1032 2323 1039 2343 :
1057 2312 1354 2351 ἀποικοδομήσαντα
1370 2309 1506 2348 Sauppe

181 2357 203 2387 8
226 2359 261 2388 οὒ
280 2357 329 2388 F:
354 2367 418 2388 om.
438 2357 504 2388 DS
616 2355 725 2397 ἔργον]
743 2357 858 2387 στενὸν
876 2356 899 2385 S
1057 2365 1090 2384 11
1115 2368 1163 2386 τις
1182 2354 1231 2385 F:
1256 2356 1299 2386 εἰς
1317 2353 1362 2383 S:
1390 2362 1454 2382 om.
1475 2351 1505 2381 D

182 2401 220 2432 τὸ
247 2401 344 2432 codd.
361 2411 369 2431 t
402 2401 488 2432 ἀλλὰ
513 2413 563 2442 γρ.
593 2400 626 2430 in
652 2410 718 2438 mg.
747 2400 825 2430 edit.
853 2399 970 2438 Paris„
997 2399 1038 2428 cs.
1066 2401 1082 2436 ξ
1111 2407 1149 2427 12
1267 2398 1305 2428 18
1330 2395 1450 2433 συνέβη
1474 2394 1506 2424 Α

182 2453 226 2476 20
246 2444 304 2476 τὸν
320 2453 386 2475 om.
404 2444 435 2475 Α
567 2453 608 2475 22
630 2444 745 2475 τούτου
761 2442 793 2473 Α

1358 2492 1417 2523 15*
