1763 2778
160 124 196 179 ι]
548 127 711 165 ΠΡΟΣ
759 126 1101 164 ΠΟΛΎΚΛΕΑ
1507 118 1642 174 [1223]

159 244 255 275 νειν,
280 226 402 268 πάλιν
427 226 674 280 παραλαβὼν
703 226 780 279 ἐγὼ
805 225 999 278 μάρτυρας
1032 229 1110 265 τῶν
1142 228 1328 270 πολιτῶν,
1356 240 1479 275 προσ-
1504 238 1548 273 54

158 295 288 336 ελθὼν
313 298 520 335 Πολυκλεῖ
539 294 680 349 τουτῳὶ
716 295 759 334 ἐν
781 293 950 347 Τενέδῳ,
977 291 1160 333 ἐκέλευον
1194 290 1311 332 αὐτὸν
1343 289 1415 341 τήν
1439 307 1482 331 τε

159 366 255 404 ναῦν
283 360 614 414 παραλαμβάνειν
644 361 696 403 ὡς
728 360 913 414 διάδοχον
939 361 1046 406 ὄντα,
1074 359 1136 399 καὶ
1165 358 1209 399 τὸ
1235 357 1480 410 ἐπιτριηράρ-

158 446 269 482 χημα
302 429 532 470 ἀποδιδόναι
567 431 637 468 τοῦ
670 428 817 482 χρόνου
851 427 897 468 οῦ
933 425 1178 477 ἐπανήλωσα
1210 426 1308 477 ὑπὲρ
1345 426 1483 465 τούτου

119 513 137 544 5
159 498 485 551 ἐπιτριηραρχῶν,
519 496 584 536 ἵνα
616 495 669 547 μὴ
703 495 908 548 πρόφασις
941 495 1042 549 αὐτῷ
1073 492 1231 546 γένοιτο
1261 492 1483 544 ἀπολογίας

157 563 255 616 πρὸς
278 565 390 615 ὑμᾶς,
420 563 470 606 ὡς
496 563 573 616 ἐγὼ
603 564 666 603 διὰ
691 566 806 604 τοῦτο
842 562 910 603 οὐκ
935 560 1082 612 ἤθελον
1105 560 1209 616 αὐτῷ
1242 561 1484 611 παραδοῦναι

157 631 230 682 τὴν
253 634 348 673 ναῦν
369 631 710 685 φιλοτιμούμενος,
731 631 794 670 ἵνα
810 629 1127 679 καταπλεύσαιμι
1147 630 1278 669 οἴκαδε
1298 627 1361 668 ἐπὶ
1387 627 1484 668 νεὼς

159 699 199 739 εῦ
218 700 420 750 πλεούσης
444 699 508 739 καὶ
535 696 782 749 ἐνδειξαίμην
806 698 897 748 ὑμῖν
921 697 970 736 τὰ
988 696 1239 747 ἀναλώματα.
1302 695 1371 735 οὐκ
1397 693 1481 735 ἐθέ-
1506 706 1546 742 55

157 771 299 808 λοντος
327 766 360 806 δ’
389 764 511 806 αὐτοῦ
543 763 890 817 παραλαμβάνειν,
919 767 998 803 τῶν
1035 765 1077 804 δὲ
1110 767 1261 803 ναυτῶν
1298 762 1484 815 ἀργύριον

100 847 138 869 10
158 833 370 874 αἰτούντων
395 833 460 874 ἵνα
485 832 764 885 ἀγοράσωνται
788 833 836 872 τὲι
862 830 1074 881 ἐπιτήδεια,
1092 830 1214 871 πάλιν
1240 829 1341 884 αὐτῷ
1360 846 1481 881 προσ-

157 899 324 954 έρχομαι
348 900 543 953 μάρτυρας
573 900 690 953 ἔχων,
717 898 780 939 καὶ
805 898 966 951 ἠρώτων
992 896 1111 938 αὐτὸν
1137 898 1170 938 εἰ
1193 896 1486 938 ἀναπλεύσειεν

159 968 264 1021 ἔχων
289 968 473 1021 ἀργύριον
502 968 554 1010 ὡς
582 965 856 1017 διαδεξόμενός
880 983 946 1017 μοι
971 965 1041 1016 τὴν
1073 968 1181 1011 ναῦν,
1210 961 1233 1015 ἢ
1257 964 1312 1005 οὔ.
1387 964 1483 1004 ἀπο-

160 1034 392 1088 κριναμένου
410 1035 443 1075 δ’
468 1035 585 1075 αὐτοῦ
609 1035 670 1075 ὅτι
693 1034 799 1087 ἔχων
826 1033 1010 1086 ἀργύριον
1034 1033 1135 1083 ἥκοι,
1160 1031 1345 1072 ἐκέλευον
1369 1030 1487 1072 αὐτόν

157 1119 225 1154 μοι
244 1105 424 1144 δανεῖσαι
447 1101 690 1153 ὑποθέμενον
714 1103 762 1141 τὰ
788 1101 908 1151 σκεύη
933 1103 1004 1151 τῆς
1031 1100 1139 1145 νεώς,
1167 1099 1217 1140 ἵν’
1246 1099 1379 1152 ἔχοιμι
1403 1101 1484 1138 δια-

99 1182 137 1214 15
159 1173 291 1210 δοῦναι
322 1174 404 1212 τοῖς
438 1169 597 1211 ναύταις
635 1169 697 1210 καὶ
734 1169 994 1219 κατακομίσαι
1023 1166 1096 1217 τὴν
1129 1170 1237 1213 ναῦν,
1272 1165 1407 1217 ἐπειδὴ
1443 1165 1489 1206 οὐ

157 1237 352 1288 βούλεται
375 1239 629 1289 παραλαβεῖν
654 1235 838 1290 διάδοχος
865 1235 930 1276 ὤν.
985 1233 1172 1286 δεομένου
1192 1233 1234 1274 δέ
1257 1251 1331 1284 μου
1352 1236 1486 1278 ταῦτα,
1511 1241 1553 1285 56

158 1304 398 1357 ἀπεκρίνατό
419 1321 487 1356 μοι
510 1304 574 1346 ὅτι
591 1303 670 1344 οὐδ’
696 1304 819 1355 ἀκαρῆ
845 1303 1035 1342 δανείσοι.
1102 1302 1179 1355 ἐγὼ
1203 1302 1276 1352 μὲν
1291 1301 1359 1341 οῦν
1383 1301 1489 1352 παρὰ

159 1371 284 1423 ξένων
319 1373 517 1413 Τενεδίων
553 1374 622 1412 τοῦ
657 1371 817 1423 πατρός,
857 1369 1110 1411 Κλεάνακτος
1147 1369 1209 1408 καὶ
1248 1366 1487 1420 Ἐπηράτου,

161 1438 425 1490 ἐδανεισάμην
450 1440 513 1480 καὶ
537 1438 666 1480 ἔδωκα
688 1441 771 1478 τοῖς
798 1437 956 1479 ναύταις
979 1436 1025 1477 τὸ
1045 1435 1289 1487 σιτηρέσιον·
1327 1437 1389 1475 διὰ
1414 1436 1490 1487 γὰρ
1513 1440 1652 1496 [1224]

101 1528 142 1550 20
160 1506 206 1547 τὸ
242 1506 457 1549 Πασίωνος
498 1505 599 1547 εῖναι
641 1505 702 1546 καὶ
740 1506 891 1546 ἐκεῖνον
927 1502 1196 1553 ἐπεξενῶσθαι
1225 1506 1393 1544 πολλοῖς
1427 1501 1491 1542 καὶ

161 1576 421 1625 πιστευθῆναι
457 1575 499 1614 ἐν
534 1573 580 1630 τῇ
620 1572 791 1613 Ἑλλάδι
825 1571 893 1612 οὐκ
931 1571 1117 1624 ἠπόρουν,
1159 1571 1256 1611 ὅπου
1295 1570 1488 1620 δεηθείην,

161 1640 433 1683 δανείσασθαι.
495 1640 546 1683 ὡς
570 1640 638 1681 οῦν
662 1642 785 1680 ταῦτα
808 1639 936 1690 ἀληθῆ
957 1638 1053 1692 πρὸς
1076 1639 1174 1690 ὑμᾶς
1197 1636 1317 1690 λέγω,
1342 1636 1491 1677 τούτων

161 1709 253 1760 ὑμῖν
278 1710 348 1751 τὰς
372 1708 583 1761 μαρτυρίας
610 1706 839 1761 παρέξομαι.

713 1821 939 1849 ΜΑΡΤΎΡῙΑῙ.

103 1903 141 1934 25
221 1884 365 1927 ‘'Oooev
395 1887 468 1937 μὲν
499 1885 633 1926 τοίνυν
667 1886 757 1936 ὑμῖν
789 1883 984 1936 ἐδυνάμην
1021 1885 1090 1925 τὰς
1122 1882 1334 1935 μαρτυρίας
1365 1897 1491 1933 παρα·
1514 1895 1556 1932 57

163 1952 339 2006 σχέσθαι
356 1956 434 1994 τῶν
456 1952 799 2006 παραγενομένων,
820 1952 870 1994 ὡς
890 1953 1123 2004 παρεδίδουν
1139 1949 1211 2000 τὴν
1235 1952 1332 1991 ναῦν
1356 1951 1491 1988 Πολυ-

165 2023 254 2061 κλεῖ
274 2019 482 2067 πολλάκις,
510 2020 620 2061 οὗτος
648 2022 690 2060 δὲ
714 2019 783 2059 οὐκ
808 2019 951 2070 ἤθελεν
979 2021 1242 2070 παραλαβεῖν,
1270 2015 1493 2069 ἀνέγνωκεν

162 2087 264 2138 ὑμῖν·
304 2087 362 2128 ἔτι
385 2089 428 2128 δὲ
449 2087 512 2128 καὶ
531 2088 574 2127 ἐκ
594 2088 810 2139 τεκμηρίων
829 2088 970 2127 ἱκανῶν
992 2084 1195 2136 δεδήλωκα
1210 2085 1314 2135 ὑμῖν,
1337 2082 1384 2124 δι’
1411 2083 1434 2122 ὅ
1454 2099 1494 2122 τι

164 2153 232 2194 οὐκ
263 2153 408 2206 ἤθελεν
438 2158 692 2207 παραλαβεῖν
725 2153 795 2204 τὴν
829 2157 934 2194 ναῦν.
1007 2152 1209 2203 βούλομαι
1237 2150 1270 2191 δ’
1302 2151 1393 2201 ὑμῖν
1431 2149 1494 2189 καὶ

103 2238 146 2270 30
164 2220 233 2262 τὸν
258 2222 380 2273 νόμον
405 2223 711 2274 ἀναγνωσθῆναι
734 2221 804 2262 τὸν
830 2221 918 2273 περὶ
944 2223 1022 2260 τῶν
1048 2219 1255 2272 διαδόχων,
1283 2217 1334 2258 ἵν’
1367 2218 1495 2267 εἰδῆτε

209 2340 229 2360 2
253 2329 356 2372 τούτῳ
373 2331 470 2362 codd.
609 2340 647 2369 15
672 2330 920 2370 κατακομίσαιμι
939 2329 962 2359 S
979 2329 1007 2358 D
1027 2339 1111 2359 corr.
1236 2337 1272 2365 17
1299 2326 1348 2357 ὅτι
1359 2336 1425 2356 om.
1439 2324 1490 2365 8¹,

165 2374 239 2404 add.
263 2374 297 2404 in
314 2385 382 2414 mg.
401 2374 475 2405 ead.
495 2385 537 2405 m.
673 2384 715 2404 20
742 2375 951 2414 ἐπεξενῶσθαι
968 2373 1058 2411 vulg.
1078 2372 1108 2401 A
1126 2381 1209 2402 corr.
1229 2382 1235 2401 ε
1262 2372 1428 2410 ἐξενῶσθαι
1448 2368 1491 2399 Α1

166 2427 207 2456 23
231 2418 288 2450 τὰς
303 2431 336 2458 μ.
355 2420 426 2458 ὑμῖν
442 2418 467 2447 F
481 2417 511 2456 Q
526 2418 555 2447 D
708 2418 750 2447 26
773 2415 854 2456 τῶν]
872 2416 994 2448 τούτων
1012 2416 1035 2446 S
1050 2415 1078 2444 D
1094 2429 1143 2456 γρ.
1312 2423 1351 2452 27
1377 2415 1493 2451 ἤθελεν

166 2460 191 2491 S
209 2461 297 2500 vulg.
315 2472 322 2492 z
345 2461 486 2500 ἠθέλησε
503 2461 535 2491 Α
624 2460 801 2501 ἀνέγνωκεν
816 2460 847 2490 Α
862 2470 869 2491 :
893 2458 1075 2500 ἀνέγνωμεν
1090 2463 1169 2490 cett.
