1763 2778
156 115 260 171 Lvm]
504 118 665 156 ΚΑΤΑ
714 117 1087 155 OEOKPINOT
1505 110 1645 166 [1336]

155 221 224 260 τόν
258 236 303 271 γε
338 219 477 259 τούτου
513 221 678 268 σημεῖον
712 217 815 268 ὑμῖν,
856 216 962 256 ἀλλὰ
998 216 1133 268 μεῖζον
1167 214 1485 269 παρασχήσομαι

156 287 255 327 διότι
278 285 382 326 τοῦτ’
401 285 513 326 ἔστιν
533 283 691 335 ἀληθές,
718 282 739 324 ὃ
764 282 909 326 πάντες
933 283 1173 324 ἀκούσαντες
1198 281 1484 334 ὁμολογήσετε.

158 353 376 406 Θεοκρίνης
395 354 469 405 γὰρ
489 351 626 392 οὑτοσὶ
644 355 781 391 τοῦτον
801 351 952 391 διώκων
970 350 1222 401 παρανόμων,
1244 349 1312 390 τὸν
1331 350 1483 401 μιαρόν,

159 421 209 463 ὡς
233 420 370 461 αὐτίκα
395 418 531 472 φήσει,
561 418 624 459 καὶ
654 422 731 458 τῶν
757 422 825 458 νῦν
850 417 951 472 αὐτῷ
986 421 1114 457 κακῶν
1138 418 1276 462 αἴτιον,
1305 420 1485 468 φανερῶς

119 508 136 539 5
158 489 287 540 ἀφῆκε
309 489 379 537 τῆς
402 488 573 540 γραφῆς,
600 484 664 537 ἐφ’
684 484 710 541 ᾗ
728 484 821 525 δέκα
846 483 1022 524 τάλαντα
1042 483 1298 536 ἐπεγράψατο
1324 485 1483 535 τίμημα.

157 558 256 601 πῶς,·
296 555 409 595 οὐδὲν
441 556 576 594 καινὸν
603 550 930 603 διαπραξάμενος,
966 550 1057 592 ἀλλ’
1089 552 1185 603 ὅπερ
1221 551 1350 603 ἕτεροί
1382 568 1486 593 τινες

157 625 234 662 τῶν
270 622 414 672 ὁμοίων
449 620 588 675 τούτῳ.
644 619 715 660 τὸν
746 621 819 671 μὲν
852 618 1120 669 Δημοσθένην
1155 636 1214 661 τις
1245 618 1486 669 ὑπωμόσατο

160 687 401 739 καλουμένης
435 690 506 739 τῆς
542 689 700 740 γραφῆς
736 686 788 729 ὡς
825 690 1035 733 νοσοῦντα,
1076 685 1145 727 τὸν
1186 686 1387 738 περιιόντα
1424 686 1487 726 καὶ

157 756 462 808 λοιδορούμενον
486 755 674 810 Αἰσχίνῃ·
711 757 850 794 τοῦτον
875 753 909 794 δ’
934 753 1050 796 οὗτος
1073 752 1141 794 τὸν
1166 752 1310 806 ἐχθρὸν
1336 754 1484 799 εἴασεν,

99 845 138 866 10
159 823 220 863 καὶ
245 823 333 863 οὔτε
357 822 447 862 τότε
471 822 788 873 ἀνθυπωμόσατο
818 820 899 861 οὔθ’
923 822 1092 873 ὕστερον
1119 819 1378 873 ἐπήγγελκεν.
1425 819 1486 871 ἆρ’

159 890 206 931 οὐ
236 893 462 942 περιφανῶς
494 889 602 930 οὗτοι
637 889 920 941 φενακίζουσιν
952 889 1050 939 ὑμᾶς
1086 888 1176 931 τοὺς
1211 887 1487 942 προσέχοντας

157 957 307 998 τούτοις
333 956 384 999 ὡς
406 957 584 1011 ἐχθροῖς,·
621 955 717 1008 λέγε
740 957 809 998 τὰς
832 957 1057 1007 μαρτυρίας.

703 1037 931 1064 MAPTTPIAI.

223 1095 379 1136 Οὐκοῦν
403 1095 553 1136 δίκαιόν
580 1096 702 1140 ἐστιν,
731 1092 760 1134 ῶ
786 1093 922 1146 ἄνδρες
949 1094 1143 1140 δικασταί,
1169 1093 1258 1146 μηδ’
1284 1094 1382 1145 ὑμᾶς
1410 1097 1487 1134 τῶν
1507 1109 1551 1141 44

101 1181 136 1212 ¹5
157 1163 371 1215 φησόντων
392 1163 589 1218 Θεοκρίνῃ
616 1163 679 1202 διὰ
703 1161 774 1212 τὴν
800 1161 896 1213 πρὸς
924 1161 1192 1212 Δημοσθένην
1217 1161 1364 1214 ἔχθραν
1391 1177 1483 1201 συν-

158 1233 262 1282 ερεῖν
278 1228 432 1270 ἐθέλειν
448 1229 617 1275 ἀκούειν,
637 1230 742 1269 ἀλλὰ
762 1228 938 1269 κελεύειν
958 1228 1110 1273 αὐτούς,
1133 1229 1241 1279 εἴπερ
1260 1227 1311 1269 ὡς
1331 1228 1487 1278 ἀληθῶς

160 1297 298 1351 ε’χθροί
321 1297 423 1337 εἰσιν
442 1300 510 1336 τοῦ
536 1295 832 1347 Δημοσθένους,
856 1295 973 1336 αὐτὸν
994 1296 1145 1336 ἐκεῖνον
1170 1294 1400 1347 γράφεσθαι
1426 1295 1488 1335 καὶ

158 1363 211 1415 μὴ
237 1362 460 1416 ἐπιτρέπειν
483 1363 585 1419 αὐτῷ
607 1362 815 1415 παράνομα
841 1362 1023 1415 γράφειν.
1089 1363 1169 1403 εἶσὶ
1198 1364 1240 1402 δὲ
1273 1362 1392 1402 δεινοὶ
1425 1362 1488 1403 καὶ

160 1431 277 1480 οὗτοι,
303 1431 364 1471 καὶ
383 1430 636 1471 πιστεύονται
653 1433 810 1481 μᾶλλον
831 1429 920 1483 παρ’
946 1432 1048 1481 ὑμῖν.
1098 1430 1150 1470 ἀλ
1158 1429 1191 1469 λ’
1210 1429 1255 1469 οὐ
1274 1428 1488 1479 ποιήσουσι

99 1518 140 1540 20
158 1501 285 1539 τοῦτο.
340 1500 404 1539 διὰ
421 1499 478 1546 τί,·
510 1499 569 1538 ὅτι
595 1498 698 1550 φασὶ
723 1502 914 1548 πολεμεῖν
934 1496 1127 1547 ἀλλήλοις
1146 1497 1192 1538 οὐ
1210 1501 1485 1547 πολεμοῦντες.

227 1565 329 1617 Περὶ
351 1567 424 1616 μὲν
447 1565 516 1605 οὖν
539 1567 609 1615 τῆς
637 1564 785 1605 τούτων
811 1565 955 1617 ἔχθρας
985 1566 1094 1615 ὑμεῖς
1126 1563 1175 1604 ἂν
1201 1563 1488 1616 ἀκριβέστερον
1508 1574 1550 1609 45

161 1633 246 1684 ἐμοὶ
271 1630 510 1682 διεξέλθοιτε
536 1628 560 1683 ἢ
584 1632 662 1684 ἐγὼ
680 1632 782 1682 ὑμῖν.
831 1630 953 1682 ἡδέως
973 1631 1005 1671 δ’
1032 1631 1079 1671 ἂν
1098 1631 1248 1683 ἠρόμην
1269 1632 1488 1683 Θεοκρίνην

161 1700 339 1740 ἐναντίον
356 1701 476 1750 ὑμῶν,
497 1701 534 1740 εἴ
549 1716 616 1750 μοι
640 1699 808 1750 ἔμελλεν
828 1699 1127 1751 ἀποκρινεῖσθαι
1152 1698 1319 1745 δικαίως,
1340 1698 1380 1739 τί
1401 1697 1488 1739 ποτ’

159 1765 208 1807 ἂν
243 1767 445 1817 ἐποίησεν,
479 1765 613 1817 ἐπειδή
648 1771 776 1818 φησιν
806 1766 871 1806 ἐπὶ
896 1766 948 1821 τῷ
979 1766 1147 1806 κωλύειν
1181 1765 1375 1819 τετάχθαι
1399 1765 1489 1806 τοὺς

102 1847 140 1878 25
161 1832 369 1886 παράνομα
398 1832 639 1887 γράφοντας,
674 1834 711 1874 εἴ
736 1850 794 1875 τις
827 1834 869 1873 ἐν
894 1834 946 1888 τῷ
973 1832 1080 1888 δήμῳ
1114 1833 1338 1887 διαλεχθεὶς
1363 1832 1491 1874 ἅπασι
1513 1833 1649 1889 [1337]

160 1904 240 1942 τοῖς
274 1902 456 1943 πολίταις
489 1901 550 1941 καὶ
580 1901 724 1943 πείσας
753 1900 930 1953 ἔγραψεν
957 1900 1102 1951 ἐξεῖναι
1130 1905 1213 1942 τοῖς
1242 1901 1395 1952 ἀτίμοις
1429 1901 1491 1940 καὶ

161 1971 241 2009 τοῖς
259 1968 494 2021 ὀφείλουσιν
512 1969 564 2024 τῷ
581 1968 757 2022 δημοσίῳ
784 1967 1024 2020 γράφεσθαι,
1044 1969 1218 2022 φαίνειν,
1242 1968 1488 2013 ἐνδεικνύειν,

161 2036 297 2077 ἁπλῶς
320 2040 449 2076 ποιεῖν
472 2036 624 2088 ὅσαπερ
651 2039 719 2076 νῦν
744 2035 764 2075 ὁ
788 2036 906 2086 νόμος
933 2034 1075 2077 κωλύει
1099 2034 1298 2087 πράττειν,
1324 2035 1491 2088 πότερον
1511 2041 1556 2083 46

208 2143 221 2163 1
248 2133 332 2165 ἄλλο
350 2133 374 2164 S
387 2133 412 2163 F
428 2133 457 2172 Q
473 2133 502 2162 D
656 2141 676 2172 5
702 2132 923 2174 ἐπεγράψαντο
941 2133 965 2164 S
979 2133 1019 2172 D,
1039 2133 1099 2164 sed
1117 2133 1158 2164 cf.
1177 2135 1193 2171 §
1213 2143 1254 2173 70
1407 2135 1427 2164 8
1452 2135 1491 2165 ὡς

161 2175 188 2207 F
200 2176 230 2215 Q
242 2176 294 2207 D:
318 2190 392 2209 τιως
409 2176 453 2207 S:
480 2187 543 2207 om.
560 2175 592 2206 A
681 2178 738 2208 τὸν
756 2177 829 2207 hab.
846 2176 877 2206 A
896 2177 988 2207 solus
1088 2176 1249 2219 περιιόντα
1270 2177 1294 2208 S
1310 2189 1317 2209 :
1343 2177 1492 2217 περιόντα

160 2225 237 2251 cett.
419 2231 440 2259 9
471 2222 577 2252 εἴασεν
615 2220 788 2259 SFQD:
827 2222 911 2252 εἴακε
950 2220 982 2250 A
1153 2231 1192 2252 10
1229 2221 1425 2261 ἐπήγγειλεν
1460 2220 1492 2249 Α

164 2273 199 2293 11
227 2265 305 2304 ὑμᾶς
321 2273 387 2294 om.
404 2263 436 2292 A
453 2268 545 2294 recte
562 2264 649 2300 fort,
666 2264 708 2295 cf.
725 2266 794 2302 §39
930 2274 967 2302 15
991 2265 1151 2304 Θεοκρίνει
1168 2264 1200 2294 Α
1337 2275 1372 2303 ¹7
1398 2265 1493 2296 αὐτὸν

164 2309 283 2338 ἐκεῖνον
295 2306 328 2336 Α
342 2318 349 2338 :
374 2309 494 2338 ἐκεῖνον
508 2308 620 2338 αὐτοὺς
631 2307 656 2338 S
671 2307 696 2337 F
710 2307 739 2345 Q
754 2307 783 2336 D
861 2308 900 2337 18
924 2308 956 2338 δὲ
973 2308 996 2338 S
1012 2319 1018 2338 :
1043 2308 1077 2339 δέ
1087 2321 1126 2348 γε
1139 2308 1170 2338 Α
1183 2308 1209 2338 F
1224 2307 1254 2346 Q
1268 2308 1297 2338 D
1358 2318 1399 2337 22
1425 2309 1491 2346 ἐμοὶ

162 2350 187 2379 F
203 2349 234 2388 Q
251 2361 259 2381 z
277 2352 351 2390 ἐμοῦ
363 2350 429 2381 SA
444 2350 474 2380 D
489 2350 574 2391 F7p.
587 2350 678 2391 Q‘yp.
770 2350 892 2390 ἠρόμην
908 2350 951 2387 Α,
969 2351 1010 2381 cf.
1030 2351 1134 2381 Isocr.
1152 2351 1200 2381 xii
1222 2362 1283 2390 149
1300 2363 1306 2382 :
1326 2353 1451 2392 ἐροίμην
1468 2350 1491 2380 S

162 2393 263 2433 vulg.‚
280 2394 370 2433 quod
388 2394 540 2424 defendit
558 2394 663 2431 stam,
682 2393 739 2424 Gr.
753 2393 856 2424 verb.
874 2404 904 2432 p.
921 2404 986 2433 409
1069 2404 1110 2432 23
1135 2395 1361 2435 ἀποκρίνεσθαι
1377 2394 1401 2424 F
1418 2394 1447 2431 Q
1463 2393 1491 2423 D

163 2446 204 2476 25
227 2436 391 2477 παράνομα
407 2436 484 2474 SA,
501 2436 540 2467 cf.
564 2439 578 2474 ξ
597 2446 638 2474 34
654 2446 662 2467 t
685 2438 725 2469 τὰ
742 2450 775 2468 π.
793 2436 883 2475 vulg.
988 2439 1018 2468 εἴ
1031 2436 1061 2466 Α
1076 2448 1083 2467 t
1109 2438 1234 2469 ἐπειδὰν
1251 2441 1281 2469 εἴ
1296 2437 1331 2479 [ζῇ
1349 2438 1393 2478 D>
1413 2441 1489 2467 cett.

163 2489 204 2520 27
230 2480 421 2512 ἐνδεικνύναι
438 2479 463 2509 F
482 2488 566 2510 corr.
586 2478 630 2517 Q¹
720 2480 762 2510 28
778 2478 930 2521 πότερον]
945 2479 1067 2520 ὁπότερ’
1082 2480 1135 2512 οὖν
1146 2479 1170 2511 S
1183 2479 1212 2519 Q
1224 2493 1274 2521 γρ.
