1763 2778
142 123 219 179 ux]
572 124 732 163 ΚΑΤΑ
780 124 1047 161 ΝΕΑΙΡΑΣ
1196 133 1200 136 -
1491 113 1630 168 [1364]

144 224 392 276 ποιήσασθαι
423 223 510 265 υἱὸν
545 225 675 270 αὑτοῦ,
711 220 912 275 λογισμὸν
949 221 1194 274 ἀνθρώπινον
1239 220 1300 261 καὶ
1340 220 1470 260 εἰκότα
1491 227 1534 264 57

144 293 413 346 λογιζόμενος,
434 292 495 331 ὅτι
519 290 698 343 πονήρως
722 292 795 341 μὲν
826 289 914 342 ἔχοι
937 289 1001 330 καὶ
1034 288 1078 328 οὐ
1108 287 1240 338 πολλὴ
1268 287 1382 328 ἐλπὶς
1412 289 1469 337 εἴη

146 360 262 401 αὐτὸν
283 357 630 411 περιγενήσεσθαι,
657 361 725 398 τοῦ
749 359 791 398 δὲ
822 356 874 408 μὴ
901 360 1046 407 λαβεῖν
1071 355 1161 397 τοὺς
1191 358 1399 407 συγγενεῖς
1424 352 1472 393 τὰ

147 429 264 468 αὑτοῦ
295 425 384 478 μηδ’
417 425 534 467 ἄπαις
562 423 883 475 τετελευτηκέναι
913 422 1128 473 ἐποιήσατο
1160 421 1229 463 τὸν
1259 424 1380 462 παῖδα
1408 421 1472 461 καὶ

108 507 126 538 5
147 493 348 545 ἀνέλαβεν
386 492 437 536 ὡς
473 493 603 533 αὑτόν·
660 492 744 532 ἐπεὶ
787 492 848 531 ὅτι
883 508 930 544 γε
969 490 1156 542 ὑγιαίνων
1192 488 1260 529 οὐκ
1295 488 1342 529 ἄν
1378 505 1474 529 ποτε

147 560 328 614 ἔπραξεν,
346 559 507 614 μεγάλῳ
532 559 724 613 τεκμηρίῳ
752 558 814 598 καὶ
829 561 1042 610 περιφανεῖ
1065 557 1141 609 ἐγὼ
1166 557 1256 607 ὑμῖν
1276 554 1472 606 ἐπιδείξω.

149 629 200 670 ὡς
224 628 298 681 γὰρ
324 626 469 677 ἀνέστη
486 626 660 680 τάχιστα
685 624 731 676 ἐξ
752 625 904 675 ἐκείνης
919 627 989 675 τῆς
1007 625 1216 665 ἀσθενείας
1236 624 1256 662 6
1275 623 1473 676 Φράστωρ
1498 633 1539 676 58

150 695 212 736 καὶ
237 694 438 745 ἀνέλαβεν
463 693 582 734 αὑτὸν
607 693 668 733 καὶ
695 692 817 746 ἔσχεν
843 694 1023 733 ἐπιεικῶς
1047 691 1092 731 τὸ
1119 695 1246 742 σῶμα,
1273 689 1475 741 λαμβάνει

148 765 314 815 γυναῖκα
337 760 464 811 ἀστὴν
481 762 576 801 κατὰ
601 760 691 802 τοὺς
716 761 870 811 νόμους,
892 759 1066 811 Σατύρου
1090 760 1163 810 μὲν
1181 761 1251 798 τοῦ
1270 756 1477 798 Μελιτέως

92 844 130 866 10
150 828 344 882 θυγατέρα
368 829 552 880 γνησίαν,
575 829 753 880 Διφίλου
772 829 813 867 δὲ
838 825 1032 879 ἀδελφήν.
1092 826 1198 866 ὥστε
1222 826 1282 865 ὅτι
1305 826 1378 876 μὲν
1404 824 1639 885 01'1)<[1365]

151 897 250 938 ἑκὼν
275 894 486 945 ἀνεδέξατο
509 894 579 935 τὸν
598 897 731 940 παῖδα,
758 895 865 934 ἀλλὰ
890 894 1076 945 βιασθεὶς
1091 892 1167 934 ὑπὸ
1182 894 1251 943 τῆς
1276 892 1398 933 νόσου
1416 891 1478 931 καὶ

152 965 222 1014 τῆς
237 963 421 1004 ἀπαιδίας
441 962 503 1002 καὶ
521 959 699 1014 τῆς<ὑπ’>
710 961 837 1001 αὐτῶν
854 960 1062 1012 θεραπείας
1081 961 1144 1000 καὶ
1159 962 1228 1011 τῆς
1246 960 1391 1012 ἔχθρας
1409 961 1479 1009 τῆς

152 1029 248 1083 πρὸς
272 1030 363 1071 τοὺς
386 1029 565 1075 οἰκείους,
590 1030 656 1070 ἵνα
680 1028 732 1079 μὴ
761 1028 998 1080 κληρονόμοι
1026 1027 1219 1080 γένωνται
1244 1030 1322 1067 τῶν
1347 1027 1476 1072 αὑτοῦ,

152 1096 199 1138 ἄν
237 1114 276 1137 τι
313 1095 433 1152 πάθῃ,
472 1095 577 1136 ταῦτ’
614 1095 718 1136 ἔστω
756 1096 847 1147 ὑμῖν
882 1093 1083 1147 τεκμήρια·
1124 1094 1297 1145 δηλώσει
1335 1095 1377 1134 δὲ
1417 1094 1479 1133 καὶ

94 1180 131 1212 15
152 1163 359 1205 τάκόλουθ’
387 1163 512 1204 αὐτῶν
536 1163 595 1204 ἔτι
617 1165 789 1214 μᾶλλον.
861 1161 913 1204 ὡς
936 1161 1013 1214 γὰρ
1043 1163 1201 1214 εἰσῆγεν
1231 1162 1251 1200 6
1281 1160 1479 1214 Φράστωρ
1501 1173 1544 1210 59

155 1233 211 1273 εἰς
233 1230 323 1273 τοὺς
348 1229 546 1283 φράτερας
568 1229 638 1271 τὸν
671 1233 791 1271 παῖδα
814 1230 858 1270 ἐν
881 1234 928 1286 τῇ
953 1229 1141 1283 ἀσθενείᾳ
1173 1227 1226 1269 ὢν
1251 1227 1320 1270 τὸν
1344 1229 1387 1268 ἐκ
1410 1229 1480 1278 τῆς

155 1297 345 1351 θυγατρὸς
363 1300 432 1348 τῆς
458 1298 644 1350 Νεαίρας,
673 1297 736 1338 καὶ
774 1297 828 1338 εἷς
852 1297 942 1338 τοὺς
973 1297 1160 1348 Βρυτίδας
1184 1297 1238 1336 ὧν
1272 1295 1334 1336 καὶ
1366 1294 1481 1336 αὐτός

156 1366 267 1406 ἐστιν
299 1366 320 1404 6
353 1364 551 1417 Φράστωρ
585 1363 787 1418 γεννήτης,
816 1365 961 1405 εἰδότες
996 1363 1104 1415 οἶμαι
1133 1365 1169 1404 οἱ
1198 1365 1383 1416 γεννῆται
1411 1361 1482 1412 τὴν

155 1437 321 1486 γυναῖκα
349 1432 434 1482 ἥτις
468 1430 532 1482 ἣν,
564 1430 614 1483 ἢν
651 1431 800 1483 ἔλαβεν
837 1432 857 1471 6
893 1428 1091 1483 Φράστωρ
1127 1430 1171 1470 τὸ
1208 1434 1374 1483 πρῶτον,
1411 1429 1483 1480 τὴν

96 1517 137 1538 20
156 1502 226 1550 τῆς
255 1500 427 1551 Νεαίρας
457 1498 664 1551 θυγατέρα,
705 1499 767 1539 καὶ
798 1498 871 1549 τὴν
903 1499 1136 1550 ἀπόπεμψιν
1165 1500 1233 1548 τῆς
1262 1497 1481 1549 ἀνθρώπου,

158 1567 220 1607 καὶ
245 1565 307 1606 διὰ
332 1565 403 1616 τὴν
428 1565 637 1606 ἀσθένειαν
674 1565 941 1617 πεπεισμένον
970 1565 1087 1605 αὐτὸν
1112 1563 1233 1605 πάλιν
1261 1566 1484 1615 ἀναλαβεῖν

157 1637 227 1674 τὸν
262 1636 395 1680 παῖδα,
432 1633 756 1686 ἀποψηφίζονται
791 1636 860 1672 τοῦ
893 1632 1031 1674 παιδὸς
1060 1633 1123 1672 καὶ
1160 1632 1227 1671 οὐκ
1261 1631 1485 1684 ἐνέγραφον

159 1700 277 1742 αὐτὸν
303 1701 358 1743 εἷς
383 1703 494 1753 σφᾶς
519 1700 670 1742 αὐτούς,
728 1700 925 1753 λαχόντος
942 1702 983 1739 δὲ
1009 1703 1077 1739 τοῦ
1096 1697 1330 1751 Φράστορος
1356 1699 1486 1740 αὐτοῖς
1505 1713 1551 1747 60

160 1769 283 1818 δίκην,
309 1767 370 1808 ὅτι
393 1767 462 1808 οὐκ
486 1767 707 1820 ἐνέγραφον
732 1768 849 1808 αὑτοῦ
874 1767 971 1813 υἱόν,
993 1770 1284 1818 προκαλοῦνται
1309 1765 1425 1805 αὐτὸν
1450 1767 1486 1805 οἱ

101 1851 139 1882 25
160 1837 346 1888 γεννῆται
378 1833 476 1886 πρὸς
510 1838 562 1889 τῷ
600 1838 775 1891 διαιτητῇ
809 1834 954 1885 ὀμόσαι
992 1833 1075 1873 καθ’
1113 1835 1226 1885 ἱερῶν
1263 1834 1425 1873 τελείων
1463 1831 1487 1883 ἦ

160 1901 237 1954 μὴν
253 1901 424 1953 νομίζειν
445 1902 545 1941 εἶναι
563 1902 681 1941 αὑτοῦ
696 1903 780 1942 υἱὸν
797 1901 844 1952 ἐξ
865 1902 991 1952 ἀστῆς
1010 1903 1193 1953 γυναικὸς
1213 1901 1275 1941 καὶ
1295 1902 1488 1953 ἐγγυητῆς

163 1967 260 2009 κατὰ
283 1968 352 2009 τὸν
382 1968 515 2019 νόμον.
587 1967 918 2021 προκαλουμένων
954 1970 996 2009 δὲ
1028 1972 1150 2008 ταῦτα
1181 1972 1258 2008 τῶν
1289 1971 1487 2020 γεννητῶν

162 2039 231 2076 τὸν
268 2033 483 2089 Φράστορα
519 2034 616 2087 πρὸς
650 2039 704 2090 τῷ
741 2038 929 2092 διαιτητῇ,
968 2035 1105 2076 ἔλιπεν
1137 2036 1157 2075 6
1187 2033 1386 2087 Φράστωρ
1420 2033 1489 2074 τὸν

162 2103 281 2155 ὅρκον
306 2103 368 2142 καὶ
394 2102 462 2142 οὐκ
488 2102 657 2153 ὤμοσεν.
720 2103 782 2143 καὶ
807 2103 868 2142 ὅτι
896 2103 1024 2153 ἀληθῆ
1049 2106 1170 2142 ταῦτα
1193 2102 1313 2155 λέγω,
1338 2102 1489 2142 τούτων
1508 2105 1551 2140 61

103 2187 144 2218 30
163 2170 254 2220 ὑμῖν
277 2167 470 2222 μάρτυρας
495 2169 585 2210 τοὺς
610 2170 807 2222 παρόντας
835 2172 1031 2221 Βρυτιδῶν
1055 2169 1286 2221 παρέξομαι.

209 2261 229 2290 3
253 2250 288 2282 δὲ
298 2252 396 2282 codd.
414 2263 421 2282 :
445 2252 483 2289 δὴ
495 2251 623 2281 Reiske
705 2252 725 2281 8
750 2251 864 2292 ἔσχεν]
881 2251 969 2292 εἶχεν
984 2251 1085 2281 Hude
1164 2262 1202 2281 10
1220 2252 1366 2293 Διιφῖλου
1376 2249 1488 2289 codd„

165 2305 252 2327 corr.
266 2295 432 2326 Schaeser
566 2305 604 2324 12
621 2297 679 2333 τῆς
697 2297 801 2327 αὐτῶν
817 2297 978 2336 θεραπείας
995 2296 1088 2326 codd.
1109 2306 1116 2326 ε
1142 2294 1190 2326 ὑπ’
1210 2295 1352 2325 inseruit
1371 2294 1468 2324 Blass
1483 2304 1490 2324 :

165 2344 282 2370 contra
294 2341 398 2370 αὐτῶν
409 2338 473 2369 del.
486 2338 582 2368 Tul-r.
677 2349 714 2376 14
732 2340 871 2376 δηλώσει
885 2339 998 2369 Wolf:
1023 2339 1159 2376 δηλώσω
1170 2339 1265 2369 codd.
1360 2340 1397 2367 16
1415 2336 1491 2378 φρά-

166 2395 260 2423 τερας
273 2382 297 2412 S
309 2381 349 2412 F1
365 2393 372 2412 ε
396 2382 552 2423 φράτορας
564 2381 655 2421 vulg.
724 2383 767 2413 ὢν
779 2382 809 2411 Y
822 2392 837 2411 r
849 2383 878 2412 D
894 2393 901 2412 :
928 2384 966 2413 ὡς
984 2381 1008 2412 S
1020 2382 1044 2412 F
1059 2382 1090 2420 Q
1194 2392 1298 2421 19-20
1314 2383 1373 2419 τὴν
1383 2383 1439 2418 τῆς
1450 2386 1490 2412 Ν.

167 2424 326 2466 θυγατέρα
348 2425 413 2456 del.
442 2425 557 2456 Naber
703 2436 744 2464 24
769 2426 849 2466 υἱόν]
875 2427 932 2457 τὸν
957 2425 1024 2458 υἱόν
1046 2425 1070 2455 F
1086 2425 1116 2463 Q
1130 2426 1159 2455 D
1304 2435 1345 2463 29
1368 2425 1419 2456 καὶ
1436 2426 1493 2455 οὐκ

168 2471 293 2508 ὤμοσεν
308 2469 373 2500 del.
392 2469 608 2500 Herwerden
777 2478 820 2507 30
841 2469 999 2510 μάρτυρας
1022 2470 1096 2501 τοὺς
1121 2468 1279 2510 παρόντας
1302 2467 1394 2506 FQ:
1418 2468 1494 2500 τοὺς

167 2512 321 2553 μάρτυρας
341 2511 365 2543 S
377 2512 407 2542 Y
418 2522 433 2542 r
446 2512 476 2542 D
