1763 2778
175 129 250 184 nv]
578 132 737 170 RATA
786 132 1003 169 ΚΟΝΩΝ
1015 132 1090 169 ΟΣ
1525 131 1663 187 [1267]

173 231 225 284 μὴ
251 231 544 287 παρασχομένῳ
568 231 727 272 τούτους
751 230 947 283 μάρτυρας
973 229 1021 281 ἦν
1052 229 1176 281 δήπου
1210 231 1331 283 λόγος
1362 229 1499 276 οὐδείς,

175 297 267 340 ἀλλ’
303 298 522 340 ἑαλωκέναι
560 298 786 353 παραχρῆμ’
822 300 976 352 ὑπῆρχε
1018 304 1163 355 σιωπῇ.
1235 298 1433 349 συμπόται
1468 295 1501 337 δ’

174 367 284 408 ὄντες
309 367 446 408 τούτου
472 367 535 408 καὶ
558 370 722 407 πολλῶν
746 366 932 406 τοιούτων
965 365 1092 418 ἔργων
1130 366 1306 406 κοινωνοὶ
1343 364 1501 406 εἶκότως

174 428 374 486 τὰ-ψευδῆ
398 433 752 486 μεμαρτυρήκασιν.
814 434 846 474 εἰ
863 432 895 472 δ’
922 433 1035 473 ἔσται
1058 432 1103 473 τὸ
1128 435 1286 485 πρᾶγμα
1312 435 1499 478 τοιοῦτον,

137 517 154 548 5
176 502 244 542 ἐὰν
263 499 374 552 ἅπαξ
393 499 829 555 ἀπαναισχυντήσωσίν
854 518 958 542 τινες
983 501 1046 541 καὶ
1071 501 1118 540 τὰ
1154 502 1281 552 ψευδῆ
1320 502 1501 551 φανερῶς

173 567 409 620 τολμήσωσι
433 572 654 620 μαρτυρεῖν,
682 561 800 609 0563
819 570 861 609 δὲ
897 563 1177 618 τῆςῖᾶληθείας
1214 569 1374 619 ὄφελος,
1400 565 1497 606 πάν-

175 637 304 677 δεινον
329 635 443 676 ἔσται
467 638 640 688 πρᾶγμα.
694 636 802 677 ἀλλὰ
826 635 873 686 νὴ
902 633 968 675 Δί’
984 634 1051 675 οὐκ
1073 636 1151 676 εἰσὶ
1176 637 1356 674 τοιοῦτοι.
1411 632 1501 673 ἀλλ’
1524 646 1568 682 34

175 703 315 744 ἴσασιν
338 703 458 755 ὑμῶν,
486 702 536 745 ὡς
561 703 639 755 ἐγὼ
667 703 824 754 νομίζω,
851 703 998 744 πολλοὶ
1025 702 1087 743 καὶ
1119 701 1187 743 τὸν
1223 702 1414 752 Διότιμον
1441 701 1502 740 καὶ

175 771 243 811 τόν
262 769 531 824 Ἀρχεβιάδην
556 769 619 810 καὶ
655 769 724 810 τὸν
750 769 965 822 Χαιρήτιον
997 769 1066 810 τὸν
1098 770 1305 810 ἐπιπόλιον
1331 768 1500 818 τουτονί,

116 855 156 878 10
175 837 211 878 οἳ
234 835 318 888 μεθ’
348 836 498 890 ἡμέραν
531 839 604 888 μὲν
641 836 997 890 ἐσκυθρωπάκασιν
1037 837 1098 877 καὶ
1131 836 1361 886 λακωνίζειν
1398 836 1502 888 φασὶ

176 904 237 944 καὶ
265 905 464 956 τρίβωνας
497 904 760 958 ἔχουσιῦ”καὶ
798 906 929 947 ἁπλᾶς
965 903 1243 961 ὑποδέδενταιῃ
1264 904 1424 943 ἐπειδὰν
1460 904 1502 942 δὲ

175 975 432 1024 συλλεγῶσιν
458 966 627 1022 xal‘poer’
653 970 843 1022 ἀλλήλων
863 971 1068 1025 γένωνται,
1097 975 1223 1011 κακῶν
1237 963 1305 1010 ’καὶ
1324 971 1503 1022 αἰσχρῶν

174 1038 290 1080 οὐδὲν
314 1039 562 1080 ἐλλείπουσι.
636 1040 697 1080 καὶ
722 1042 846 1079 ταῦτα
869 1040 918 1079 τὰ
937 1039 1102 1092 λαμπρὰ
1129 1038 1191 1078 καὶ
1216 1036 1374 1078 νεανικά
1393 1038 1502 1077 ἐστιν
1525 1048 1568 1086 35

173 1105 302 1147 αὐτῶν
327 1108 338 1124 ‘
354 1105 399 1146 οὐ
422 1108 498 1159 γὰρ
514 1106 624 1158 ἡμεῖς
648 1105 952 1159 μαρτυρήσομεν
988 1105 1201 1157 ἀλλήλοις,·
1228 1104 1273 1145 οὐ
1297 1106 1371 1157 γὰρ
1396 1102 1503 1145 ταῦθ’

117 1188 154 1222 15
175 1173 340 1226 ἑταίρων
366 1173 454 1214 ἐστὶ
478 1174 541 1215 καὶ
560 1175 712 1227 φίλων,·
739 1175 780 1215 τί
801 1176 843 1215 δὲ
857 1175 926 1215 -καὶ
952 1174 1080 1215 δεινόν
1097 1175 1207 1213 ἐστιν
1222 1173 1276 1213 ὧν
1295 1170 1503 1223 παρέξεται

175 1242 272 1281 κατὰ
297 1243 389 1288 σοῦ,·
416 1242 659 1293 τυπτόμενόν
685 1243 793 1294 φασί
814 1258 917 1283 τινες
938 1242 1052 1294 ὁρᾶν;
1072 1241 1182 1292 ἡμεῖς
1199 1242 1240 1280 δὲ
1265 1237 1352 1291 μηδ’
1377 1238 1505 1291 ἧφθαι

173 1307 217 1348 τὸ
255 1308 440 1361 παράπαν
476 1308 791 1362 μαρτυρήσομεν.
864 1309 1096 1350 ἐκδεδύσθαι
1139 1306 1360 1359 θοίμάτιον;
1399 1304 1503 1346 τοῦτ’
1525 1309 1661 1364 [1268]

173 1376 345 1418 ἐκείνους
385 1376 596 1430 προτέρους
637 1375 895 1428 πεποιηκέναι
931 1377 1043 1428 ἡμεῖς
1077 1373 1389 1456 μαρτυρήσομεν.
1460 1372 1504 1413 τὸ

172 1447 310 1508 χεῖλος
350 1443 566 1498 ἐρράφθαι,·
603 1461 675 1495 την
706 1443 888 1497 κεφαλην
928 1443 971 1484 δέ
1012 1443 1049 1496 γ’
1091 1443 1201 1494 ἡμεῖς
1236 1438 1259 1492 ἢ
1296 1441 1430 1493 ἕτερόν
1466 1456 1504 1480 τι

115 1527 154 1550 20
174 1510 342 1564 κατεαγέ
366 1528 405 1564 ᾳι
436 1511 648 1594 φήσοῖμενῖ
719 1512 826 1552 ἀλλὰ
864 1511 926 1551 καὶ
960 1510 1156 1563 μάρτυρας
1193 1507 1347 1561 ἰατροὺς
1382 1506 1500 1559 παρέ·
1523 1512 1569 1559 36

173 1594 307 1631 χομαι.
332 1565 484 1652 ,ζ’τοῦτ’
511 1579 578 1620 οὐκ·
606 1579 730 1629 ἔστιν,
758 1578 787 1619 ὠ
815 1578 952 1631 ἄνδρες
986 1577 1179 1624 δικασταί,
1206 1593 1311 1657 παρα
1335 1575 1501 1618 τούτοις·

174 1645 253 1685 ὅσα
276 1630 354 1699 γόίρ
368 1663 451 1709 μη
454 1646 501 1687 δι’
528 1648 669 1693 αὑτῶν,
696 1647 854 1688 οὐδειός
880 1645 1074 1700 μάρτυρος
1101 1643 1184 1685 καθ’
1208 1643 1319 1695 ἡμῶν
1334 1660 1498 1701 ευπορη-

176 1710 332 1754 σουσιν.
400 1713 436 1774 ἡ
448 1712 482 1763 δ’
515 1713 745 1755 ἀπἀὐτῶν
775 1714 981 1765 ἑτοιμότης
1012 1712 1091 1752 οὐδ’
1116 1729 1164 1752 αν
1189 1712 1312 1752 εἰπεῖν
1337 1709 1390 1761 μὰ
1413 1708 1503 1751 τοὺς
1548 1750 1551 1755 ,

176 1780 288 1822 θεοὺς
312 1781 538 1851 δυναίμην
524 1782 598 1832 όση
627 1782 689 1822 καὶ
714 1782 778 1822 οἵα
803 1781 898 1840 πρὸς
923 1780 967 1820 τὸ
994 1783 1120 1820 ποιεῖν
1157 1779 1286 1818 ὁτιοῦν
1321 1776 1502 1830 ὑπάρχει.

117 1862 155 1893 25
175 1846 241 1887 ἵνα
282 1846 317 1887 δ’
354 1847 498 1898 εἷδηθ’
512 1849 575 1889 οἶα
613 1848 674 1889 καὶ
702 1849 1043 1901 διαπραττόμενοι
1090 1845 1377 1898 περιέρχονται,
1416 1841 1503 1896 λέγ’

176 1913 308 1957 αὐτοῖς
325 1915 491 1956 ταυτασὶ
515 1917 585 1959 τὰς
608 1917 831 1969 μαρτυρίας,
859 1916 910 1956 σὺ
935 1915 967 1955 δ’
988 1915 1162 1965 ἐπίλαβε
1185 1912 1230 1953 τὸ
1252 1913 1366 1964 ὕδωρ.

740 2014 964 2041 ΜΑΡΤὙΡΙΑΙ.

243 2077 414 2130 Τοίχους
437 2078 568 2118 τοίνυν
593 2077 859 2129 διορύττοντες
884 2078 947 2117 καὶ
971 2077 1155 2118 παίοντες
1179 2073 1268 2116 τοὺς
1301 2074 1502 2114 ἀπαντῶν-
1525 2085 1570 2122 37

177 2158 259 2189 τας,
303 2143 365 2196 ἂρ’
407 2143 456 2184 ἂν
496 2146 587 2196 ὑμῖν
628 2146 795 2195 ὀκνῆσαι
832 2148 1014 2185 δοκοῦσιν
1051 2144 1093 2184 ἐν
1132 2141 1421 2195 γραμματειδίῳ
1458 2140 1506 2178 τὰ

117 2225 159 2257 30
177 2212 306 2262 ψευδῆ
331 2215 541 2264 μαρτυρεῖν
566 2211 760 2262 ἀλλήλοις
785 2213 821 2253 οἱ
850 2210 1176 2261 κεκοινωνηκότες
1212 2208 1406 2257 τοσαύτης
1443 2205 1504 2246 καὶ

229 2330 243 2350 Ι
262 2319 511 2362 παρεχομένῳΑ
565 2330 584 2360 5
602 2324 744 2362 φανερῶς
753 2322 836 2361 τὰψ.
849 2320 875 2351 F
887 2321 917 2359 Q
933 2320 962 2350 D
1022 2330 1043 2359 9
1059 2318 1244 2359 Χαιρήτιον]
1257 2318 1374 2348 eadem
1390 2320 1423 2345 ut
1437 2318 1452 2353 ξ
1465 2325 1501 2354 31

182 2363 369 2402 scripturae
387 2364 564 2394 diversitas
656 2364 829 2396 ὑποπόλιον
844 2364 1059 2394 Herwerden
1175 2372 1234 2399 13—
1240 2371 1275 2398 14
1295 2363 1399 2392 αὐτᾶν
1416 2359 1504 2391 ἐστίν

181 2405 208 2436 F
223 2406 253 2444 Q
268 2407 298 2436 D
375 2417 412 2446 15
438 2407 588 2448 ἑτέρωνδ
659 2409 697 2438 18
721 2422 762 2448 πρ
745 2407 890 2449 ροτέρους
904 2408 1022 2437 BlaSS:
1046 2419 1162 2447 προτερ
1146 2419 1198 2446 ρον
1214 2405 1310 2435 codd.
1389 2412 1430 2440 25
1455 2401 1505 2433 οἷα

182 2449 249 2490 καὶ]
269 2449 289 2482 ἃ
303 2449 335 2481 Α
422 2460 465 2490 30
489 2451 646 2489 ἀλλήλοις
662 2461 729 2482 orn.
748 2450 787 2482 5¹
876 2452 905 2483 οἱ
923 2451 946 2481 S
959 2449 1011 2480 A:
1035 2451 1070 2481 οὐ
1086 2449 1196 2487 vulg.
1218 2447 1282 2478 del.
1305 2446 1505 2484 Rosenberg
