1763 2778
87 133 221 188 [1139]
638 131 965 186 [ΔΗΜΟΣΘΕ
979 130 1154 185 Now]
1452 128 1568 185 [xum

241 248 307 288 τὸν
340 248 462 299 νόμον
490 247 804 299 μαρτυρηθείσας
830 245 1082 297 ἐξηπάτησεν
1106 245 1196 288 τοὺς
1221 244 1420 292 δικαστάς,
1446 248 1567 297 μηδὲν

241 315 343 370 αὐτῷ
366 313 489 356 πλέον
519 313 694 367 γένηται,
721 312 812 354 ἀλλ’
840 312 1163 365 ἐπισκηψάμενος
1188 316 1272 355 ταῖς
1295 314 1522 364 μαρτυρίαις
1547 313 1567 352 ὁ

242 382 436 432 ἀδικηθεὶς
472 381 537 422 καὶ
576 382 772 421 εἰσελθὼν
811 380 862 422 ὡς
902 381 1001 431 ὑμᾶς
1041 381 1103 421 καὶ
1142 379 1338 431 ἐπιδείξας
1376 381 1464 431 περὶ
1500 383 1568 420 τοῦ

241 448 471 501 πράγματος
500 447 591 490 τοὺς
621 447 818 501 μάρτυρας
851 449 900 488 τὰ
931 449 1058 500 ψευδῆ
1082 447 1436 499 μεμαρτυρηκότας,
1465 445 1568 499 παρά

241 533 283 556 τε
314 516 464 556 τούτων
494 515 605 566 δίκην
627 514 738 572 λάβῃ
764 515 826 556 καὶ
857 514 926 555 τὸν
955 514 1261 566 προβαλόμενον
1285 514 1470 554 ὑπόδικον
1495 514 1568 570 ἔχῃ
1589 531 1607 564 5

202 599 221 623 2
242 587 318 624 τῶν
351 587 626 636 κακοτεχνιῶν.
702 583 763 623 καὶ
801 583 864 622 διὰ
896 585 1010 622 τοῦτο
1040 585 1092 636 τῷ
1117 583 1188 632 μὲν
1212 581 1391 621 διώκοντι
1417 580 1568 621 ἐλάττω

243 651 437 700 ἐποίησαν
473 652 522 690 τὰ
558 651 745 700 ἐπιτίμια,
772 650 841 690 ἐὰν
871 649 1032 705 ἡττηθῇ,
1063 649 1128 689 ἵνα
1158 648 1210 699 μὴ
1245 650 1307 688 διὰ
1341 647 1385 688 τὸ
1418 650 1570 698 πλῆθος

244 716 540 769 ἀποτρέπωνται
575 717 728 757 διώκειν
763 715 854 758 τοὺς
884 715 1080 768 μάρτυρας
1111 719 1189 756 τῶν
1221 715 1570 768 ψευδομαρτυρίων

243 786 280 826 οἱ
304 784 561 835 ἀδικούμενοι,
589 784 642 839 τῷ
663 786 706 824 δὲ
734 783 925 837 φεύγοντι
948 782 1125 836 μεγάλας
1150 781 1346 833 ἐπέθηκαν
1369 783 1567 834 τιμωρίας,

244 853 311 892 ἐὰν
348 853 501 892 ἁλῶσιν
540 851 603 892 καὶ
636 849 809 901 δόξωσιν
849 851 939 902 ὑμῖν
975 851 1023 890 τὰ
1057 852 1184 903 ψευδῆ
1219 848 1568 902 μεμαρτυρηκέναι.
1593 868 1631 890 10

202 933 220 966 3
243 919 409 964 δικαίως,
437 916 467 959 ὦ
489 917 630 969 ἄνδρες
652 918 848 958 δικασταί.
918 918 1028 968 ὑμεῖς
1057 919 1133 969 γὰρ
1165 917 1222 958 εἰς
1252 916 1344 959 τοὺς
1374 915 1570 969 μάρτυρας

241 985 486 1038 βλέψαντες,
522 985 585 1026 καὶ
617 984 906 1026 πιστεύσαντες
937 984 995 1025 οἶς
1027 983 1074 1024 ἂν
1110 984 1216 1023 οὗτοι
1250 982 1570 1036 μαρτυρήσωσιν,

241 1053 484 1105 ψηφίζεσθε·
521 1053 586 1093 ἵνα
611 1052 678 1093 οὖν
697 1051 788 1103 μήθ’
805 1052 914 1102 ὑμεῖς
934 1050 1186 1101 ἐξαπατᾶσθε
1210 1049 1299 1101 μήθ’
1319 1053 1355 1091 οἱ
1382 1051 1572 1092 εἰσιόντες

243 1120 298 1162 εἷς
321 1119 421 1171 ὑμᾶς
444 1120 666 1166 ἀδικῶνται,
692 1121 756 1160 διὰ
780 1121 902 1159 ταῦτα
928 1117 1068 1160 αὐτοὺς
1097 1118 1306 1160 ὑποδίκους
1339 1119 1526 1168 ἐποίησεν
1552 1117 1572 1156 ὁ

86 1183 222 1240 [1140]
243 1185 471 1238 νομοθέτης.
541 1186 678 1237 δέομαι
721 1188 764 1227 δὲ
802 1187 911 1237 ὑμῶν
951 1186 1014 1226 καὶ
1061 1185 1140 1237 ἐγὼ
1180 1184 1263 1236 μετ’
1304 1184 1457 1226 εὐνοίας
1497 1201 1572 1235 μου
1595 1195 1631 1227 15

243 1252 518 1306 ἀκροάσασθαι
548 1254 637 1305 περὶ
670 1256 738 1293 τοῦ
769 1252 1000 1306 πράγματος
1031 1251 1077 1303 ἐξ
1099 1253 1223 1305 ἀρχῆς
1246 1250 1414 1301 ἅπαντα,
1441 1252 1506 1292 ἵνα
1531 1253 1572 1292 ἐκ

242 1321 391 1362 τούτων
429 1322 557 1372 εἰδῆτε
595 1321 674 1361 ὅσα
707 1320 785 1373 ἐγώ
817 1336 861 1362 τε
889 1318 1078 1370 ἠδικήθην
1108 1319 1171 1359 καὶ
1207 1318 1513 1370 ἐξηπατήθησαν
1537 1319 1573 1359 οἱ

245 1387 428 1429 δικασταὶ
451 1388 516 1429 καὶ
538 1387 649 1429 οὗτοι
669 1388 719 1428 τὰ
741 1389 870 1441 ψευδῆ
895 1387 1182 1439 ἐμαρτύρησαν.

203 1473 228 1507 4
313 1455 507 1496 Μάλιστα
534 1457 610 1507 μὲν
629 1454 699 1496 οὖν
722 1453 770 1495 ἂν
796 1455 1023 1506 ἐβουλόμην
1051 1453 1104 1505 μὴ
1139 1453 1246 1506 ἔχειν
1275 1453 1496 1506 πράγματα·
1540 1453 1574 1494 εἰ

246 1522 280 1563 δ’
303 1522 372 1563 οὖν
404 1521 621 1576 ἀναγκάζοι
652 1538 724 1568 τις,
749 1521 847 1574 πρὸς
876 1521 1074 1563 τοιούτους
1100 1520 1174 1572 ἡδύ
1202 1522 1314 1562 ἐστιν
1345 1519 1512 1561 εἰσιέναι
1537 1519 1574 1560 οἳ
1596 1540 1635 1561 20

245 1589 297 1641 μὴ
335 1589 509 1642 ἀγνῶτές
543 1591 646 1630 εἰσιν
681 1589 786 1640 ὑμῖν.
855 1592 923 1630 νῦν
959 1590 1002 1629 δὲ
1029 1589 1179 1629 πλείων
1210 1605 1279 1640 μοι
1308 1588 1431 1640 λόγος
1462 1587 1574 1628 ἔσται

247 1656 501 1710 ἐξελέγχοντι,
518 1656 589 1697 τὸν
606 1657 754 1709 τρόπον
774 1655 900 1696 αὐτῶν
925 1652 948 1707 ἢ
967 1654 1039 1706 τὴν
1057 1656 1272 1707 μαρτυρίαν
1288 1656 1418 1708 ψευδῆ
1436 1655 1573 1694 οὖσαν.

247 1725 335 1776 περὶ
372 1726 445 1775 μὲν
480 1726 558 1777 γὰρ
595 1725 664 1774 τῆς
699 1724 927 1776 μαρτυρίας,
957 1724 1017 1762 ὅτι
1052 1724 1180 1775 ψευδῆ
1215 1721 1572 1774 μεμαρτυρήκασιν,

248 1791 361 1831 αὐτοί
389 1807 456 1842 μοι
483 1793 669 1831 δοκοῦσιν
698 1791 798 1845 ἔργῳ
831 1789 1060 1843 ἐξελέγχειν
1085 1788 1219 1840 αὐτήν,
1246 1789 1309 1829 καὶ
1334 1789 1403 1829 οὐκ
1426 1788 1575 1830 ἄλλους

209 1874 225 1911 5
247 1875 296 1909 με
325 1861 388 1899 δεῖ
413 1856 610 1910 μάρτυρας
637 1856 922 1911 παρασχέσθαι
951 1853 974 1907 ἢ
1003 1855 1143 1898 αὐτοὺς
1171 1855 1343 1897 τούτους·
1381 1854 1471 1906 ἐξὸν
1498 1856 1574 1908 γὰρ
1597 1873 1634 1905 ²5

249 1925 378 1966 αὐτοῖς
403 1924 660 1979 ἀπηλλάχθαι
684 1924 925 1977 πραγμάτων
953 1924 1014 1964 καὶ
1037 1923 1090 1974 μὴ
1116 1923 1351 1964 κινδυνεύειν
1381 1923 1576 1964 εἰσιόντας

249 1993 306 2034 εἷς
327 1992 438 2043 ὑμᾶς,
466 1991 566 2047 ἔργῳ
599 1992 911 2043 βεβαιώσαντας
935 1991 987 2033 ὡς
1012 1989 1162 2041 ἀληθής
1186 1991 1298 2031 ἐστιν
1323 1990 1345 2041 ἡ
1370 1990 1573 2042 μαρτυρία,

291 2110 310 2140 3
335 2103 374 2134 ὡς
391 2100 577 2139 SAF1,cf.
597 2103 655 2132 xxi
683 2112 752 2141 112,
773 2103 847 2139 218,
866 2100 981 2132 xxxvii
1012 2102 1043 2140 8,
1064 2100 1147 2132 Isae.
1168 2101 1177 2131 i
1195 2109 1225 2139 3,
1251 2100 1332 2139 Lys.
1357 2099 1438 2129 xxxi
1458 2108 1472 2129 1
1490 2109 1497 2129 :
1532 2101 1576 2132 εἰς

247 2144 274 2176 F
291 2155 378 2176 corr.
396 2144 427 2184 Q
516 2146 537 2175 8
559 2145 799 2186 ἀποτράπωνται
817 2146 848 2176 Α
864 2157 871 2176 z
895 2145 1107 2186 ἀποτρέποιτο
1125 2144 1150 2174 F
1254 2154 1275 2183 9
1298 2146 1314 2176 ὁ
1331 2144 1532 2183 ἀδικούμενος
1550 2144 1578 2174 F

247 2189 308 2220 Sed
325 2189 353 2220 οἵ
367 2199 426 2221 s.v.
502 2189 673 2230 ἐπέθηκαν]
693 2191 784 2228 ἔθηκε
800 2189 832 2219 Α
910 2199 949 2220 10
972 2189 1094 2221 ἁλῶσιν
1110 2189 1158 2220 καὶ
1177 2187 1311 2229 δόξωσιν
1327 2186 1352 2217 S
1363 2186 1393 2225 Q
1410 2200 1459 2228 γρ.
1475 2199 1482 2218 :
1506 2187 1575 2226 ἁλῷ

248 2234 299 2265 καὶ
316 2235 392 2275 δοκῇ
407 2232 494 2271 vulg.
583 2233 639 2274 τὰ]
659 2233 711 2264 hic
729 2234 853 2265 desinit
869 2233 977 2264 codex
994 2233 1036 2271 A,
1054 2233 1088 2262 in
1105 2242 1170 2272 quo
1188 2232 1269 2262 haec
1286 2231 1390 2261 oratio
1408 2241 1493 2261 nunc
1505 2230 1575 2271 qui-

250 2277 324 2307 dem
339 2281 491 2307 extrema
508 2281 618 2308 exstat
709 2288 743 2307 11
771 2277 895 2309 δικαίως
912 2275 937 2307 S
954 2287 962 2307 ε
985 2278 1034 2308 καὶ
1053 2276 1178 2308 δικαίως
1195 2275 1221 2306 F
1235 2274 1264 2313 Q
1283 2274 1310 2304 D
1401 2283 1438 2312 13
1464 2277 1575 2314 ἐξαπα-

248 2323 348 2358 τησθε
365 2319 389 2350 S
525 2330 564 2360 19
587 2321 788 2360 ἧβουλοίμην
805 2320 830 2352 S
970 2330 1013 2351 20
1037 2319 1063 2351 δ’
1081 2319 1150 2360 οὖν]
1169 2318 1195 2351 δ’
1214 2318 1258 2359 ἄρ’
1280 2318 1390 2348 Naber
1477 2318 1574 2357 ἀναγ-

250 2363 335 2402 κάζει
353 2362 519 2395 Richards
609 2365 639 2396 οἳ
655 2364 770 2395 Wolf:
794 2366 822 2397 εἰ
836 2364 933 2395 codd.
1083 2373 1124 2401 24
1147 2363 1247 2400 αὐτήν
1264 2361 1288 2392 S
1301 2361 1325 2391 F
1341 2360 1371 2399 Q
1385 2360 1415 2391 D
1432 2372 1438 2391 :
1461 2361 1575 2392 αὐτούς

250 2406 275 2437 F
293 2420 342 2448 γρ.
362 2406 392 2445 Q
408 2419 458 2447 γρ.
478 2419 485 2438 :
508 2408 620 2440 αὑτούς
637 2408 773 2438 Voemel
900 2416 941 2447 25
965 2408 1027 2448 γὰρ
1047 2405 1094 2437 S:
1116 2407 1178 2448 γὰρ
1197 2406 1235 2444 ἦν
1252 2410 1331 2436 cett.
1457 2405 1500 2434 26
1522 2406 1575 2436 αὺ-

248 2453 315 2483 τοῖς
333 2449 394 2482 SF
411 2461 496 2482 corr.
520 2451 549 2480 D
566 2462 573 2482 ε
598 2453 711 2484 αὐτοὺς
728 2452 818 2490 vulg.
954 2460 993 2489 27
1019 2451 1263 2488 βεβαιώσαντας
1282 2449 1305 2480 S
1321 2447 1356 2478 Ρ]
1513 2447 1516 2451 ’
