1763 2778
96 114 232 169 [1104]

214 228 235 262 9

194 629 236 654 10

194 966 230 993 11

101 1283 230 1338 [1105]

192 1372 232 1397 12

677 118 1166 156 ΔΗΜΟΣΘΕΝΟΎΣ
1492 113 1581 168 [κιν

322 215 546 257 Ἠκούσατε
569 218 642 267 μὲν
659 218 728 266 τῆς
750 216 974 268 μαρτυρίας,
1004 214 1034 256 ὦ
1054 215 1189 268 ἄνδρες
1215 218 1411 263 δικασταί,
1438 217 1581 268 νομίζω

256 282 289 321 δ’
315 284 424 333 ὑμᾶς,
457 284 490 323 εἰ
521 283 582 322 καὶ
608 285 731 334 μηδὲν
753 287 833 324 τῶν
858 283 994 324 ἄλλων
1018 283 1262 324 αἰσθάνεσθέ
1289 301 1362 331 πω,
1397 284 1513 324 τοῦτό
1544 283 1581 337 γ’

255 349 349 389 αὐτὸ
374 349 597 401 θαυμάζειν,
623 349 670 390 τὸ
692 349 764 400 τὴν
789 352 860 401 μὲν
886 350 1014 403 ἀρχὴν
1033 353 1101 400 τῆς
1124 352 1335 402 μαρτυρίας
1360 351 1460 391 εἶναι
1484 351 1578 403 πρό-

257 422 414 466 κλησιν,
441 416 510 467 τὴν
537 418 577 457 δὲ
601 416 786 467 τελευτὴν
807 416 1005 468 διαθήκην.
1055 417 1100 457 οὐ
1124 417 1201 468 μὴν
1221 417 1313 458 ἀλλ’
1339 417 1454 470 ἔγωγ’
1474 418 1581 469 οἶμαι

255 485 350 530 δεῖν,
382 483 555 534 ἐπειδάν,
592 482 613 524 ὃ
650 487 726 524 τῶν
762 483 1118 536 μεμαρτυρημένων
1156 485 1326 537 ὡσπερεὶ
1361 484 1581 537 κεφάλαιόν
1601 505 1618 537 5

255 551 380 597 ἐστιν,
400 549 579 601 ἐπιδείξω
605 553 753 603 ψεῦδος
771 553 830 597 ὅν,
850 551 1047 601 τηνικαῦτ’
1064 551 1137 602 ἤδη
1165 552 1227 592 καὶ
1252 553 1340 604 περὶ
1358 555 1436 592 τῶν
1452 553 1578 592 τοιού-

254 633 334 657 των
358 619 559 658 ποιεῖσθαι
583 617 672 659 τοὺς
699 618 856 667 λόγους.
895 618 983 659 ἔστι
1007 618 1052 669 δὴ
1079 618 1426 672 μεμαρτυρημένον
1450 620 1580 661 αὐτοῖς

255 687 543 735 προκαλεῖσθαι
572 684 770 737 Φορμίων’
796 686 969 737 ἀνοίγειν
994 687 1064 728 τὰς
1096 685 1294 736 διαθήκας,
1323 687 1367 728 ἃς
1392 686 1580 739 παρέχειν

255 750 354 803 πρὸς
387 751 454 791 τὸν
491 752 690 804 διαιτητὴν
726 754 893 793 Τεισίαν
930 752 1109 805 Ἀμφίαν
1147 752 1217 794 τὸν
1255 756 1581 806 Κηφισοφῶντος

257 817 464 869 κηδεστήν·
505 820 574 870 ἐμὲ
611 817 646 860 δ’
676 818 747 860 οὐκ
778 818 933 860 ἐθέλειν
957 820 1144 872 ἀνοίγειν·
1187 820 1287 860 εἶναι
1322 820 1355 860 δ’
1391 821 1436 862 ἃς
1472 820 1580 861 αὐτοὶ

253 884 596 937 μεμαρτυρήκασιν
621 885 804 936 διαθήκας
832 886 1097 939 ἀντιγράφους
1123 889 1293 930 ἐκείνων.
1355 886 1426 928 εἶθ’
1450 887 1473 939 ἡ
1498 889 1582 928 δια-

255 951 352 1003 θήκη
378 952 608 1005 γέγραπται.
659 955 738 1006 ἐγὼ
763 954 894 994 τοίνυν
919 954 1008 1006 περὶ
1032 957 1106 1005 μὲν
1129 958 1200 996 τοῦ
1219 955 1512 1006 προκαλεῖσθαί
1533 971 1581 1005 με

254 1016 348 1070 ἢμὴ
382 1024 505 1061 ταῦτα
533 1021 758 1073 Φορμίωνα,
789 1020 903 1062 οὐδέν
929 1038 988 1062 πω
1020 1020 1140 1074 λέγω,
1174 1020 1254 1062 οὐδ’
1286 1022 1384 1074 ὑπὲρ
1408 1024 1478 1062 τοῦ
1511 1023 1580 1063 τὰς

254 1085 439 1136 διαθήκας
475 1087 638 1138 ἀληθεῖς
671 1085 695 1139 ἢ
728 1091 889 1140 ψευδεῖς
926 1088 1036 1135 εἶναι,
1071 1088 1163 1129 ἀλλ’
1196 1088 1324 1142 αὐτίχ’
1356 1089 1456 1139 ὑμᾶς
1492 1089 1580 1140 περὶ

253 1153 402 1194 τούτων
421 1152 576 1204 διδάξω·
607 1154 700 1195 ἀλλ’
719 1156 742 1195 ἃ
757 1154 1089 1207 μεμαρτυρήκασι,
1105 1154 1157 1206 μή
1172 1155 1211 1206 μ’
1228 1155 1380 1196 ἐθέλειν
1395 1155 1440 1195 τὸ
1455 1172 1579 1208 γραμ-

252 1224 413 1271 ματεῖον
437 1222 622 1273 ἀνοίγειν,
645 1221 714 1262 ὡδὶ
729 1222 774 1272 δὴ
797 1226 995 1264 σκοπεῖτε.
1045 1226 1113 1263 τοῦ
1132 1238 1188 1263 τις
1208 1222 1256 1263 ἂν
1277 1222 1391 1264 εἵνεκ’
1411 1222 1580 1275 ἔφευγεν

253 1288 427 1339 ἀνοίγειν
451 1287 496 1328 τὸ
520 1293 806 1340 γραμματεῖον;
845 1289 894 1329 ἵν’
919 1289 941 1340 ἡ
975 1289 1138 1341 διαθήκη
1166 1289 1212 1340 νὴ
1243 1290 1323 1330 Δία
1349 1289 1401 1341 μὴ
1427 1290 1579 1342 φανερὰ

253 1353 407 1406 γένοιτο
430 1358 513 1396 τοῖς
536 1357 752 1397 δικασταῖς.
805 1358 837 1397 εἰ
862 1358 934 1407 μὲν
952 1358 1084 1397 τοίνυν
1099 1356 1151 1408 μὴ
1172 1356 1516 1409 προσεμαρτύρουν
1531 1357 1578 1412 τῇ

253 1421 474 1473 προκλήσει
497 1421 570 1473 τὴν
585 1422 772 1474 διαθήκην
792 1423 910 1469 οὗτοι,
936 1424 1060 1476 λόγον
1079 1423 1164 1477 εἶχέ
1181 1423 1254 1464 τιν’
1278 1423 1327 1464 ἂν
1346 1424 1391 1464 τὸ
1416 1423 1579 1476 φεύγειν

253 1487 313 1539 ἔμ’
339 1489 513 1541 ἀνοίγειν
538 1493 582 1529 τὸ
607 1494 884 1542 γραμματεῖον·
922 1491 1328 1543 προσμαρτυρούντων
1360 1493 1402 1531 δὲ
1431 1491 1580 1531 τούτων

253 1555 315 1595 καὶ
339 1559 417 1596 τῶν
443 1559 638 1597 δικαστῶν
664 1558 805 1608 ὁμοίως
831 1556 1121 1609 ἀκουσομένων,
1148 1559 1189 1598 τί
1208 1556 1255 1608 ἦν
1277 1575 1344 1609 μοι
1377 1557 1511 1609 κέρδος
1535 1557 1580 1597 τὸ

249 1622 302 1673 μὴ
329 1622 494 1670 ’θέλειν;
532 1623 622 1665 οὐδὲ
647 1624 688 1664 ἓν
713 1623 850 1674 δήπου.
905 1624 999 1664 αὐτὸ
1023 1626 1098 1677 γὰρ
1123 1625 1365 1670 τούναντίον,
1387 1623 1417 1665 ὦ
1442 1624 1578 1677 ἄνδρες

251 1689 466 1740 Ἀθηναῖοι,
490 1689 560 1731 κᾶν
580 1692 613 1731 εἷ
637 1693 759 1742 μηδὲν
778 1691 1062 1743 προύκαλοῦνθ’
1087 1692 1205 1738 οὗτοι,
1226 1693 1335 1747 λόγῳ
1355 1691 1388 1732 δ’
1405 1693 1578 1745 ε’χρῶντο

249 1756 385 1807 μόνον,
422 1757 484 1798 καὶ
515 1758 704 1811 παρεῖχέν
738 1775 795 1800 τις
829 1758 958 1799 αὐτοῖς
992 1762 1258 1811 γραμματεῖον
1290 1759 1341 1801 ὡς
1375 1757 1575 1809 διαθήκην,

1604 836 1642 858 10

1603 1169 1640 1202 15

1601 1504 1640 1525 20

189 1837 229 1872 13
254 1825 347 1874 ἐμὸν
372 1823 420 1874 ἦν
445 1824 488 1864 τὸ
514 1827 802 1876 προκαλεῖσθαι
828 1826 889 1865 καὶ
915 1826 1091 1866 κελεύειν
1111 1827 1285 1878 ἀνοίγειν
1303 1826 1459 1875 ταύτην,
1480 1824 1577 1866 ἵνέῑ
1598 1835 1637 1869 25

250 1892 323 1941 μὲν
352 1890 443 1931 ἄλλ’
474 1890 572 1931 ἄττα
604 1895 681 1932 τῶν
713 1891 789 1932 ὑπὸ
819 1892 968 1932 τούτων
1003 1892 1358 1945 μεμαρτυρημένων
1389 1891 1439 1943 ἥν
1468 1892 1581 1932 τάκεῖ

251 1957 515 2009 γεγραμμένα,
555 1957 751 2011 μάρτυρας
790 1958 901 2000 εὐθὺς
935 1962 1014 1999 τῶν
1050 1960 1365 2011 περιεστηκότων
1401 1959 1576 2000 πολλοὺς

249 2024 518 2075 ποιησάμενος
542 2027 733 2080 τεκμηρίῳ
760 2026 882 2080 τούτῳ
909 2027 971 2066 καὶ
997 2027 1084 2078 περὶ
1108 2030 1187 2067 τῶν
1205 2026 1354 2072 ἄλλων,
1382 2026 1432 2067 ὡς
1458 2043 1574 2066 κατα-

249 2091 522 2141 σκευάζουσιν,
556 2092 751 2145 ἐχρώμην·
792 2094 826 2133 εἶ
861 2095 903 2133 δὲ
939 2092 1045 2133 ταῦτ’
1081 2094 1185 2143 ἐνῆν,
1224 2093 1293 2133 τὸν
1328 2092 1574 2146 παρασχόντ’

291 2211 311 2231 2
336 2200 523 2233 αἰσθάνεσθε
543 2202 566 2232 S
583 2201 612 2231 D
629 2214 636 2232 ε
661 2201 863 2234 αἰσθάνεσθαι
880 2202 970 2241 vulg.
1063 2203 1102 2232 16
1123 2203 1181 2233 τοῦ
1198 2203 1245 2234 τίς
1272 2202 1312 2233 ἂν
1329 2201 1353 2232 S
1366 2200 1433 2240 FQ
1449 2199 1480 2231 D
1496 2214 1547 2242 γρ.
1567 2212 1574 2232 :

248 2245 335 2277 τίνος
352 2246 390 2276 ἂν
407 2245 437 2274 D
557 2247 675 2278 εἵνεκεν
692 2246 787 2278 codd.
921 2244 1007 2287 (καὶ)
1024 2246 1160 2286 ἔφευγεν
1178 2245 1323 2282 Βοὸτεε,
1343 2245 1384 2276 cf.
1399 2246 1517 2275 xxxvii
1532 2255 1572 2284 27

249 2297 290 2317 22
315 2288 405 2320 οὐδὲν
425 2288 450 2318 F
476 2289 590 2319 nescio
614 2299 654 2319 an
682 2295 784 2329 recte,
808 2289 849 2320 cf.
870 2290 973 2319 xxxvi
997 2299 1049 2327 30,
1074 2288 1157 2319 Isae.
1183 2289 1204 2319 ii
1229 2299 1270 2328 39
1455 2299 1496 2327 24
1521 2289 1571 2320 καὶ

247 2334 402 2373 παρεῖχεν
433 2332 526 2363 codd.
544 2343 550 2362 :
576 2333 624 2364 ὅτι
642 2346 674 2363 π.
696 2333 814 2372 Roget·
899 2343 940 2371 25
965 2333 1108 2364 κελεύειν
1124 2332 1155 2371 Q
1169 2345 1223 2375 γρ.
1242 2345 1249 2364 :
1273 2343 1340 2363 om.
1360 2337 1438 2362 cett.
1530 2341 1573 2371 29

248 2377 338 2407 ταῦτ’
351 2375 480 2406 Reiske
497 2387 504 2406 :
528 2375 618 2407 ταῦτ’
637 2377 734 2407 codd.
756 2377 845 2417 (sine
863 2382 1003 2408 accentu
1021 2376 1061 2417 S)
