1763 2778
116 518 134 549 5

95 854 133 875 10

95 1188 132 1220 15

96 1525 135 1547 20

156 127 284 183 vam]
446 133 607 170 ΚΑΤΑ
658 131 1175 170 ΟΛΎΜΠΙΟΔΩΡΟΎ
1499 127 1629 183 [1170]

154 230 240 287 ᾤκει
265 230 379 273 αὐτὸς
406 232 425 270 ὁ
452 231 608 282 Κόμων,
637 230 699 270 καὶ
731 229 981 282 τάνδράποδα
1009 232 1044 271 οἱ
1078 230 1371 284 σακχυφάνται,
1398 232 1420 283 ἡ
1448 232 1480 272 δ’

157 298 270 351 ἑτέρα
293 297 341 349 ἣν
365 297 474 351 μερὶς
490 298 591 339 οἰκία
604 296 718 350 ἑτέρα
738 298 799 339 καὶ
818 297 1070 350 τάνδράποδα
1089 300 1124 339 οἱ
1145 299 1478 352 φαρμακοτρίβαι.

155 366 340 419 ἀργύριον
364 368 406 407 δὲ
430 366 467 406 εἴ
492 383 530 406 τι
560 365 770 406 κατέλιπεν
798 365 818 404 ὁ
846 366 989 416 Κόμων
1017 361 1196 419 Ιφανερὸν
1224 365 1288 406 ἐπὶ
1318 372 1366 424 τῇ
1389 383 1479 419 τρα-
1501 369 1621 422 [1171]

155 432 251 489 πέζῃ
275 438 322 490 τῇ
343 431 618 485 Ἡρακλείδου,
645 431 751 473 τοῦθ’
777 431 881 473 ἅπαν
907 434 1054 486 σχεδόν
1079 450 1115 473 τι
1139 433 1322 484 ἀνηλώθη
1351 435 1405 475 εἵς
1436 451 1479 475 τε

154 499 225 550 τὴν
248 499 378 552 ταφὴν
405 500 467 540 καὶ
491 500 620 540 τᾶλλα
645 501 694 540 τὰ
718 500 954 551 νομιζόμενα
989 501 1049 540 καὶ
1076 501 1130 542 εἰς
1154 500 1225 550 τὴν
1255 501 1480 552 οἰκοδομίαν

153 571 222 607 τοῦ
256 565 470 619 μνήματος.
540 567 682 608 διελὼν
722 567 755 607 δ’
798 567 876 620 ἐγὼ
911 566 980 610 τὰς
1019 568 1085 608 δύο
1123 567 1266 609 ταύτας
1306 568 1477 620 μερίδας,
1503 584 1542 618 13

154 634 280 675 ἔδωκα
303 635 456 687 αἵρεσιν
471 635 611 689 τουτῳὶ
636 634 947 690 Ὀλυμπιοδώρῳ
975 634 1169 687 ὁποτέραν
1183 635 1376 686 βούλεται
1401 639 1479 676 τῶν

152 702 320 754 μερίδων
348 706 507 753 λαβεῖν,
544 702 606 742 καὶ
635 701 747 743 οὗτος
780 703 908 742 εἵλετο
940 702 1030 744 τοὺς
1060 703 1386 755 φαρμακοτρίβας
1417 703 1478 743 καὶ

152 768 223 819 τὴν
254 769 448 819 οἰκίσκην·
484 769 562 822 ἐγὼ
598 768 630 809 δ’
674 770 827 820 ἔλαβον
863 769 952 811 τοὺς
989 768 1274 823 σακχυφάντας
1311 769 1373 809 καὶ
1408 769 1477 820 τὴν

154 837 280 877 οἰκίαν
304 835 375 887 τὴν
401 835 552 887 ἑτέραν.
625 836 688 876 καὶ
702 835 805 876 ταῦτ’
832 836 943 877 ἔστιν
968 837 991 877 ἃ
1017 836 1199 889 ἑκάτερος
1221 836 1332 887 ἡμῶν
1357 836 1476 890 εῖχεν.

154 904 196 944 ἐν
220 905 263 944 δὲ
285 909 333 960 τῇ
357 904 483 956 μερίδι
508 904 554 959 τῇ
580 903 734 944 τουτουὶ
767 902 1094 956 Ὀλυμπιοδώρου
1119 902 1166 953 ἦν
1191 904 1247 945 εἷς
1271 907 1350 944 τῶν
1375 909 1475 956 φαρ-
1502 919 1542 951 14

152 974 419 1022 μακοτριβῶν,
459 968 504 1011 ὃν
538 969 716 1022 μάλιστα
759 971 935 1021 ἐνόμιζεν
975 970 1118 1012 πιστὸν
1154 972 1276 1025 ἑαυτῷ
1321 969 1420 1011 εῖναι
1458 972 1478 1010 ὁ

155 1038 311 1088 Κόμων·
348 1039 474 1089 ὄνομα
499 1039 541 1079 δὲ
571 1041 623 1092 τῷ
657 1037 848 1092 ἀνθρώπῳ
882 1038 994 1078 ἐστὶν
1032 1038 1242 1091 Μοσχίων.
1317 1037 1429 1079 οὗτος
1459 1038 1478 1076 ὁ

153 1104 305 1156 οἰκέτης
331 1105 478 1159 σχεδόν
502 1121 541 1146 τι
563 1104 645 1162 ᾔδει
670 1104 717 1145 τά
742 1122 784 1146 τε
808 1104 915 1145 ἄλλα
939 1104 987 1145 τὰ
1010 1110 1078 1146 τοῦ
1104 1106 1292 1156 Κόμωνος
1311 1103 1476 1151 ἅπαντα,

155 1171 218 1212 καὶ
246 1171 291 1222 δὴ
325 1172 371 1213 τὸ
403 1172 589 1225 ἀργύριον
625 1172 670 1212 οὗ
702 1171 762 1222 ἦν,
793 1171 838 1212 τὸ
863 1172 977 1213 ἔνδον
1011 1173 1190 1223 κείμενον
1222 1173 1273 1227 τῷ
1306 1173 1476 1223 Κόμωνι.

155 1239 217 1279 καὶ
249 1239 295 1290 δὴ
329 1240 392 1280 καὶ
425 1240 568 1281 ἔλαθεν
591 1238 660 1280 τὸν
698 1240 880 1291 Κόμωνα,
911 1240 1186 1291 πρεσβύτερόν
1217 1256 1260 1280 τε
1289 1241 1384 1279 ὄντα
1416 1239 1479 1279 καὶ
1503 1252 1540 1288 15

155 1307 444 1347 πεπιστευκότα
459 1306 574 1362 αὐτῷ,
592 1307 879 1358 ὑφαιρούμενος
894 1306 939 1347 τὸ
959 1307 1145 1360 ἀργύριον
1162 1306 1273 1348 οὗτος
1294 1307 1313 1345 ὁ
1328 1305 1479 1356 οἰκέτης

155 1374 175 1412 ὁ
201 1374 410 1427 Μοσχίων.
483 1374 544 1414 καὶ
569 1377 721 1426 πρῶτον
746 1376 818 1424 μὲν
843 1375 1069 1427 ὑφαιρεῖται
1092 1374 1210 1414 αὐτοῦ
1228 1374 1361 1427 χιλίας
1386 1376 1475 1425 δρα-

153 1439 257 1494 χμὰς
280 1442 399 1494 χωρίς
425 1458 500 1482 που
526 1440 703 1492 κειμένας
727 1445 795 1481 τοῦ
820 1441 944 1482 ἄλλου
970 1442 1167 1494 ἀργυρίου,
1190 1441 1326 1481 ἔπειτα
1345 1440 1478 1492 ἑτέρας

155 1507 429 1559 ἑβδομήκοντα
443 1511 554 1560 μνᾶς.
616 1509 678 1549 καὶ
697 1512 818 1548 ταῦτα
833 1513 956 1549 ποιῶν
973 1508 1191 1549 ἐλάνθανεν
1205 1507 1274 1548 τὸν
1296 1508 1476 1558 Κόμωνα.

156 1575 218 1615 καὶ
242 1574 285 1615 τὸ
306 1576 490 1628 ἀργύριον
514 1580 628 1616 τοῦτο
654 1574 757 1616 ἅπαν
784 1575 891 1629 εἶχεν
908 1575 1021 1616 αὐτὸς
1047 1574 1095 1616 δι’
1122 1578 1259 1616 ἑαυτοῦ
1285 1576 1304 1614 ὁ
1329 1574 1476 1627 ἄνθρω-

155 1660 240 1684 πος.
311 1642 355 1683 οὐ
392 1646 530 1698 πολλῷ
563 1645 604 1684 δὲ
639 1643 769 1697 χρόνῳ
794 1644 973 1694 ὕστερον,
1002 1641 1030 1683 ὦ
1060 1642 1198 1694 ἄνδρες
1234 1643 1427 1688 δικασταί,
1454 1638 1477 1693 ἦ
1503 1648 1543 1683 16

154 1709 265 1761 ἡμεῖς
280 1710 506 1761 διειλόμεθα
529 1709 599 1752 τὰς
617 1712 788 1763 μερίδας,
810 1711 965 1763 ὑποψία
989 1727 1047 1752 τις
1073 1709 1231 1762 ἐγένετο
1249 1711 1311 1750 καὶ
1336 1711 1474 1760 αἴσθη-

156 1794 219 1819 σις
233 1778 321 1831 περὶ
346 1778 575 1830 τάνθρώπου
590 1778 740 1818 τούτου·
779 1779 820 1818 ἐκ
841 1780 882 1818 δὲ
906 1778 1048 1828 ταύτης
1072 1780 1141 1828 τῆς
1159 1778 1334 1830 ὑποψίας
1355 1777 1479 1817 ἐδόκει

155 1843 239 1895 ἐμοὶ
270 1844 332 1885 καὶ
363 1845 502 1900 τουτῳὶ
534 1844 854 1900 Ὀλυμπιοδώρῳ
890 1845 1122 1896 βασανίζειν
1158 1844 1226 1885 τὸν
1260 1844 1478 1896 ἄνθρωπον.

156 1910 217 1951 καὶ
251 1911 271 1951 ὁ
305 1911 522 1965 ἄνθρωπος,
551 1910 580 1952 ὦ
617 1911 754 1964 ἄνδρες
787 1913 980 1959 δικασταί,
1008 1911 1123 1954 αὐτὸς
1155 1912 1272 1951 αὑτοῦ
1307 1915 1475 1957 κατεῖπε,

154 1978 245 2030 πρὶν
276 1980 582 2030 βασανίζεσθαι,
617 1980 676 2020 ὅτι
704 1981 838 2032 χιλίας
875 1981 1052 2033 δραχμὰς
1079 1979 1268 2031 ὑφείλετο
1296 1981 1364 2018 τοῦ
1401 1978 1477 2017 Κό-

153 2062 295 2096 μωνος,
323 2046 385 2087 καὶ
417 2047 494 2100 ἔφη
523 2046 622 2088 εῖναι
650 2045 741 2098 παρ’
770 2048 893 2102 ἑαυτῷ
922 2048 1020 2087 ὅσον
1052 2046 1104 2098 μὴ
1134 2045 1181 2096 ἣν
1211 2044 1477 2096 ἀνηλωμένον·
1500 2038 1625 2093 [1172]

202 2166 215 2186 1
235 2156 461 2199 σακχυφάνται
472 2158 569 2188 codd.
586 2168 593 2188 2
611 2165 728 2198 σακυφ.
745 2157 885 2188 Photius
902 2169 909 2188 ε
934 2164 1057 2198 σαχυφ.
1075 2156 1283 2187 Rutherford
1350 2165 1370 2194 3
1387 2154 1479 2186 κατέ-

156 2207 265 2232 λειπεν
281 2200 306 2230 S
415 2203 436 2231 6
459 2202 584 2242 μερίδας
600 2200 717 2233 ταύτας
735 2201 765 2232 Α
878 2211 894 2239 7
913 2206 947 2231 et
963 2211 1003 2239 25
1028 2200 1132 2241 τούτῳ
1148 2200 1244 2231 codd.
1360 2210 1380 2238 9
1404 2199 1479 2231 οἰκί-

157 2257 239 2281 σκην
255 2244 373 2275 Pollux
390 2245 424 2274 ix
441 2255 484 2283 39
499 2256 506 2275 ;
532 2246 629 2276 οἰκίαν
645 2246 741 2276 codd.
847 2244 874 2277 δ’
893 2245 1015 2282 ἔλαβον
1033 2244 1056 2275 S
1074 2254 1159 2276 corr.
1178 2244 1266 2282 vulg.
1285 2254 1293 2273 ι
1317 2243 1349 2274 δὲ
1368 2244 1478 2279 λαβὼν

157 2286 195 2317 Sl
367 2299 405 2319 10
427 2289 488 2326 τὴν
505 2288 619 2330 ἑτέραν
635 2299 700 2321 om.
720 2289 839 2320 Pollux
1020 2299 1054 2318 11
1081 2288 1115 2320 δὲ
1133 2298 1197 2318 om.
1215 2288 1239 2318 S
1362 2288 1434 2321 ἐνῆν
1448 2285 1479 2315 A

159 2340 197 2369 14
219 2331 260 2362 τὰ
276 2333 331 2363 τοῦ
347 2331 379 2361 Α
396 2342 404 2362 :
425 2335 483 2364 τοῦ
501 2337 578 2363 cett.
794 2342 831 2371 15
856 2333 905 2364 καὶ
925 2334 962 2370 δὴ
979 2332 1003 2362 S
1030 2342 1089 2371 >me
1106 2336 1206 2366 teste)
1227 2331 1256 2360 D
1274 2341 1281 2361 :
1304 2331 1354 2362 καὶ
1372 2332 1408 2367 δὴ
1430 2330 1477 2360 καὶ

155 2374 243 2412 vulg.
369 2375 408 2405 16
433 2376 471 2414 δὴ
487 2375 553 2416 καὶ]
573 2377 610 2413 δὴ
626 2375 658 2406 Α
786 2377 890 2415 17-18
914 2376 1002 2408 οὗτος
1019 2400 1025 2405 .
1044 2399 1051 2406 .
1070 2399 1077 2406 .
1100 2375 1253 2416 Μοσχίων
1268 2384 1332 2404 om.
1353 2374 1394 2410 D,
1412 2372 1476 2403 del.

157 2418 371 2449 Herwerden
441 2429 482 2457 24
504 2421 685 2460 τάνθρώπου
697 2421 794 2451 codd.
811 2431 818 2451 :
841 2421 1008 2461 τάργυρίου
1021 2418 1118 2449 Blass
1131 2419 1202 2449 coll.
1220 2422 1234 2455 ξ
1254 2419 1291 2447 18
1353 2418 1386 2447 ἐκ
1397 2416 1435 2453 δὴ
1447 2414 1480 2444 Α

155 2471 197 2501 25
221 2462 322 2503 τούτῳ
335 2462 444 2502 codd.‚
460 2473 544 2494 corr.
561 2463 659 2494 Blass
749 2474 789 2503 27
815 2465 965 2505 ὑφείλετο
978 2463 1002 2493 S
1018 2462 1041 2492 F
1056 2463 1085 2501 Q
1102 2462 1130 2491 D
1147 2473 1153 2492 :
1178 2462 1328 2503 ὑφέλοιτο
1341 2459 1371 2489 A
1385 2460 1411 2489 Β
1424 2473 1475 2500 γρ.
