1742 2774
144 121 220 176 XLI]
530 124 690 161 ΠΡΟΣ
741 124 1067 161 ΣΠΟΎΔΙΑΝ
1487 124 1618 179 [1031]

693 219 918 246 MAPTTPIAI.

202 283 323 326 Ἴσως
351 284 493 330 τοίνυν,
525 281 553 323 ὦ
589 281 724 334 ἄνδρες
762 284 955 328 δικασταί,
987 281 1083 334 πρὸς
1115 284 1187 333 μὲν
1219 281 1324 322 ταῦτ’
1357 282 1467 322 οὐδὲν
1491 298 1532 323 12

143 353 300 404 ἀντερεῖ
328 351 523 392 Σπουδίας
551 348 657 402 (οὐδὲ
691 350 766 402 γὰρ
797 348 887 400 ἕξει,
917 350 1052 402 καίπερ
1079 351 1204 390 δεινὸς
1228 347 1307 397 ὥν)·
1346 348 1468 389 αἰτιά-

145 435 257 460 σεται
299 421 341 460 δὲ
382 417 636 458 Πολύευκτον
680 416 742 457 καὶ
783 415 854 467 την
891 416 1041 470 γυναῖκ’
1079 415 1206 462 αὐτοῦ,
1248 416 1309 456 καὶ
1347 415 1469 468 φήσει

105 504 122 535 5
144 485 272 527 πάντα
303 484 410 525 ταῦθ’
442 483 507 525 ὑπ’
540 485 634 536 ἐμοῦ
665 483 903 526 πεισθέντας
937 484 1296 537 καταχαρίσασθαι,
1329 483 1391 523 καὶ
1421 482 1467 533 νὴ

146 553 212 594 Δί’
237 553 350 605 ἕτερα
380 553 514 593 πολλὰ
543 551 606 592 καὶ
635 550 792 604 μεγάλα
824 550 1096 602 βλάπτεσθαι,
1123 550 1186 592 καὶ
1218 552 1328 600 δίκην
1360 551 1466 600 εἰλη-

143 619 257 674 χέναι
291 637 370 671 μοι·
407 622 527 660 ταῦτα
563 620 637 672 γὰρ
675 618 737 659 καὶ
774 617 869 671 πρὸς
906 622 959 673 τῷ
983 618 1158 673 διαιτητῇ
1200 617 1335 670 λέγειν
1377 618 1466 657 ἐπε-

143 689 279 741 χείρει.
352 687 430 739 ἐγὼ
471 686 516 732 δ’,
567 684 596 726 ὦ
642 685 780 738 ἄνδρες
827 686 1023 731 δικασταί,
1073 689 1228 738 πρῶτον
1276 687 1348 736 μὲν
1394 684 1468 737 οὐχ
1494 701 1532 734 13

143 755 310 807 ἡγοῦμαι
346 754 498 794 δικαίαν
535 753 636 794 εἶναι
670 753 741 803 τὴν
779 754 999 805 ἀπολογίαν
1035 751 1107 802 τὴν
1142 752 1340 802 τοιαύτην,
1380 752 1468 791 οὐδὲ

86 835 125 857 10
144 820 373 875 προσήκειν,
401 821 496 861 ὅταν
525 838 585 863 τις
615 824 797 873 φανερῶς
831 818 1103 872 ἐξελέγχηται,
1135 818 1469 870 μεταστρέψαντα
1490 822 1628 877 [1032]

143 890 214 931 τὰς
237 888 362 930 αἰτίας
385 889 572 940 ἐγκαλεῖν
590 888 653 928 καὶ
678 887 929 937 διαβάλλειν·
956 886 1048 927 ἀλλ’
1071 887 1230 926 ἐκείνων
1253 886 1337 937 μέν,
1360 887 1468 937 εἴπερ

144 957 346 1002 ἀδικεῖται,
384 957 507 1006 δῆλον
532 955 593 994 ὅτι
617 956 726 1005 δίκην
759 952 948 1006 λήψεται,
978 953 1127 994 τούτων
1152 955 1194 994 δὲ
1217 953 1352 994 δώσει·
1387 956 1469 994 πῶς

145 1025 219 1076 γὰρ
251 1022 299 1063 ἂν
327 1023 405 1075 ἐγὼ
434 1026 503 1064 νῦν
533 1025 621 1064 ταῖς
652 1021 800 1062 τούτων
833 1023 1045 1072 διαβολαῖς
1075 1021 1326 1070 ἀντιδικοίην,
1354 1020 1470 1071 ἀφεὶς

145 1091 242 1143 ὑπὲρ
266 1091 321 1130 ῶν
343 1090 455 1141 ὑμεῖς
476 1088 650 1142 μέλλετε
672 1088 744 1139 τὴν
772 1090 915 1141 ψῆφον
946 1089 1092 1136 οἵσειν,·
1129 1087 1265 1128 ἔπειτα
1290 1086 1470 1138 θαυμάζω
1496 1101 1535 1133 14

89 1174 125 1205 15
144 1159 186 1198 τί
206 1156 365 1208 δήποτε,
401 1158 510 1209 εἴπερ
547 1157 675 1208 ἀληθῆ
713 1156 775 1197 καὶ
811 1154 925 1196 δίκαι’
960 1154 1069 1209 εἶχεν
1096 1155 1292 1207 ἐγκαλεῖν,
1323 1158 1470 1206 βουλο,

144 1224 273 1276 μένων
303 1224 404 1276 ἡμᾶς
436 1228 514 1265 τῶν
547 1225 682 1277 φίλων
712 1223 888 1264 διαλύειν
923 1223 986 1263 καὶ
1015 1226 1177 1263 πολλῶν
1202 1223 1335 1275 λόγων
1360 1238 1470 1274 γενο-

144 1291 272 1344 μένων
314 1292 388 1345 οὐχ
428 1292 511 1335 οἶος
550 1290 598 1342 ἦν
641 1290 822 1342 ἐμμένειν
859 1291 916 1332 οἷς
953 1291 1095 1330 ἐκεῖνοι
1132 1293 1276 1342 γνοῖεν.
1347 1289 1473 1328 καίτοι

145 1360 249 1401 τίνες
273 1357 322 1400 ἂν
345 1358 505 1409 ἄμεινον
532 1358 595 1400 καὶ
617 1362 696 1399 τῶν
718 1358 857 1398 τούτου
882 1358 944 1398 καὶ
969 1361 1047 1397 τῶν
1079 1358 1182 1408 ἐμῶν
1213 1355 1472 1409 ἐγκλημάτων

145 1428 194 1467 τὰ
219 1428 338 1478 μηδὲν
364 1425 445 1467 ὅντ’
470 1425 688 1479 ἐξήλεγξαν
714 1429 791 1466 τῶν
817 1423 1199 1478 παραγεγενημένων
1222 1423 1349 1464 ἅπασι
1380 1423 1467 1463 τού-

86 1514 126 1536 20
145 1511 239 1541 τοις,
282 1497 360 1535 τῶν
402 1494 562 1534 εἰδότων
604 1493 719 1534 οὐδὲν
759 1492 877 1544 ἧττον
916 1492 1027 1543 ἡμῶν
1063 1493 1110 1532 τὰ
1149 1492 1354 1544 γενόμενα,
1395 1493 1471 1530 τῶν

146 1565 286 1602 κοινῶν
327 1560 566 1614 ἀμφοτέροις
615 1561 677 1602 καὶ
718 1561 851 1613 φίλων
892 1561 1037 1606 ὅντων;
1091 1557 1198 1599 ἀλλὰ
1246 1560 1366 1608 δῆλον
1411 1558 1534 1607 ὅτι15

145 1629 269 1684 τούτῳ
297 1627 404 1669 ταῦτ’
425 1627 493 1668 οὐκ
523 1627 761 1674 ἐλυσιτέλει,
795 1630 974 1680 φανερῶς
1003 1624 1067 1667 ὑπ’
1096 1626 1221 1666 αὐτῶν
1259 1624 1470 1678 ἐξελεγχοο

144 1695 248 1751 μένῳ
277 1699 414 1736 τοῦτον
447 1695 518 1737 τὸν
549 1696 695 1748 τρόπον
724 1698 871 1746 λαβεῖν
903 1693 1100 1734 διάλυσιν·
1138 1692 1190 1744 μὴ
1223 1691 1298 1745 γὰρ
1331 1691 1470 1738 οἴεσθ’,

146 1761 175 1803 ‹T›
212 1763 349 1816 ἄνδρες
385 1764 580 1809 δικασταί,
618 1762 708 1804 τοὺς
750 1762 902 1803 εἰδότας
939 1760 1092 1801 ἅπαντα
1128 1764 1247 1800 ταῦτα
1282 1759 1366 1800 νυνὶ
1401 1760 1473 1809 μὲν

88 1843 125 1875 25
145 1831 421 1873 ὑποκινδύνους
457 1829 595 1872 αὐτοὺς
633 1828 896 1871 καθιστάντας
934 1829 1018 1879 ἐμοὶ
1054 1826 1276 1880 μαρτυρεῖν,
1315 1826 1403 1866 τότε
1441 1825 1472 1864 δ’

146 1894 229 1951 (ἂν)
253 1898 479 1949 ὀμόσαντας
503 1897 606 1938 ἄλλο
630 1915 667 1938 τι
692 1901 839 1950 γνῶναι
865 1896 952 1948 περὶ
986 1895 1125 1936 αὐτῶν.
1198 1894 1242 1936 οὐ
1272 1892 1350 1945 μὴν
1383 1891 1473 1933 ἀλλ’

1004 1962 1052 1977 ’m’

148 1966 182 2006 εἰ
215 1964 277 2005 καὶ
308 1967 430 2017 μηδὲν
455 1965 604 2006 τούτων
631 1965 807 2018 ὑπῆρχεν
839 1964 944 2015 ὑμῖν,
973 1974 1038 2003 ovo
1082 1962 1133 2004 ὣς
1157 1961 1337 2015 χαλεπόν
1361 1960 1473 2000 ἐστιν

147 2036 295 2085 γνῶναι
319 2032 408 2084 περὶ
433 2031 572 2079 αὐτῶν,
593 2032 774 2083 ὁπότεροι
793 2031 944 2081 τάληθῆ
965 2029 1167 2082 λέγουσιν.
1206 2028 1293 2080 περὶ
1312 2029 1384 2079 μὲν
1399 2028 1473 2079 γὰρ
1499 2032 1539 2067 16

148 2102 217 2150 τῆς
243 2100 379 2147 οἰκίας,
408 2100 441 2141 εἰ
467 2099 594 2152 φησὶν
626 2098 690 2140 ὑπ’
710 2100 804 2150 ἐμοῦ
829 2096 1045 2138 πεισθέντα
1070 2095 1323 2136 Πολύευκτον
1349 2111 1472 2146 προσο

89 2182 130 2216 30
148 2165 266 2218 τάξαι
298 2166 389 2209 τοὺς
425 2167 538 2219 ὅρους
576 2168 724 2217 στῆσαι
759 2170 837 2206 τῶν
866 2168 1021 2218 χιλιῶν,
1054 2162 1145 2204 ἀλλ’
1184 2162 1228 2203 οὐ
1255 2160 1379 2212 δήπου
1412 2160 1474 2201 καὶ

199 2286 213 2306 Ι
240 2281 445 2310 ΜΑΡΤΎῬΕΣ
463 2275 488 2307 S
620 2286 640 2316 3
665 2276 750 2317 οὐδὲ]
769 2277 803 2308 οὐ
818 2275 849 2306 Α
983 2284 1002 2314 5
1027 2277 1130 2306 ταῦτα
1146 2272 1234 2304 πάνθ’
1251 2272 1282 2302 Α
1294 2272 1320 2302 F
1455 2271 1476 2300 6

151 2320 231 2362 ἕτερ’
249 2322 336 2352 ἄλλα
351 2334 384 2352 π.
402 2320 434 2350 Α
575 2330 612 2359 15
637 2320 726 2361 εἶχεν
743 2319 767 2350 S
780 2319 835 2350 A:
861 2319 950 2359 ἔχειν
967 2317 992 2348 F
1005 2316 1057 2355 Q:
1086 2318 1154 2358 ἔχει
1173 2316 1202 2346 D
1352 2325 1387 2353 17
1413 2313 1475 2345 οἷος

151 2363 190 2402 ἦν
219 2363 382 2395 Schaefer
397 2374 405 2395 :
429 2363 493 2396 οἷός
521 2363 552 2396 τ’
580 2364 620 2402 ἧν
645 2364 755 2402 codd.‚
785 2363 826 2395 cf.
855 2363 924 2392 xliv
950 2371 992 2401 35
1125 2370 1162 2390 21
1190 2361 1240 2391 καὶ
1267 2369 1332 2389 om.
1364 2358 1388 2388 F
1400 2357 1429 2395 Q
1446 2358 1475 2386 D

152 2417 261 2446 22-23
288 2407 551 2448 ἐξελεγχομένων
567 2407 592 2438 S
605 2406 671 2437 FA
784 2417 825 2445 23
849 2408 964 2443 λαβεῖν
980 2407 1093 2441 λαβεῖν
1110 2403 1148 2435 S1
1278 2403 1320 2432 26
1344 2402 1381 2433 ἂν
1397 2401 1471 2431 add.

154 2450 252 2482 Blass
345 2451 611 2493 ὁμολογήσαντας
629 2450 653 2481 S
668 2450 693 2481 F
709 2462 759 2491 γρ.
773 2449 803 2488 Q
821 2462 872 2490 γρ.
1011 2457 1050 2488 27
1078 2449 1147 2488 ὑμῖν
1164 2447 1187 2478 S
1204 2458 1211 2477 :
1236 2446 1308 2485 ἡμῖν
1324 2449 1401 2476 cett.
