1763 2778
118 105 253 161 [1192]
681 105 733 160 [Δ
747 111 784 148 H
796 111 837 148 M
848 110 883 148 O
892 112 923 148 Σ
933 112 971 150 Θ
983 112 1014 149 Ε
1025 112 1061 149 Ν
1073 106 1205 162 ΟΎΣ]
1499 108 1602 164 [xux

273 208 365 260 ἐμὸς
397 211 520 249 ταῦτα
556 208 662 259 ἥσθη
699 225 743 250 τε
779 213 862 252 τοῖς
899 209 1051 263 λόγοις,
1093 211 1157 251 καὶ
1195 207 1332 267 ἐπῄνει
1363 214 1502 252 τοῦτον
1541 213 1602 252 ὅτι

270 275 464 327 μέμνηται
489 275 530 316 εὖ
554 275 704 323 παθών,
728 277 791 317 καὶ
808 277 887 317 ὅσα
903 276 1020 317 αὐτοῦ
1037 279 1162 318 ἐδεῖτο
1182 277 1384 330 ὑπέσχετο
1404 277 1599 329 ποιήσειν.

209 359 250 391 23
274 343 335 383 καὶ
367 343 479 384 οὗτος
510 345 582 394 μὲν
613 345 712 394 μετὰ
741 347 864 384 ταῦτα
895 343 966 394 τὴν
1000 345 1210 397 ἀναγωγὴν
1240 346 1410 386 ἐποιεῖτο
1436 345 1487 388 ὡς
1512 345 1602 388 τοὺς

273 409 518 463 στρατηγοὺς
541 409 631 452 τοὺς
663 410 882 462 βασιλέως,
914 412 935 451 ὁ
970 414 1013 453 δὲ
1043 412 1264 459 Φιλώνδας,
1295 410 1328 468 ᾦ
1352 412 1602 464 συνέστησεν

271 476 340 517 τὸν
377 476 525 529 πατέρα
552 477 621 518 τὸν
655 478 762 529 ἐμόν,
794 477 956 519 ἐπειδὰν
989 479 1180 531 ἀφίκηται
1213 479 1319 532 ἄγων
1343 481 1392 519 τὰ
1417 479 1529 531 ξύλα,
1556 479 1601 520 τὸ

271 548 418 585 ναῦλον
443 549 682 599 παρασχεῖν,
711 546 765 587 εἷς
783 545 856 597 τὴν
879 548 1130 587 Μακεδονίαν
1146 546 1217 597 τὴν
1237 548 1398 599 πορείαν
1414 548 1598 588 ἐποιεῖτο.

273 612 334 652 καὶ
359 611 466 652 οὗτοι
490 613 527 654 οἱ
551 613 688 666 χρόνοι
705 611 810 663 ἦσαν
827 612 914 666 περὶ
937 615 1192 666 θαργηλιῶνα
1209 616 1314 665 μῆνα
1334 613 1395 655 ἐπ’
1414 613 1600 656 Ἀστείου

206 700 251 734 29
269 678 475 733 ἄρχοντος.
545 680 598 734 τῷ
619 679 652 720 δ’
676 679 828 736 ὑστέρῳ
854 680 934 722 ἔτει
959 680 1202 733 ἀφικομένου
1226 684 1303 730 τοῦ.
1319 682 1528 723 Φιλώνδου
1555 683 1598 723 ἐκ

269 748 338 796 τῆς
385 748 635 789 Μακεδονίας
675 746 844 799 ἄγοντος
884 749 934 788 τὰ
974 746 1088 799 ξύλα,
1132 749 1423 799 ἀποδημοῦντος
1460 749 1599 790 τούτου

270 815 374 866 παρὰ
414 817 595 865 βασιλεῖ,
637 815 700 855 καὶ
741 815 1037 867 προσελθόντος
1074 819 1128 871 τῷ
1173 815 1289 868 πατρὶ
1330 820 1382 871 τῷ
1421 818 1498 871 ἐμῷ
1538 817 1599 857 καὶ

271 880 499 924 κελεύοντος
535 881 579 921 τὸ
608 885 754 923 ναῦλον
782 886 860 924 τῶν
889 882 1018 934 ξύλων
1054 887 1292 937 παρασχεῖν,
1331 885 1396 924 ἵνα
1430 884 1598 941 διαλύσῃ

269 948 337 988 τὸν
379 948 613 1001 ναύκληρον,
658 948 832 1002 καθάπερ
875 950 986 992 οὗτος
1029 949 1169 1002 ἐδεήθη
1218 951 1285 992 ὅτε
1332 949 1491 1002 ἐξέπλει
1531 955 1599 992 τοῦ

269 1015 414 1068 πατρὸς
456 1016 518 1056 καὶ
555 1015 782 1068 συνέστησε
819 1017 888 1058 τὸν
927 1018 1151 1065 Φιλώνδαν,
1197 1019 1466 1072 προσαγαγὼν
1502 1019 1598 1071 πρὸς

267 1082 339 1133 τὴν
363 1082 558 1136 τράπεζαν
583 1085 603 1124 ὁ
628 1083 756 1136 πατὴρ
782 1084 970 1126 ἐκέλευσε
995 1088 1125 1126 δοῦναι
1151 1087 1365 1138 Φορμίωνα
1382 1085 1427 1127 τὸ
1451 1089 1597 1127 ναῦλον

203 1171 249 1203 30
267 1154 345 1191 τῶν
369 1149 511 1202 ξύλων,
542 1152 677 1206 χιλίας
710 1153 950 1194 ἑπτακοσίας
986 1151 1243 1204 πεντήκοντα.
1315 1153 1377 1194 καὶ
1400 1153 1596 1206 ἠρίθμησε

112 1217 245 1272 [1193]
266 1216 310 1258 τὸ
346 1218 532 1271 ἀργύριον
564 1220 764 1272 Φορμίων·
803 1220 865 1260 καὶ
890 1218 1099 1272 ἐγράψατο
1122 1222 1194 1272 μὲν
1229 1221 1446 1274 ὀφείλοντα
1469 1221 1592 1273 Τιμό-

267 1288 357 1326 θεον
393 1284 522 1337 (οὗτος
557 1285 633 1339 γὰρ
669 1285 716 1338 ἦν
753 1287 774 1327 ὁ
809 1287 960 1338 δεηθεὶς
998 1291 1067 1328 τοῦ
1103 1287 1250 1341 πατρὸς
1289 1292 1514 1343 παρασχεῖν
1549 1288 1593 1329 τὸ

267 1356 413 1394 ναῦλον
437 1356 515 1394 τῶν
539 1352 683 1404 ξύλων,
711 1355 774 1395 καὶ
799 1355 937 1395 τούτου
962 1354 1036 1409 ἦν),
1085 1356 1295 1407 ὑπόμνημα
1324 1355 1357 1396 δ’
1389 1356 1594 1409 ἐγράψατο

267 1418 337 1470 τήν
361 1437 403 1461 τε
422 1422 559 1474 χρείαν
585 1422 640 1464 εἰς
676 1420 724 1472 ἣν
750 1422 908 1475 ἐλήφθη
942 1421 985 1462 τὸ
1011 1423 1196 1476 ἀργύριον
1222 1423 1285 1463 καὶ
1309 1422 1354 1463 τὸ
1379 1425 1504 1475 ὄνομα
1527 1427 1596 1464 τοῦ

266 1487 479 1537 λαβόντος.
551 1489 614 1530 καὶ
645 1489 757 1531 οὗτος
791 1490 811 1529 ὁ
839 1490 983 1542 χρόνος
1008 1488 1056 1541 ἦν
1081 1489 1365 1533 Ἀλκισθένους
1390 1490 1594 1545 ἄρχοντος,

204 1566 244 1600 31
268 1554 288 1593 ὁ
313 1555 476 1607 ὕστερος
506 1555 680 1598 ἐνιαυτὸς
716 1553 738 1607 ἢ
772 1556 884 1598 οὗτος
909 1555 1079 1609 ἀνήγετο
1109 1557 1160 1600 ὡς
1192 1557 1382 1609 βασιλέα.
1454 1559 1529 1599 ὑπὸ
1555 1561 1597 1600 δὲ

268 1624 335 1662 τὸν
381 1621 500 1663 αὐτὸν
544 1624 691 1676 χρόνον
738 1627 878 1665 τοῦτον
925 1625 988 1665 καὶ
1035 1625 1285 1677 Τιμοσθένης
1332 1626 1352 1665 ὁ
1393 1625 1597 1678 Αἰγιλιεὺς

268 1690 491 1742 ἀφικνεῖται
521 1690 604 1731 κατ’
642 1691 833 1744 ἐμπορίαν
867 1692 969 1732 ἰδίαν
1003 1692 1229 1744 ἀποδημῶν.
1302 1692 1521 1744 ἐπιτήδειος
1553 1695 1596 1734 δὲ

269 1755 321 1796 ὢν
363 1758 567 1809 Φορμίωνι
607 1757 674 1798 καὶ
715 1759 900 1801 κοινωνὸς
939 1759 960 1799 ὁ
1005 1759 1270 1811 Τιμοσθένης,
1318 1760 1374 1801 ὅτ’
1422 1759 1593 1811 ἐξέπλει,

267 1824 428 1864 δίδωσιν
466 1825 671 1866 ἀποθεῖναι
699 1827 752 1881 τῷ
782 1827 983 1879 Φορμίωνι
1015 1826 1101 1879 μετ’
1120 1827 1259 1868 ἄλλων
1290 1826 1503 1881 χρημάτων
1531 1828 1595 1869 καὶ

267 1890 415 1942 φιάλας
443 1896 689 1944 λυκιουργεῖς
722 1893 804 1934 δύο.
873 1893 953 1934 ἀπὸ
982 1894 1103 1948 τύχης
1132 1897 1173 1936 δὲ
1199 1895 1218 1934 ὁ
1244 1899 1336 1937 παῖς
1359 1895 1502 1938 ταύτας
1525 1896 1595 1937 τὰς

267 1956 428 2010 φιάλας,
455 1958 523 1999 οὐκ
549 1960 660 2002 εἰδὼς
685 1961 745 2001 ὅτι
770 1960 982 2013 ἀλλότριαι
1005 1961 1123 2013 ἦσαν,
1142 1962 1281 2002 δίδωσι
1299 1962 1351 2017 τῷ
1375 1962 1594 2016 Αἰσχρίωνι

309 2077 328 2106 3
352 2066 411 2107 μὲν
426 2079 491 2099 om.
511 2067 543 2098 A
618 2080 637 2107 4
661 2069 749 2111 τοὺς]
767 2070 842 2103 τοὺς
856 2072 913 2102 τοῦ
927 2069 959 2100 Α
1014 2070 1216 2108 συνέστησεν
1233 2071 1324 2104 οὗτος
1339 2070 1370 2101 Α
1382 2071 1408 2102 F
1426 2085 1476 2113 γρ.
1494 2071 1524 2111 Q
1539 2085 1590 2113 -γρ,

270 2122 308 2142 10
329 2111 470 2148 βασιλέα
488 2111 526 2143 Sl
595 2115 644 2145 καὶ
661 2118 740 2144 ante
757 2114 994 2156 προσελθόντος
1011 2125 1076 2146 om.
1100 2114 1124 2145 S
1139 2115 1169 2144 D
1289 2125 1387 2146 10-11
1415 2117 1465 2147 καὶ
1483 2114 1594 2147 κελεύ·

267 2168 356 2187 οντος
374 2155 398 2186 S
410 2154 442 2184 Α
459 2166 466 2186 z
490 2157 678 2189 κελεύοντος
695 2157 784 2196 vulg.
906 2168 944 2188 12
969 2157 1060 2190 οἶκτος
1077 2169 1143 2189 01η.
1161 2158 1191 2187 Α
1321 2168 1358 2196 13
1381 2158 1453 2200 τὸν]
1472 2160 1547 2199 πρὸς
1561 2158 1594 2188 Α

269 2208 306 2236 14
331 2201 348 2230 ὁ
364 2201 468 2240 πατὴρ
485 2210 549 2231 orn.
569 2199 600 2229 Α
689 2202 746 2232 τὸν
761 2207 794 2232 Φ.
816 2204 921 2233 δοῦναι
939 2201 971 2230 Α
1076 2203 1115 2232 16
1139 2205 1154 2234 ὃ
1171 2204 1310 2243 Φορμίων
1322 2201 1353 2232 Α
1457 2204 1495 2233 18
1520 2205 1592 2234 ὑπο-

265 2245 370 2282 μνῆμα
387 2242 439 2273 A:
465 2244 674 2283 ὑπομνήματα
699 2250 777 2276 cett.
928 2245 954 2277 δ’
974 2245 1136 2286 ἐγράψατο
1161 2247 1323 2277 Schacscr
1347 2246 1424 2277 coll.
1451 2249 1466 2282 ξ
1493 2247 1534 2276 8:
1557 2245 1590 2277 δὲ

267 2299 397 2327 παρεγρ.
417 2286 531 2316 Naber
549 2293 639 2318 recte
658 2289 744 2326 som,
761 2289 801 2319 cs.
816 2288 849 2318 lii
869 2300 887 2327 4
903 2300 909 2319 :
935 2287 962 2320 δ’
979 2290 1090 2330 ἀπεγρ.
1108 2289 1139 2318 Λ
1156 2301 1162 2320 :
1187 2290 1392 2331 ἀπεγράψατο
1409 2288 1442 2321 δὲ
1460 2290 1484 2320 S
1501 2288 1588 2327 vulg.

270 2339 308 2367 19
330 2344 365 2361 τε
383 2340 448 2360 οιιι.
467 2329 499 2360 Α
589 2341 631 2361 20
654 2330 862 2369 Ἀλκισθένης
880 2333 987 2372 ἄρχων
1001 2332 1033 2361 Α
1154 2344 1195 2363 22
1219 2335 1378 2373 Αἰγιλιεὺς
1396 2333 1449 2363 A:
1484 2334 1591 2373 Αἰγια-

268 2375 342 2425 λεύς
354 2378 457 2456 gitti}
471 2416 502 2447 D
520 2376 562 2404 26
585 2379 786 2417 λυκιουργεῖς
801 2376 844 2416 A,
859 2375 1023 2416 Harpocr.
1041 2386 1084 2406 ex
1099 2375 1280 2408 Athenaeo
1298 2387 1330 2417 p.
1349 2378 1413 2415 486
1429 2388 1436 2407 :
1460 2383 1592 2417 λυκουρ-

267 2429 334 2457 γεω·
403 2427 408 2436 ·

1621 495 1638 526 5

1623 833 1660 855 10

1619 1511 1656 1532 20

1616 1841 1655 1872 25
