1763 2778
107 514 125 546 5

89 847 127 868 10

90 1519 128 1540 20

92 1855 128 1886 25

145 113 247 168 XLIII]
485 118 646 156 ΠΡΟΣ
688 118 1124 157 ΜΑΚΑΡΤΑΤΟΝ
1494 122 1628 176 [1077]

212 217 271 257 Οὐ
309 217 441 257 τοίνυν
481 219 601 257 ταῦτα
635 216 771 267 μόνον,
804 213 833 255 ὦ
870 215 1008 268 ἄνδρες
1045 218 1240 264 δικασταί,
1267 219 1375 258 ἀλλὰ
1410 219 1472 259 καὶ
1495 233 1538 269 79

144 284 344 337 μνήματος
368 285 481 325 ὄντος
506 287 637 325 κοινοῦ
661 282 812 324 ἅπασιν
831 286 912 325 τοῖς
938 283 1015 324 ἀπὸ
1039 288 1107 324 τοῦ
1130 284 1334 325 Βουσέλου
1360 303 1471 338 γενο-

145 352 279 405 μένοις
317 349 396 402 (καὶ
438 355 618 392 καλεῖται
654 350 699 391 τὸ
732 353 866 403 μνῆμα
903 355 1168 398 Βουσελιδῶν,
1194 353 1320 395 πολὺς
1353 354 1474 395 τόπος

145 417 509 473 περιβεβλημένος,
533 418 670 471 ὥσπερ
705 419 742 459 οἱ
774 419 933 472 ἀρχαῖοι
963 417 1168 470 ἐνόμιζον),
1201 420 1243 459 ἐν
1267 420 1389 474 τούτῳ
1420 424 1473 475 τῷ

145 486 318 539 μνήματι
342 487 378 527 οἱ
402 488 474 538 μὲν
499 485 619 527 ἄλλοι
641 484 814 528 ἅπαντες
837 488 873 526 οἱ
899 485 976 526 ἀπὸ
1001 489 1069 526 τοῦ
1090 486 1294 527 Βουσέλου
1314 490 1472 533 κεῖνται,

147 554 211 595 καὶ
230 554 251 593 6
268 552 430 607 Ἀγνίας
447 553 510 594 καὶ
536 554 556 593 6
584 552 836 605 Εὐβουλίδης
860 553 922 593 καὶ
943 554 962 592 ὁ
983 553 1182 605 Πολέμων
1208 554 1270 594 καὶ
1295 556 1332 595 οἱ
1356 553 1474 596 ἄλλοι

146 621 317 664 ἅπαντες
353 624 536 661 τοσοῦτοι
573 621 685 662 ὄντες
719 623 940 674 συγγενεῖς,
967 622 1002 661 οἱ
1039 621 1116 662 ἀπὸ
1150 625 1220 661 τοῦ
1257 621 1472 669 Βουσέλου,

146 688 317 730 ἅπαντες
346 688 452 729 οὗτοι
483 691 741 729 κοινωνοῦσιν
766 692 834 728 τοῦ
857 686 1060 740 μνήματος
1082 688 1236 729 τούτου·
1274 689 1295 728 6
1318 691 1361 730 δὲ
1385 706 1471 730 του·
1497 677 1635 732 [1078]

146 757 228 796 τουὶ
266 755 393 808 πατὴρ
428 754 692 808 Μακαρτάτου
729 755 793 796 καὶ
825 755 846 795 6
876 755 1037 798 πάππος
1070 755 1116 795 οὐ
1145 755 1476 806 κεκοινωνήκασιν
1494 736 1540 768 80

146 823 298 869 τούτου,
339 821 431 864 ἀλλ’
465 823 599 865 αὐτοῖς
642 824 719 877 ἰδία
760 821 1002 873 ἐποιήσαντο
1041 825 1177 874 μνῆμα
1215 822 1374 864 ἄπωθεν
1408 827 1476 863 τοῦ

148 893 401 931 Βουσελιδῶν
429 888 644 941 μνήματος.
714 893 900 930 δοκοῦσιν
933 891 1035 941 ὑμῖν,
1062 889 1091 930 ὦ
1117 890 1256 942 ἄνδρες
1279 891 1473 936 δικασταί,

147 957 363 1011 προσήκειν
381 975 417 998 τι
436 961 489 1013 τῷ
510 959 602 1013 οἴκῳ
627 961 680 1012 τῷ
696 956 868 1009 “Αγνίου,
889 960 994 1008 πλὴν
1013 961 1081 997 τοῦ
1099 958 1208 1011 ἔχειν
1227 957 1475 1010 ἁρπάσαντες

147 1024 196 1066 τὰ
219 1024 272 1077 μὴ
297 1023 571 1078 προσήκοντα;
607 1026 642 1067 εἰ
666 1024 698 1065 δ’
720 1023 1064 1077 ἐξερημωθήσεται
1082 1021 1105 1075 ἦ
1132 1024 1334 1076 ἀνώνυμος
1360 1025 1475 1065 ἔσται

148 1093 169 1132 ὁ
188 1093 293 1136 οἶκος
313 1093 332 1132 ὁ
351 1091 512 1145 Ἃγνίου
532 1092 595 1133 καὶ
615 1092 636 1132 6
656 1091 906 1143 Εὐβουλίδου
932 1096 1000 1133 τοῦ
1025 1093 1194 1145 ἀνεψιοῦ
1211 1096 1281 1133 τοῦ
1297 1091 1473 1145 Ἃγνίου,

148 1161 237 1201 οὐδὲ
262 1161 357 1201 κατὰ
382 1158 653 1213 τούλάχιστον
680 1159 829 1200 πώποτ’
856 1159 989 1202 αὐτοῖς
1014 1159 1223 1211 ἐμέλησεν.

214 1227 322 1280 Ἐγὼ
353 1226 400 1274 δ’,
425 1225 456 1268 ὦ
488 1226 628 1280 ἄνδρες
655 1228 850 1273 δικασταί,
877 1229 1014 1279 βοηθῶ
1047 1229 1120 1279 μὲν
1151 1227 1201 1268 ὡς
1231 1227 1311 1268 οἶός
1339 1226 1373 1266 τ’
1399 1227 1475 1277 εἰμὶ
1497 1233 1537 1266 81

145 1294 326 1347 μάλιστα
339 1298 422 1336 τοῖς
441 1295 767 1345 τετελευτηκόσιν
784 1294 960 1336 ἐκείνοις·
999 1295 1043 1335 οὗ
1063 1294 1165 1335 πάνυ
1184 1294 1217 1334 δ’
1235 1295 1322 1334 ἐστὶ
1341 1291 1475 1348 ῥᾴδιον

147 1366 233 1405 ταῖς
255 1361 405 1403 τούτων
428 1365 694 1413 παρασκευαῖς
717 1363 1066 1414 ἀνταγωνίζεσθαι.
1137 1363 1383 1415 παραδίδωμι
1406 1360 1476 1401 οὖν

146 1431 240 1482 ὑμῖν
273 1428 344 1471 τὸν
373 1431 495 1470 παῖδα
523 1430 689 1475 τουτονί,
717 1427 746 1469 ὦ
779 1428 918 1482 ἄνδρες
949 1430 1147 1475 δικασταί,
1174 1430 1473 1479 ἐπιμεληθῆναι,

148 1497 255 1540 ὅπως
277 1497 368 1548 ὑμῖν
393 1500 501 1537 δοκεῖ
522 1497 768 1537 δικαιότατον
793 1496 904 1537 εἶναι.
977 1495 1091 1538 οὗτος
1121 1496 1397 1546 εἰσπεποίηται
1422 1497 1476 1537 εἰς

148 1564 218 1606 τὸν
250 1564 359 1605 οἶκον
387 1563 453 1605 τὸν
483 1563 746 1615 Εὐβουλίδου,
774 1564 837 1605 καὶ
863 1564 1043 1614 εἰσῆκται
1068 1564 1124 1606 εἰς
1146 1563 1237 1605 τοὺς
1263 1562 1474 1616 φράτερας,

150 1631 218 1673 οὐκ
248 1632 304 1674 εἰς
333 1630 425 1673 τοὺς
456 1631 585 1682 ἐμούς,
612 1631 704 1672 ἀλλ’
735 1632 790 1674 εἰς
821 1630 911 1673 τοὺς
945 1631 1197 1682 Εὐβουλίδου
1230 1631 1293 1671 καὶ
1316 1629 1476 1682 Ἅγνίου

150 1699 214 1740 καὶ
248 1697 513 1751 Μακαρτάτου
539 1699 704 1739 τουτουί.
777 1698 841 1739 καὶ
872 1700 938 1740 ὅτε
966 1697 1164 1750 εἰσήγετο,
1193 1699 1229 1738 οῖ
1260 1699 1334 1749 μὲν
1358 1696 1477 1736 ἄλλοι
1498 1705 1540 1738 82

150 1765 342 1820 φράτερες
368 1765 544 1819 κρύβδην
567 1765 714 1819 ἔφερον
733 1765 804 1816 τὴν
823 1768 978 1819 ψῆφον,
998 1766 1134 1806 οὑτοσὶ
1155 1767 1195 1805 δὲ
1215 1763 1477 1816 Μακάρτατος

152 1834 305 1888 φανερᾷ
329 1839 376 1891 τῇ
401 1832 528 1889 ψήφῳ
564 1835 799 1886 ἐψηφίσατο
828 1835 952 1886 ὀρθῶς
984 1832 1220 1885 εἰσάγεσθαι
1249 1832 1477 1886 Εὐβουλίδῃ

152 1901 235 1942 υἱὸν
264 1901 335 1943 τὸν
365 1904 486 1943 παῖδα
517 1902 686 1948 τουτονί,
713 1902 780 1942 οὐκ
807 1900 1002 1952 ἐθελήσας
1026 1900 1211 1953 ἅψασθαι
1240 1902 1308 1939 τοῦ
1337 1898 1478 1950 ἱερείου

196 2022 215 2051 5
233 2016 265 2042 et
284 2022 300 2051 7
325 2011 442 2044 πάντες
458 2011 489 2041 Α
637 2021 655 2050 5
680 2017 758 2052 post
776 2011 938 2044 Βουσέλου
954 2011 1031 2042 add.
1050 2009 1214 2051 γενόμενοι
1231 2008 1319 2047 vulg.
1339 2020 1346 2039 :
1371 2018 1433 2039 om.
1454 2006 1479 2038 S

152 2057 175 2086 6
198 2058 213 2087 ὃ
229 2060 308 2087 ante
325 2056 452 2097 Ἁγνίας
470 2065 533 2087 om.
556 2054 583 2086 F
700 2067 721 2095 9
746 2058 762 2087 ὁ
778 2056 892 2087 τούτου
909 2055 1036 2087 πάππος
1053 2055 1083 2084 A
1212 2063 1250 2083 10
1274 2050 1402 2091 τούτου]
1423 2054 1479 2082 τοῦ

153 2100 317 2141 μνήματος
332 2099 448 2131 τούτου
465 2099 496 2129 Α
602 2109 640 2129 12
663 2102 708 2140 τῷ
723 2100 779 2131 alt.
801 2100 824 2129 S
838 2097 920 2129 AF¹
938 2110 945 2129 ε
970 2102 1027 2130 τοῦ
1044 2098 1069 2128 F
1094 2107 1179 2129 corr.
1198 2096 1228 2135 Q
1245 2097 1274 2126 D
1380 2105 1416 2132 13
1442 2093 1478 2134 ἢ]

153 2145 205 2176 καὶ
222 2143 253 2173 Α
344 2154 382 2182 14
407 2145 423 2175 ὁ
441 2148 474 2174 et
491 2148 569 2174 ante
586 2143 712 2183 Ἀγνίου
729 2148 761 2173 et
781 2146 860 2173 ante
879 2144 955 2179 Εὐβ.
974 2152 1038 2172 om.
1058 2141 1089 2172 A
1182 2151 1218 2180 17
1244 2144 1320 2179 post
1336 2138 1479 2179 μάλιστα

153 2187 226 2218 αάἀ,
249 2187 308 2226 μὲν
334 2186 435 2225 SFQ
462 2187 553 2228 (coll.
573 2187 644 2216 xlix
664 2188 718 2224 60,
736 2187 768 2216 lii
791 2197 841 2224 12,
860 2186 1012 2216 defendit
1036 2185 1172 2224 Sauppe
1195 2184 1357 2222 Ausgew.
1383 2182 1478 2212 Schr.

153 2231 278 2271 97—98)
297 2242 304 2261 ε
339 2241 402 2261 om.
418 2230 450 2261 A
479 2251 481 2253 ·
554 2231 592 2259 18
616 2230 730 2262 τούτου
747 2229 777 2259 Α
880 2239 918 2267 19
942 2229 964 2260 ὦ
983 2230 1091 2270 ἅνδρες
1109 2231 1136 2259 δ.
1157 2232 1232 2267 post
1250 2229 1322 2267 ὑμῖν
1339 2226 1433 2266 ponit
1447 2225 1479 2255 A

154 2285 197 2305 20
220 2277 307 2306 δοκεῖ
326 2277 386 2306 δικ.
410 2274 433 2304 S
447 2273 477 2312 Q
493 2274 545 2304 D:
570 2275 647 2315 δοκῇ
666 2276 724 2305 δικ.
745 2273 792 2303 F:
817 2275 874 2304 δικ.
899 2275 973 2313 δοκῇ
994 2271 1047 2302 A:
1072 2273 1110 2303 ἂν
1129 2292 1135 2299 -
1154 2295 1160 2301 .
1182 2294 1188 2301 .
1209 2273 1286 2312 δοκῇ
1302 2273 1361 2301 δικ.
1382 2269 1478 2299 BlaSS

155 2328 196 2347 22
221 2319 264 2349 εἰς
280 2317 355 2349 τοὺς
372 2318 465 2357 ἐμοὺς
485 2318 561 2349 ἀλλ’
580 2327 645 2348 om.
664 2316 689 2347 S
790 2326 831 2354 23
857 2315 1071 2357 Μακαρτάτου
1089 2315 1218 2346 τουτουί
1233 2314 1286 2344 A:
1312 2319 1479 2353 Μακαρτα-

153 2361 223 2393 'rom'
240 2360 285 2391 S:
311 2360 523 2402 Μακαρτάτου
540 2360 628 2398 vulg.
734 2368 775 2398 25
800 2362 842 2400 τῇ
859 2359 952 2400 ψήφῳ
968 2358 1010 2398 A,
1031 2359 1071 2388 cs.
1091 2358 1170 2397 Lyc.
1192 2360 1207 2395 ξ
1230 2366 1299 2398 145,
1319 2356 1478 2395 Gorgias-

157 2404 315 2442 Palam.§
338 2415 377 2434 1:
401 2404 496 2445 ψήφῳ
513 2403 537 2434 S
551 2403 618 2441 FQ
634 2403 663 2432 D
