1742 2774
159 119 248 175 xm]
503 124 665 161 ΠΡΟΣ
712 124 1085 161 ‹DAINIHHON
1506 127 1648 182 [1040]

224 226 306 263 Τοῦ
334 225 409 276 γὰρ
435 226 773 275 μεταγειτνιῶνος,
803 219 834 262 ὦ
867 222 1004 275 ἄνδρες
1035 225 1231 270 δικασταί,
1260 230 1307 281 τῇ
1326 226 1486 278 δευτέρᾳ
1509 238 1524 273 5

162 289 374 342 ἱσταμένου
407 291 564 331 ἐποίουν
596 291 634 332 οἱ
663 290 878 343 στρατηγοὶ
910 293 993 333 τοῖς
1021 292 1261 342 τριακοσίοις
1284 292 1355 333 τὰς
1381 292 1485 332 ἀντι-

161 359 306 400 δόσεις.
379 359 422 398 ἐν
455 357 613 400 ταύταις
649 357 824 398 ἐκάλεσα
862 360 958 397 κατὰ
993 358 1062 398 τὸν
1099 359 1220 409 νόμον
1258 360 1485 399 Φαίνιππον

160 426 326 467 τουτονί.
399 423 573 467 καλέσας
607 427 651 467 δὲ
685 425 746 465 καὶ
784 426 1031 477 παραλαβὼν
1073 430 1151 466 τῶν
1187 427 1341 466 οἰκείων
1377 426 1487 468 τινας

123 517 141 549 5
162 493 226 534 καὶ
257 493 402 546 φίλων,
429 493 672 544 ἐπορευόμην
704 493 931 545 Κύθηρόνδε
959 494 1015 536 εἷς
1035 496 1108 543 τὴν
1135 491 1329 546 ἐσχατιὰν
1355 492 1485 533 αὐτοῦ.

163 560 226 600 καὶ
249 563 404 612 πρῶτον
425 562 498 611 μὲν
522 560 775 612 περιαγαγὼν
800 559 871 609 τὴν
898 561 1092 613 ἐσχατιὰν
1119 560 1242 600 πλέον
1267 557 1289 610 ἢ
1317 561 1488 600 σταδίων

163 626 287 667 οὖσαν
310 625 598 678 τετταράκοντα
624 626 766 681 κύκλῳ,
793 626 923 677 ἔδειξα
948 627 1009 667 καὶ
1036 626 1348 679 διεμαρτυράμην
1374 629 1485 667 ἐναν-

162 694 245 735 τίον
269 694 508 740 Φαινίππου,
534 694 595 734 ὅτι
621 693 746 736 οὐδεὶς
771 695 860 746 ὅρος
886 693 1050 735 ἔπεστιν
1076 695 1140 735 ἐπὶ
1165 701 1212 751 τῇ
1237 696 1416 749 ἐσχατιᾷ·
1455 695 1488 734 εἰ

163 760 207 803 δέ
237 766 377 813 φησιν,
405 762 530 801 εἰπεῖν
563 759 746 801 ἐκέλευον
780 761 898 802 αὐτὸν
929 761 1002 812 ἤδη
1036 761 1098 801 καὶ
1134 760 1270 811 δεῖξαι,
1296 763 1401 803 ὅπως
1435 760 1486 812 μὴ

105 849 144 870 10
161 828 328 881 ὕστερον
354 829 518 868 ἐνταῦθα
542 827 669 881 χρέως
694 828 907 880 γενόμενον
932 825 1012 880 [ἐπὶ
1037 832 1091 883 τῷ
1116 825 1263 883 χωρίῳ]
1288 827 1489 881 ἀναφανή-

165 912 290 936 σεται.
359 894 496 936 ἔπειτα
531 894 872 947 παρεσημηνάμην
916 898 964 936 τὰ
1006 895 1209 946 οἰκήματα,
1253 896 1313 936 καὶ
1351 899 1489 935 τοῦτον
1508 898 1529 931 6

165 962 348 1003 ἐκέλευον
372 963 426 1004 εἷς
449 963 552 1014 τάμὰ
575 963 768 1014 βαδίζειν.
838 965 936 1013 μετὰ
961 965 1004 1003 δὲ
1028 967 1149 1003 ταῦτα
1173 963 1322 1015 ἠρόμην
1347 963 1445 1003 ὅπου
1469 962 1490 1002 ὁ

165 1033 275 1072 σῖτος
304 1030 361 1080 εἴη
395 1029 417 1069 ὁ
448 1028 736 1080 ἀπηλοημένος·
774 1028 879 1080 ἦσαν
905 1031 979 1082 γὰρ
1012 1030 1059 1080 νὴ
1084 1029 1174 1072 τοὺς
1199 1029 1309 1072 θεοὺς
1335 1029 1396 1069 καὶ
1421 1031 1490 1071 τας

165 1095 268 1143 θεάς,
306 1095 443 1149 ἄνδρες
479 1098 676 1147 δικασταί,
710 1097 778 1137 δύο
817 1096 923 1139 ἅλως
960 1097 1107 1143 αὐτόθι,
1145 1101 1283 1149 μικροῦ
1319 1096 1491 1150 πλέθρου

106 1184 144 1217 15
165 1162 341 1216 ἑκατέρα.
412 1164 432 1203 ὁ
465 1166 508 1205 δὲ
539 1165 776 1216 ἀπεκρίνατό
803 1182 880 1215 μοι,
916 1166 976 1204 ὄτι
1007 1165 1027 1204 ὁ
1052 1167 1127 1216 μὲν
1158 1163 1407 1216 πεπραμένος
1431 1165 1488 1214 εἴη

164 1234 232 1272 τοῦ
257 1231 381 1277 σίτου,
425 1231 446 1270 ὁ
488 1230 522 1271 δ’
563 1231 675 1272 ἔνδον
718 1232 931 1282 ἀποκειμεν
935 1248 990 1273 ος.
1061 1231 1177 1274 τέλος
1224 1231 1277 1278 δέ,
1327 1232 1390 1272 ἵνα
1438 1230 1489 1282 μὴ
1511 1250 1530 1285 7

164 1302 411 1351 μακρολογῶ,
440 1315 694 1349 καταστησας
723 1297 939 1351 φυλάττειν
970 1299 1084 1339 ἔιδον
1114 1298 1235 1345 τινάς,
1264 1299 1325 1339 καὶ
1350 1298 1395 1348 νὴ
1425 1297 1491 1338 Δί’

106 1403 116 1412 ,
165 1365 344 1406 ἀπειπὼν
379 1365 442 1406 καὶ
474 1366 658 1407 κωλύσας
688 1365 777 1407 τοὺς
811 1365 1008 1416 ὀνηλάτας
1037 1365 1087 1417 μὴ
1117 1365 1273 1418 ἐξάγειν
1297 1365 1368 1415 τὴν
1393 1366 1493 1415 ὕλην

165 1433 209 1472 ἐκ
231 1434 300 1483 τῆς
325 1433 514 1486 ἐσχατιᾶς
537 1431 647 1484 (πρὸς
673 1435 748 1485 γῖιρ
772 1438 820 1489 τῇ
846 1433 950 1489 ἄλλῃ
981 1433 1098 1487 οὐσίᾳ
1123 1439 1170 1490 τῇ
1196 1434 1435 1478 Φαινίππου,
1463 1430 1492 1472 ὦ
1513 1433 1645 1487 [1041]

106 1520 146 1542 20
166 1498 302 1551 ἄνδρες
327 1500 521 1547 δικασταί,
550 1500 613 1540 καὶ
638 1502 732 1550 αὕτη
760 1501 957 1552 πρόσοδος
982 1500 1136 1552 μεγάλη
1164 1501 1275 1540 ἐστὶν
1304 1500 1413 1554 αὐτῷ·
1452 1498 1497 1550 ἓξ

166 1567 249 1607 ὄνοι
272 1566 320 1606 δι’
348 1568 525 1607 ἐνιαυτοῦ
547 1568 847 1620 ὑλαγωγοῦσιν,
871 1568 932 1607 καὶ
959 1566 1161 1618 λαμβάνει
1185 1567 1297 1609 οὗτος
1322 1566 1445 1607 πλέον
1468 1562 1492 1616 ἦ

166 1634 315 1674 δώδεκα
340 1635 517 1687 δραχμὰς
540 1636 610 1684 τῆς
634 1634 795 1687 ἡμέρας)
818 1634 969 1676 τούτοις
995 1635 1184 1681 ἀπειπών,
1212 1635 1346 1685 ὥσπερ
1371 1633 1490 1686 λέγω,

166 1703 235 1751 τῆς
269 1702 364 1752 ὕλης
399 1700 451 1752 μὴ
489 1700 697 1747 ἅπτεσθαι,
730 1701 794 1742 καὶ
829 1702 1071 1754 ἐπαγγείλας
1105 1702 1169 1742 ἐπὶ
1200 1703 1248 1741 τὰ
1282 1703 1365 1753 ἱερὰ
1386 1704 1493 1740 Φαι-

167 1767 295 1823 νίππῳ
330 1769 427 1808 κατὰ
458 1771 526 1809 τὸν
562 1769 684 1820 νόμον
715 1769 905 1816 ἀπαντᾶν,
942 1768 1100 1824 ὠχόμην
1136 1769 1262 1809 ἀπιὼι
1297 1770 1350 1809 εἰς
1380 1767 1492 1807 ἄστυ.

108 1856 146 1889 25
167 1838 322 1888 πρῶτον
353 1852 427 1886 μεν
459 1852 528 1876 ουν
561 1840 640 1877 τῶν
673 1835 886 1888 εἰρημένων
916 1852 987 1878 τας
1018 1836 1230 1888 μαρτυρίας
1258 1837 1348 1886 ὑμῖν
1374 1834 1492 1887 παρέ·
1516 1843 1535 1877 8

168 1901 296 1954 ξομαι,
334 1902 470 1943 ἔπειτα
505 1903 568 1944 καὶ
604 1904 692 1985 περὶ
727 1908 806 1944 τῶν
843 1903 979 1944 ἄλλων
1013 1904 1235 1944 ἀκούσεσθε
1265 1901 1394 1943 πάσας
1426 1900 1495 1942 τὰς

169 1969 369 2021 ἀληθείας·
423 1970 578 2011 τουτονὶ
619 1970 707 2024 γάρ,
757 1969 786 2011 ὦ
835 1970 972 2023 ἄνδρες
1021 1971 1218 2016 δικασταί,
1268 1970 1496 2009 Φαίνιππον

169 2035 345 2090 εὑρήσετ’
387 2036 498 2080 εὐθὺς
541 2037 616 2078 ἀπὸ
663 2041 729 2089 τῆς
773 2038 928 2090 πρώτης
969 2036 1115 2090 ἡμέρας
1163 2034 1380 2089 ἀρξάμενον
1427 2039 1496 2075 τοῦ

219 2157 234 2178 1
259 2160 544 2189 μεταγειτνιωντος
561 2147 586 2179 S
675 2153 752 2188 post
769 2151 1036 2188 μεταγειτνιῶνος
1056 2147 1133 2178 add.
1159 2146 1259 2186 μηνός
1281 2146 1368 2185 vulg
1385 2158 1392 2177 Ξ
1428 2155 1491 2176 Om-

170 2191 248 2230 SA,
269 2191 310 2223 cf.
329 2191 387 2221 xix
403 2200 456 2230 57,
475 2192 528 2230 58,
544 2191 710 2223 Aeschin.
731 2192 752 2222 ii
770 2202 822 2231 92,
844 2192 879 2221 iii
899 2201 938 2230 73
1047 2201 1066 2230 5
1092 2192 1205 2232 φίλους
1221 2191 1251 2220 Α
1320 2188 1495 2231 Κιθηρόνδε

171 2233 336 2265 Dindorf:
362 2235 521 2275 Κυθηράδε
549 2236 603 2265 vel
623 2236 780 2276 Κυθήραδε
798 2235 895 2266 codd.
1043 2237 1064 2264 6
1089 2233 1310 2275 ἐσχατίανΑ;
1339 2234 1496 2273 ἐσχατίαι

169 2280 266 2310 αὐτοῦ
284 2278 309 2309 S
323 2278 390 2316 FQ
403 2279 433 2308 D
524 2289 542 2317 7
567 2279 818 2320 διεμαρτυρόμην
834 2279 864 2317 Q
879 2279 908 2308 D
1000 2287 1039 2308 10
1057 2279 1132 2309 ἐπὶ
1123 2280 1171 2318 χέν
1186 2277 1230 2317 Α)
1243 2280 1287 2317 τῷ
1302 2278 1406 2318 χωρίῳ
1424 2277 1496 2307 ἀνα-

171 2322 347 2363 φανήσεται
365 2321 455 2352 SA:
473 2322 711 2363 ἆναφανήσοιτο
726 2324 833 2362 ἐπὶτῷ
849 2321 924 2363 >oF
938 2320 968 2359 Q
985 2322 1035 2351 D:
1062 2323 1111 2352 ἐπὶ
1129 2323 1174 2360 τῷ
1184 2335 1251 2362 χωρ
1235 2322 1289 2362 ρίῳ
1303 2320 1383 2350 secl.
1399 2318 1496 2349 Blass

173 2374 211 2402 14
235 2366 342 2406 ἄνδρες
360 2364 409 2395 S:
433 2365 456 2396 ὦ
474 2366 503 2397 ἄ.
528 2365 617 2404 vulg.
700 2365 824 2406 αὐτόθι]
844 2336 872 2397 θχι
889 2365 921 2395 in
941 2375 1003 2395 ras.
1024 2365 1047 2395 S
1127 2378 1225 2405 μικρω
1243 2364 1266 2394 S
1384 2363 1422 2392 18
1447 2363 1496 2393 καὶ

171 2408 319 2440 κωλύσας
335 2408 376 2447 Α,
390 2408 431 2439 cf.
446 2411 462 2446 ξ
480 2419 524 2448 9:
542 2408 683 2440 κωλύσαι
700 2414 799 2440 cett.:
819 2409 884 2438 del.
898 2408 1036 2447 Sauppe
1097 2420 1213 2444 ονητας
1228 2406 1252 2436 S
1342 2416 1384 2436 20
1400 2405 1495 2444 αὕτη]

172 2453 250 2489 αὕτη
264 2452 283 2490 ἡ
298 2452 329 2481 Α
418 2462 479 2483 20-
484 2462 523 2482 21
549 2456 654 2492 εξωνοι
673 2454 695 2483 S
779 2462 815 2483 21
843 2447 1104 2492 δόυλαγωγυυσιν
1121 2450 1145 2480 S
