1746 2774
610 124 641 160 E
654 123 884 160 HIETOA
895 123 932 159 H
974 127 1036 161 111
1509 118 1648 172 [1485]

161 221 259 272 ὑμᾶς
293 221 344 263 ὡς
374 222 472 272 ὑμᾶς
505 220 553 261 ἂν
580 218 766 271 εὐξαίμην
794 220 888 272 πρὸς
923 219 1004 271 ἐμέ.
1077 220 1138 260 καὶ
1163 218 1265 260 τοῦτ’
1296 220 1338 259 ἐν
1363 222 1487 259 πᾶσιν

162 289 358 338 πεποίηκα
383 289 445 328 καὶ
464 286 619 338 ποιήσω
645 287 831 339 φανερόν.
891 287 1044 339 ἔγνωκα
1070 288 1144 338 γὰρ
1162 285 1208 337 ἐξ
1229 288 1354 339 ἀρχῆς
1370 286 1486 325 παντὶ
1508 301 1550 336 45

162 359 214 410 τῷ
234 354 524 409 πολιτευομένῳ
544 353 772 407 προσήκειν,
791 353 913 406 ἄνπερ
937 352 961 409 ᾗ
987 354 1134 396 δίκαιος
1154 355 1333 403 πολίτης,
1352 353 1486 405 ὥσπερ

162 423 198 462 οἱ
222 425 358 463 παῖδες
382 421 478 473 πρὸς
503 421 592 462 τοὺς
617 420 770 473 γονέας,
789 422 910 461 οὕτως
936 419 1031 471 πρὸς
1056 419 1232 461 ἅπαντας
1257 420 1347 461 τοὺς
1372 420 1485 460 πολί-
1508 422 1647 476 [1486]

122 504 229 535 5τας
264 488 383 541 ἔχειν,
423 488 612 541 εὔχεσθαι
646 490 718 539 μὲν
756 488 804 527 ὡς
843 486 1224 539 εὐγνωμονεστάτων
1259 486 1485 539 τυγχάνειν,

161 555 298 607 φέρειν
323 558 363 595 δὲ
388 555 477 597 τοὺς
503 557 617 596 ὄντας
644 555 825 605 εὐμενῶς·
862 554 979 606 ἡγὰρ
1005 555 1047 594 ἐν
1072 557 1153 595 τοῖς
1177 554 1367 595 τοιούτοις
1391 553 1488 603 ἧττα

162 622 260 672 καλὴ
288 622 350 662 καὶ
376 622 636 675 προσήκουσα
660 624 746 672 νίκη
772 623 876 673 παρὰ
903 624 983 662 τοῖς
1013 621 1053 660 εὖ
1080 624 1274 673 φρονοῦσι
1301 622 1485 673 κρίνεται.

161 689 370 743 εὐτυχεῖτε.

204 810 223 829 2
247 801 403 838 πεποίηκα
422 800 444 831 S
460 800 485 830 F
498 799 528 838 Q
544 811 551 831 τ
575 801 626 832 καὶ
644 800 799 837 πεποίηκα
816 797 846 837 Q
857 811 907 839 γρ.
1074 808 1092 837 7
1118 798 1255 840 κρίνεται
1275 796 1299 827 F
1312 810 1362 838 γρ.
1379 796 1408 835 Q
1421 810 1483 838 γρ.,

160 843 320 874 Aristeid.
341 844 351 873 i
369 853 432 883 792
450 844 631 885 (Dindorf)
648 855 654 874 :
679 844 800 883 ’γίνεται
821 842 909 881 SFQ

208 898 246 929 In
264 899 288 930 S
306 899 532 938 subscriptum

528 959 619 986 ΠΕΡΙ
646 958 751 984 ΚΑΤΑ
774 957 855 983 ΤΩΝ
879 956 1114 983 ΛὙΚΟὙῬΓΟὙ

748 1000 906 1027 ΠΑΙΔΩΝ

682 1122 736 1160 (ἦ
759 1124 823 1154 del.
847 1123 959 1157 Blassx,
