1763 2778
161 118 291 174 mm]
450 124 483 161 K
494 122 609 160 ATA
657 122 692 159 O
702 122 735 158 A
748 122 784 159 τ
796 122 837 158 M
849 121 911 158 Π]
925 121 960 158 ο
971 122 1006 158 Δ
1018 122 1057 158 Ω
1068 121 1185 158 POT
1509 109 1638 163 [1179]

162 223 301 273 οὖσαν,
327 221 416 263 οὐδὲ
439 225 506 262 τοῦ
530 221 713 274 ἀργυρίου
738 219 782 260 οὗ
807 219 943 272 ἔλεγες
970 218 1067 272 πρὸς
1091 219 1181 261 τοὺς
1211 217 1398 260 δικαστὰς
1427 219 1487 258 ὅτι

163 288 369 331 ἐδάνεισάς
387 305 465 340 μοι,
483 288 632 329 τούτων
649 287 761 328 οὐδὲν
778 288 969 337 ἐποίησας
976 303 989 334 ;
1028 286 1132 327 ὥστε
1156 290 1238 328 πῶς
1263 286 1311 327 ἂν
1329 289 1486 337 μᾶλλον

161 357 366 409 ἄνθρωπος
404 354 655 409 ἐξελέγχοιτο
702 355 945 407 ψευδόμενος
996 354 1058 394 καὶ
1104 355 1318 394 ὑπεναντία
1355 353 1486 406 λέγων

163 423 279 466 αὐτὸς
303 424 404 478 αὑτῷ
431 424 494 464 καὶ
526 422 756 473 αἰτιώμενος
787 423 835 462 τὰ
866 421 1117 463 οὐδεπώποτε
1144 422 1355 478 γενόμενῳ
1395 419 1414 460 ὃ
1446 422 1486 460 δὲ
1505 420 1551 464 46

125 506 142 537 5
163 491 320 533 πάντων
337 490 529 543 μέγιστόν
555 491 678 536 ἐστιν,
706 488 735 530 ὦ
759 488 898 541 ἄνδρες
922 489 1116 535 δικασταί,
1139 487 1168 543 ᾦ
1190 488 1254 528 καὶ
1277 488 1487 541 γνώσεσθε
1509 482 1638 537 [1180]

162 558 318 599 ταυτονὶ
344 558 405 598 ὅτι
436 556 567 599 ἄδικός
603 558 714 597 ἐστιν
739 556 800 597 καὶ
831 555 1074 606 πλεονέκτης
1104 555 1323 608 ἄνθρωπος·
1365 557 1488 608 ἐχρῆν

163 627 239 679 γὰρ
264 624 394 671 αὐτόν,
422 625 460 665 εἴ
479 641 517 665 τι
542 624 688 674 ἀληθὲς
711 623 758 674 ἧν
784 624 838 663 ὧν
860 622 983 675 λέγει,
1000 623 1192 675 πρότερον
1215 626 1337 662 ταῦτα
1354 622 1488 674 λέγειν

164 693 227 733 καὶ
253 691 522 738 ἐπιδεικνύειν,
539 691 631 744 πρὶν
654 690 723 731 τὸν
739 691 872 743 ἀγῶνα
896 689 1086 742 γενέσθαι
1101 691 1164 730 καὶ
1191 691 1489 741 διαπειραθῆναι

120 759 123 762 ’
164 763 241 800 τῶν
277 762 473 800 δικαστῶν
509 759 531 798 ὅ
567 775 604 799 τι
640 758 877 811 γνώσονται,
905 758 968 797 καὶ
997 758 1286 810 παραλαβόντα
1314 756 1489 798 πολλοὺς

108 847 145 869 ῐο
163 826 359 880 μάρτυρας
379 825 512 877 ἀξιοῦν
538 827 786 878 ἀναιρεῖσθαι
801 826 872 867 τὰς
896 823 1094 876 συνθήκας
1111 826 1216 876 παρὰ
1233 827 1302 864 τοῦ
1325 823 1487 875 Ἀνδρο-

167 895 322 934 κλείδου
357 893 409 935 ὡς
445 894 762 946 παραβαίνοντος
797 893 891 943 ἐμοῦ
927 892 990 932 καὶ
1026 892 1215 932 τάναντία
1252 890 1490 943 πράττοντος

167 963 288 1016 ἑαυτῷ
328 961 390 1001 καὶ
427 960 556 1002 οὐκέτι
592 961 733 1012 κυρίων
772 958 903 1000 οὐσῶν
945 963 1022 999 τῶν
1062 961 1267 1009 συνθηκῶν
1304 958 1391 1009 ἐμοὶ
1429 958 1490 998 καὶ

165 1028 301 1083 τούτῳ,
334 1027 397 1068 καὶ
428 1031 481 1083 τῷ
512 1027 792 1083 Ἀνδροκλείδῃ
819 1030 872 1081 τῷ
910 1026 1044 1080 ἔχοντι
1078 1025 1147 1067 τὰς
1182 1028 1377 1076 συνθηκας
1408 1028 1490 1066 δια-

164 1096 447 1148 μαρτύρασθαι,
487 1096 547 1136 ὅτι
581 1095 683 1149 αὐτῷ
722 1093 834 1134 οὐδέν
871 1094 982 1134 ἐστιν
1015 1094 1072 1134 ἔτι
1102 1096 1262 1145 πρᾶγμα
1299 1092 1395 1144 πρὸς
1421 1094 1492 1134 τὰς

109 1181 144 1212 ¹5
167 1161 362 1214 συνθήκας
386 1162 541 1204 ταύτας.
609 1165 730 1201 ταῦτα
761 1162 884 1214 ἐχρῆν
913 1160 1043 1206 αὐτόν,
1071 1158 1101 1200 ‹T›
1125 1159 1262 1212 ἄνδρες
1294 1161 1489 1205 δικασταί,
1512 1172 1556 1204 47

167 1231 277 1282 εἴπερ
291 1246 329 1269 τι
349 1228 395 1279 ἦν
414 1230 560 1280 ἀληθὲς
580 1230 634 1269 ὧν
653 1228 776 1281 λέγει,
796 1227 857 1268 καὶ
872 1228 995 1279 μόνον
1010 1228 1230 1278 προσιόντα
1252 1230 1306 1282 τῷ
1330 1226 1492 1279 Ἀνδρο-

169 1297 302 1353 κλείδῃ
340 1296 671 1349 διαμαρτύρεσθαι
719 1296 781 1336 καὶ
828 1297 928 1347 μετὰ
975 1296 1181 1348 μαρτύρων
1228 1298 1403 1339 πολλῶν,
1445 1294 1492 1334 ἵν’

169 1364 271 1418 αὐτῷ
309 1363 456 1404 πολλοὶ
494 1362 598 1413 ἦσαν
636 1364 672 1403 οἱ
709 1363 943 1404 συνειδότες.
1016 1363 1077 1402 ὅτι
1115 1364 1158 1403 δὲ
1192 1362 1341 1401 τούτων
1381 1361 1493 1401 οὐδὲν

168 1431 326 1472 πώποτε
343 1432 544 1481 ἐποίησεν,
567 1430 684 1470 αὐτοῦ
698 1431 789 1481 ὑμῖν
807 1434 876 1469 τοῦ
895 1429 1211 1482 Ἀνδροκλείδου,
1233 1428 1322 1480 παρ’
1342 1426 1371 1483 ᾧ
1391 1429 1492 1468 εἰσιν

111 1520 148 1540 20
169 1499 209 1538 αἱ
244 1500 435 1549 συνθῆκαι
472 1497 643 1548 κείμεναι
685 1498 898 1550 μαρτυρίαν
936 1497 1222 1549 ἀναγνώσεται.
1295 1495 1389 1547 λε’γε
1423 1495 1494 1545 την

167 1565 391 1618 μαρτυρίαν.

727 1639 937 1667 ΜΑΡΤΎΡῙΑ.

229 1719 397 1773 ’Ἐτερον
423 1719 469 1768 δ’,
498 1718 527 1761 ὦ
547 1720 684 1773 ἄνδρες
702 1721 898 1766 δικασταί,
919 1719 1132 1772 σκέψασθε
1150 1718 1170 1759 ὃ
1196 1718 1494 1769 διαπέπρακται.
1515 1727 1558 1768 48

170 1788 248 1841 ἐγὼ
271 1787 346 1841 γὰρ
370 1791 509 1828 τοῦτον
534 1786 868 1840 προύκαλεσάμην
885 1788 947 1827 καὶ
973 1786 1127 1837 ἠξίωσα
1151 1787 1422 1835 ἀκολουθῆσαι
1447 1785 1497 1826 ὡς

113 1870 149 1900 25
171 1854 487 1907 Ἀνδροκλείδην,
513 1854 606 1906 παρ’
633 1853 660 1910 ᾧ
681 1858 827 1894 κεῖνται
853 1856 892 1894 αἱ
917 1856 1122 1905 συνθῆκαι,
1143 1854 1205 1894 καὶ
1231 1859 1339 1909 κοινῇ
1360 1853 1496 1904 ἐκγρα-

170 1921 376 1975 ψαμένους
413 1922 516 1974 ἡμᾶς
554 1923 624 1964 τὰς
662 1921 862 1972 συνθήκας
900 1921 1022 1962 πάλιν
1064 1919 1332 1971 σημήνασθαι,
1366 1921 1414 1959 τῖι
1457 1921 1495 1958 δὲ

172 1989 398 2042 ἀντίγραφα
435 1988 686 2040 ἐμβαλέσθαι
725 1989 780 2030 εἷς
818 1991 886 2028 τὸν
924 1989 1071 2042 ἐχῖνον,
1109 1989 1214 2029 ὅπως
1248 1986 1296 2027 ἂν
1332 1987 1500 2037 μηδεμία

172 2056 326 2108 ὑποψία
349 2055 384 2113 ᾗ,
410 2055 501 2096 ἀλλ’
527 2057 636 2107 ὑμεῖς
661 2055 817 2096 ἅπαντα
841 2059 969 2097 καλῶς
997 2056 1058 2096 καὶ
1084 2055 1240 2096 δικαίως
1259 2053 1500 2094 ἀκούσαντες

173 2126 298 2175 γνῶτε
327 2123 350 2162 ὅ
380 2139 418 2163 τι
451 2122 500 2164 ἂν
537 2124 627 2174 ὑμῖν
658 2123 905 2163 δικαιότατον
938 2122 1031 2179 δοκῇ
1067 2121 1180 2164 εἶναι.
1252 2124 1372 2161 ταῦτα
1409 2121 1504 2171 ἐμοῦ
1520 2132 1565 2167 49

216 2240 236 2269 3
260 2231 418 2275 ἅνθρωπος
435 2232 601 2263 Schaefer
616 2232 670 2263 hic
687 2237 720 2263 et
739 2235 754 2270 §
774 2242 824 2270 55.
845 2233 905 2262 sed
923 2233 963 2264 cs.
981 2243 1027 2262 xx
1044 2241 1096 2271 43,
1116 2231 1186 2261 xliii
1205 2232 1246 2270 78
1371 2240 1390 2268 4
1415 2229 1501 2260 οὐδέ-

173 2289 253 2308 ποτε
267 2274 299 2304 Α
415 2285 434 2314 5
461 2275 483 2317 ᾧ
500 2278 549 2308 καὶ
568 2275 719 2307 Reiske:
745 2279 785 2308 ὡς
801 2275 824 2306 S
841 2276 866 2305 F
879 2276 909 2314 Q
923 2276 952 2304 D
969 2287 975 2306 ε
1000 2274 1022 2316 ᾧ
1037 2275 1068 2304 Α
1193 2275 1213 2304 8
1238 2276 1454 2315 διαπειρᾶσθαι
1470 2272 1501 2301 Α

176 2328 213 2356 14
239 2320 287 2350 ἔτι
304 2329 370 2350 om.
386 2318 418 2348 A
568 2321 606 2350 16
630 2319 687 2359 ὧν]
708 2322 746 2351 ὡς
763 2319 788 2349 F
806 2332 857 2360 γρ.
875 2320 904 2358 Q
922 2333 972 2361 γρ.
990 2319 1019 2349 D
1034 2333 1086 2360 Ὑρ.
1238 2328 1274 2357 17
1301 2316 1501 2358 διαμαρτύρε-

174 2365 247 2394 σθαι
264 2362 309 2393 S:
335 2363 599 2405 διαμαρτύρασθαι
615 2364 707 2402 vulg.
861 2374 902 2392 20
925 2364 1130 2403 ἀναγνώσετε
1148 2362 1172 2392 S
1326 2370 1367 2397 23
1392 2360 1502 2399 ἕτερον

172 2403 205 2434 Α
221 2416 228 2436 z
250 2406 289 2437 τὸ
305 2405 415 2447 ἕτερον
431 2411 509 2437 cett.
597 2416 637 2444 25
665 2405 922 2447 ἐκγραψαμένους
938 2405 964 2438 S
980 2417 988 2437 Ξ
1012 2404 1275 2446 ἐγγραψαμὲνους
1291 2404 1379 2442 vulg.
1460 2412 1503 2441 29

173 2451 276 2481 ταῦτα
293 2449 317 2479 S
331 2449 385 2480 D:
408 2453 511 2482 ταῦτα
527 2449 560 2480 δὲ
576 2449 643 2478 AF
658 2449 689 2487 Q
