1763 2778
143 122 244 177 mv]
550 126 715 164 ΠΡΟΣ
762 125 1060 163 ΛΕΩΧΑΡΗ
1492 121 1636 175 [1097]

142 243 218 267 ναι.
291 224 362 266 εἶθ’
410 226 519 276 ὑμεῖς
566 229 618 279 τῷ
665 227 781 264 τοῦτο
828 225 1087 275 τετολμηκότι
1133 225 1371 266 πιστεύσετε
1419 225 1469 267 ὡς
1489 224 1634 279 [1097]

143 293 270 343 ἀληθῆ
306 291 486 345 λέγοντι;
525 291 570 342 νὴ
610 291 687 338 Δί’,
725 290 818 331 ἀλλ’
854 291 1030 342 ἀκηκοὼς
1065 295 1133 331 τοῦ
1169 293 1287 332 αὑτοῦ
1322 292 1469 344 πατρὸς
1490 299 1530 336 55

142 359 511 412 διαμεμαρτύρηκεν.
563 359 583 398 ὁ
607 358 649 399 δέ
674 376 720 411 γε
744 359 862 410 νόμος
886 358 1007 409 ἀκοὴν
1031 363 1109 399 τῶν
1133 359 1470 409 τετελευτηκότων

144 427 295 467 κελεύει
342 429 628 479 διαμαρτυρεῖν,
678 422 759 477 <οὐ>
810 426 952 476 ζῶντος
998 429 1068 466 τοῦ
1115 425 1262 478 πατρὸς
1310 427 1358 466 τὰ
1404 425 1469 466 ὑπ’

105 516 121 547 5
143 495 294 534 ἐκείνου
319 492 560 547 πραχθέντα.
619 492 705 533 ἐπεὶ
731 493 899 533 κάκεῖνο·
937 494 1000 533 διὰ
1024 494 1063 533 τί
1085 510 1182 534 ποτε
1209 493 1470 546 Λεώστρατος

142 561 278 601 οὑτοσὶ
297 560 373 614 οὐχ
392 561 523 608 αὑτόν,
541 561 647 601 ἀλλὰ
666 563 803 601 τοῦτον
829 559 1087 612 ἐπεγράψατο
1113 566 1160 617 τῇ
1193 561 1467 614 διαμαρτυρίας

141 629 189 668 τὰ
222 629 296 680 γὰρ
325 627 580 680 πρεσβύτερα
608 631 686 667 τῶν
718 626 960 680 πραγμάτων
992 627 1060 667 τὸν
1091 627 1367 680 πρεσβύτερον
1392 627 1470 668 ἔδει

141 697 426 748 διαμαρτυρεῖν.
484 695 544 735 ὅτι
565 694 609 745 νὴ
633 693 715 741 Δί’,
732 693 780 735 ἂν
797 696 913 740 εἴποι,
933 697 1071 735 τοῦτον
1091 691 1194 747 [γὰρ]
1211 696 1471 745 εἰσπεποίηκα

141 761 224 803 υἱὸν
253 766 306 817 τῷ
340 760 546 818 Ἀρχιάδῃ.
617 761 755 802 οὐκοῦν
793 763 841 802 σὲ
871 761 938 801 τὸν
969 763 1223 802 εἰσποιοῦντα
1252 763 1315 803 καὶ
1352 779 1466 802 κατα-
1490 767 1534 811 56

83 854 122 876 10
142 828 381 879 σκευάζοντα
404 830 453 869 τὰ
479 828 692 882 πράγματα
718 829 780 869 καὶ
804 829 928 880 λόγον
955 828 1033 868 ἔδει
1064 829 1226 876 διδόναι,
1252 829 1469 882 γενόμενον

141 897 356 938 ὑπεύθυνον
388 897 443 937 ὧν
479 896 709 946 πεποίηκας·
748 894 880 946 πολλή
912 913 957 948 γε
989 895 1154 948 ἀνάγκη.
1214 897 1320 936 ἀλλὰ
1351 899 1467 936 τοῦτο

140 965 213 1015 μὲν
233 963 391 1016 ἔφυγες,
408 970 455 1021 τῇ
475 964 730 1017 διαμαρτυρίᾳ
749 965 791 1004 δὲ
810 967 949 1003 τοῦτον
969 962 1080 1004 οὐδὲν
1102 963 1216 1003 εἰδότ’
1237 963 1466 1016 ἐπεγράψω.

142 1030 245 1072 ὥστε
271 1030 444 1084 φανερὸν
469 1032 560 1082 ὑμῖν
585 1031 709 1083 ἐστιν,
737 1028 766 1070 ὦ
793 1029 929 1083 ἄνδρες
960 1031 1153 1077 δικασταί,
1180 1032 1228 1069 τὰ
1258 1033 1464 1083 διαμαρτυ-

140 1097 311 1150 ρούμενα
342 1097 394 1150 μὴ
429 1097 529 1138 εἶναι
554 1098 696 1148 ἀληθῆ,
733 1096 794 1137 καὶ
823 1097 914 1150 παρ’
948 1096 1080 1139 αὐτοῖς
1109 1114 1155 1150 ’γε
1188 1097 1342 1139 τούτοις
1375 1097 1466 1149 ὁμο-

84 1183 120 1215 15
140 1169 331 1218 λογεῖται.
403 1165 467 1206 καὶ
513 1164 590 1217 μὴν
634 1165 790 1205 κάκεῖνο
832 1164 981 1205 δίκαιόν
1023 1165 1146 1210 ἐστιν,
1189 1164 1242 1215 μὴ
1279 1163 1469 1216 λέγοντος

141 1232 280 1272 αὐτίκα
307 1231 400 1283 μάλ’
426 1231 581 1273 ἀκούειν
616 1231 876 1284 Λεωστράτου
905 1232 1070 1278 τουτουί,
1099 1233 1193 1284 ὑπὲρ
1227 1232 1281 1271 ὧν
1310 1248 1356 1284 γε
1386 1234 1466 1271 δια-

141 1302 387 1352 μαρτυρῆσαι
412 1299 479 1339 οὐκ
504 1300 740 1350 ἐτόλμησεν.

209 1365 281 1407 “Ως
311 1368 353 1407 δὲ
384 1367 446 1407 καὶ
476 1370 553 1407 τῶν
582 1366 746 1418 ἀγώνων
776 1366 1010 1406 ἀδικώτατοι
1035 1366 1097 1406 καὶ
1127 1366 1321 1416 πλείστης
1350 1366 1468 1418 ὀργῆς
1490 1375 1533 1412 57

142 1433 245 1485 ἄξιοι
273 1437 356 1476 τοῖς
385 1432 685 1486 ἀγωνιζομένοις
719 1435 759 1474 αἱ
784 1434 1056 1486 διαμαρτυρίαι
1082 1434 1199 1479 εἰσίν,
1226 1432 1390 1483 μάλιστ’
1421 1432 1469 1473 ἄν

83 1523 122 1545 20
141 1518 198 1543 τις
240 1501 390 1542 ἐκεῖθεν
428 1500 657 1552 καταμάθοι.
728 1504 882 1554 πρῶτον
921 1502 994 1551 μὲν
1033 1502 1106 1553 γὰρ
1144 1499 1212 1539 οὐκ
1248 1500 1471 1552 ἀναγκαίως

142 1568 318 1622 ἔχουσιν,
345 1567 479 1621 ὥσπερ
515 1570 551 1609 οἱ
575 1567 706 1614 ἄλλοι,
737 1566 829 1608 ἀλλ’
867 1569 909 1607 ἐκ
934 1566 1202 1620 προαιρέσεως
1236 1567 1298 1607 καὶ
1317 1565 1468 1618 βουλή-

143 1652 244 1677 σεως
269 1638 337 1686 τῆς
361 1639 428 1676 τοῦ
454 1638 804 1688 διαμαρτυροῦντος
829 1636 1044 1687 γίγνονται.
1117 1635 1150 1674 εἰ
1173 1636 1244 1685 μὲν
1270 1634 1344 1686 γὰρ
1373 1635 1469 1686 ὑπὲρ

142 1706 218 1743 τῶν
265 1701 697 1755 διαμφισβητουμένων
742 1701 794 1753 μὴ
838 1701 948 1742 ἔστιν
996 1701 1123 1741 ἄλλον
1170 1701 1316 1753 τρόπον
1359 1702 1470 1751 δίκην

141 1773 287 1821 λαβεῖν
310 1766 333 1820 ἢ
359 1769 740 1823 διαμαρτυρήσαντα,
767 1771 865 1811 ἴσως
884 1770 1099 1821 ἀναγκαῖον
1118 1767 1163 1808 τὸ
1183 1771 1467 1821 διαμαρτυρεῖν·

84 1859 121 1891 25
143 1837 177 1877 εἰ
215 1838 257 1878 δὲ
300 1836 360 1877 καὶ
398 1836 490 1878 ἄνευ
528 1836 804 1890 διαμαρτυρίας
840 1840 935 1889 πρὸς
972 1834 1097 1876 ἅπασι
1133 1839 1216 1877 τοῖς
1252 1835 1470 1887 συνεδρίοις
1491 1843 1534 1886 58

142 1903 275 1945 ἔνεστι
299 1905 422 1957 λόγου
444 1903 496 1956 μὴ
522 1904 856 1956 ἀποστερηθῆναι,
883 1907 965 1945 πῶς
992 1903 1035 1943 οὐ
1060 1904 1296 1956 προπετείας
1317 1903 1378 1943 καὶ
1402 1904 1470 1952 τῆς

141 1972 333 2023 μεγίστης
376 1971 566 2014 ἀπονοίας
608 1974 773 2022 σημεῖον
811 1970 856 2011 τὸ
898 1973 1170 2023 διαμαρτυρεῖν
1213 1970 1344 2016 ἐστιν;
1382 1968 1469 2010 οὐδὲ

191 2092 210 2119 4
234 2081 357 2113 κελεύει
374 2080 512 2121 Sauppe
527 2092 535 2112 ε
560 2080 675 2113 κωλύει
691 2080 786 2112 codd.
880 2082 913 2112 οὐ
931 2081 1005 2111 add.
1024 2080 1172 2120 Sauppe.
1223 2084 1340 2110 eontra
1356 2078 1470 2111 κωλύει

144 2129 289 2164 servato,
315 2126 401 2164 πλὴν
419 2129 499 2156 ante
519 2128 585 2157 τῶν
606 2133 715 2157 τετελ.
744 2129 777 2155 et
800 2127 979 2165 μαρτυρεῖν·
1007 2123 1099 2156 οὗτος
1123 2126 1158 2155 δὲ
1182 2122 1366 2162 τετόλμηκε
1389 2128 1469 2153 ante

145 2171 364 2210 διαμαρτυρεῖν
379 2169 456 2200 add.
475 2168 574 2199 Blass
663 2170 704 2200 τὰ
721 2168 787 2209 ὑπ’]
806 2170 855 2200 ὑπ’
868 2168 892 2199 S
1023 2169 1044 2197 6
1069 2167 1272 2208 ἐπεγράψατο
1284 2166 1337 2199 A:
1365 2168 1467 2207 ἐνεγρ.

144 2211 175 2250 Q
188 2212 218 2242 D
237 2223 245 2243 ἕ
268 2212 492 2254 ἐγγεγράψατο
510 2212 534 2243 S
623 2213 643 2242 8
667 2213 716 2244 Δι’
733 2213 770 2244 ἂν
785 2212 817 2242 Α
833 2223 840 2242 :
866 2213 915 2244 Δι’
926 2225 985 2243 καν
1001 2211 1025 2241 S
1044 2222 1050 2241 :
1075 2212 1135 2243 Δία
1149 2210 1242 2243 κᾶνΡ
1255 2209 1285 2249 Q
1299 2209 1329 2239 D
1398 2212 1471 2241 τοῦ·

143 2269 201 2287 τον
216 2257 279 2297 ’γὰρ
294 2257 392 2287 codd.
413 2267 421 2287 t
447 2259 563 2288 τοῦτον
579 2265 644 2295 mg.
663 2256 744 2287 edit.
763 2256 868 2286 Paris.
883 2266 891 2286 ι
915 2256 965 2287 ὅτι
981 2257 1099 2287 τοῦτον
1115 2253 1146 2292 Q
1162 2267 1212 2296 γρ.
1357 2263 1396 2283 10
1419 2253 1470 2284 καὶ

144 2309 208 2330 om.
227 2298 259 2329 A
378 2310 416 2330 12
440 2303 555 2332 τοῦτον
571 2298 662 2341 (τὸν)
682 2299 791 2339 Blass,
813 2299 854 2330 cf.
876 2301 890 2336 ξ
910 2309 951 2337 42
1075 2308 1113 2337 17
1138 2300 1194 2330 οὐκ
1210 2296 1241 2327 Α
1255 2298 1307 2327 D:
1331 2299 1405 2329 διων
1421 2295 1446 2326 S
1463 2306 1471 2327 Ζ

145 2345 188 2374 δι’
203 2341 245 2374 ὧν
261 2342 328 2382 FQ
496 2353 534 2374 21
561 2344 611 2375 καὶ
629 2343 816 2381 βουλήσεως
833 2352 898 2374 om.
916 2342 948 2373 A
1110 2351 1152 2380 23
1176 2343 1217 2373 δι’
1234 2342 1311 2382 ἀμφ.
1329 2339 1361 2370 Α
1379 2338 1472 2380 (ὑπὲρ

145 2389 210 2418 τῶν
226 2386 368 2428 omisso)
502 2387 545 2417 26
570 2387 676 2419 ἔνεστι
694 2386 719 2418 S
736 2386 824 2426 vulg.
843 2397 851 2418 ι
875 2387 946 2419 ἔστι
961 2384 994 2416 Α
1127 2395 1168 2425 27
1194 2387 1325 2425 σημεῖον
1340 2393 1403 2414 om.
1424 2382 1455 2413 D

213 2486 299 2507 uhu
1364 2471 1385 2502 5
