1763 2778
188 118 264 174 Lm]
521 124 681 161 ΠΡΟΣ
728 124 1174 162 ΝΙΚΟΣΤΡΑΤΟΝ
1534 124 1674 179 [1249]

187 221 303 262 αὐτοῦ
338 221 463 262 ἔδωκα
500 222 661 274 ἐφόδιον
697 222 763 263 ὅτε
800 222 1007 275 ἐπορεύετο
1052 222 1114 263 ἐπὶ
1156 226 1308 269 τοῦτον,
1352 223 1511 274 ἀφιείην

186 289 300 344 αὐτῷ,
326 290 460 342 χιλίας
495 306 538 330 τε
574 290 751 343 δραχμὰς
784 290 925 341 ἔρανον
954 289 1053 344 αὐτῷ
1088 291 1140 330 εἰς
1166 288 1215 329 τὰ
1239 290 1364 341 λύτρα
1388 291 1508 330 εἰσοί-

186 373 307 408 σοιμι.
381 356 444 397 καὶ
480 359 593 396 τοῦτο
631 356 675 396 οὐ
703 356 811 411 λόγῳ
842 359 914 407 μὲν
942 358 1190 410 ὑπεσχόμην,
1229 357 1331 412 ἔργῳ
1364 359 1405 397 δὲ
1443 357 1552 405 οὐκ9

184 424 365 474 ἐποίησα,
404 423 496 464 ἀλλ’
532 423 663 474 ἐπειδὴ
702 424 770 464 οὐκ
808 424 1001 476 ηὐπόρουν
1035 425 1221 476 ἀργυρίου
1257 426 1319 464 διὰ
1351 423 1394 464 τὸ
1428 427 1509 464 δια-

146 507 163 538 5
184 491 318 543 φόρως
343 490 452 544 ἔχειν
475 491 527 546 τῷ
555 492 757 544 Φορμίωνι
782 492 843 531 καὶ
869 492 1180 543 ἀποστερεῖσθαι
1204 491 1268 532 ὑπ’
1295 491 1412 531 αὐτοῦ
1440 491 1511 542 τὴν

184 558 324 599 οὐσίαν
349 558 398 609 ἥν
421 575 489 609 μοι
511 559 531 598 ὁ
557 557 685 610 πατὴρ
709 558 930 605 κατέλιπεν,
959 560 1127 610 κομίσας
1156 558 1208 601 ὡς
1234 558 1417 600 Θεοκλέα
1441 558 1510 599 τὸν

183 625 273 666 τότε
307 625 632 678 τραπεζιτεύοντα
669 626 880 677 ἐκπώματα
923 626 986 667 καὶ
1021 625 1225 679 στέφανον
1260 630 1447 680 χρυσοῦν,
1486 626 1510 667 ἃ

183 691 273 744 παρ’
298 693 384 744 ἐμοὶ
409 694 451 733 ἐκ
476 696 554 734 τῶν
571 691 763 749 πατρῴων
788 695 882 734 ὄντα
908 694 1138 748 ἐτύγχανεν,
1159 693 1352 734 ἐκέλευσα
1377 697 1510 734 δοῦναι

182 759 305 814 τούτῳ
341 761 474 814 χιλίας
511 760 702 813 δραχμάς,
730 761 792 801 καὶ
829 765 942 801 τοῦτο
977 761 1104 802 ἔδωκα
1141 763 1290 813 δωρεὰν
1328 760 1429 815 αὐτῷ
1465 760 1510 801 τὸ

125 845 163 866 ιο
183 827 379 879 ἀργύριον,
408 827 470 867 καὶ
495 828 678 879 ὁμολογῶ
707 827 928 869 δεδωκέναι.
1002 828 1162 881 ἡμέραις
1192 831 1234 869 δὲ
1267 829 1311 868 οὐ
1340 832 1510 870 πολλαῖς
1533 844 1576 869 10

182 895 349 946 ὕστερον
381 895 616 947 προσελθών
645 912 712 945 μοι
750 894 882 936 κλάων
915 896 1067 948 ἔλεγεν,
1098 897 1160 936 ὅτι
1191 897 1227 936 οἱ
1257 895 1362 946 ξένοι
1393 896 1509 936 ἀπαι-

182 965 287 1002 τοῖεν
312 962 442 1008 αὐτόν,
471 963 507 1002 οἱ
532 963 787 1004 δανείσαντες
812 961 860 1003 τὰ
892 963 1027 1015 λύτρα,
1058 962 1104 1003 τὸ
1131 963 1275 1003 λοιπὸν
1309 963 1507 1015 ἀργύριον,

183 1028 247 1069 καὶ
278 1029 322 1069 ἐν
354 1032 439 1070 ταῖς
468 1034 723 1081 συγγραφαῖς
757 1031 815 1080 εἴη
849 1029 1048 1081 τριάκονθ’
1070 1030 1227 1082 ἡμερῶν
1259 1030 1378 1070 αὐτὸν
1410 1031 1507 1070 ἀπο-

181 1098 314 1136 δοῦναι
354 1092 378 1147 ἢ
420 1096 634 1137 διπλάσιον
677 1097 870 1149 ὀφείλειν,
909 1098 971 1137 καὶ
1011 1099 1071 1138 ὅτι
1108 1097 1153 1138 τὸ
1193 1098 1342 1151 χωρίον
1382 1096 1426 1137 τὸ
1468 1099 1510 1137 ἐν

123 1182 159 1213 15
180 1163 371 1216 γειτόνων
393 1180 460 1215 μοι
485 1167 598 1203 τοῦτο
623 1163 749 1206 οὐδεὶς
774 1163 907 1204 ἐθέλοι
927 1165 1015 1205 οὔτε
1036 1165 1228 1217 πρίασθαι
1247 1165 1335 1205 οὔτε
1355 1163 1508 1204 θέσθαι·

181 1230 202 1269 ὁ
234 1231 309 1282 γὰρ
342 1229 516 1283 ἀδελφὸς
548 1231 569 1270 ὁ
593 1229 862 1282 Ἀρεθούσιος,
889 1232 934 1272 οὗ
967 1230 1202 1284 τάνδράποδ’
1229 1233 1316 1272 ἐστὶ
1341 1235 1463 1272 ταῦτα
1487 1232 1512 1272 ἃ

181 1300 250 1338 νῦν
276 1296 588 1349 ἀπογέγραπται,
614 1298 754 1338 οὐδένα
780 1296 850 1354 ἐῴη
878 1300 965 1339 οὔτε
992 1299 1181 1340 ὠνεῖσθαι
1207 1299 1295 1339 οὔτε
1314 1301 1508 1345 τίθεσθαι,

182 1363 232 1406 ὣς
281 1364 591 1416 ἐνοφειλομένου
637 1366 739 1420 αὐτῷ
782 1367 980 1419 ἀργυρίου.
1053 1369 1061 1383 ‘
1080 1366 1130 1407 σὺ
1169 1366 1239 1407 οὖν
1280 1366 1373 1418 μοι,’
1415 1366 1506 1419 ἔφη,
1533 1386 1571 1412 11

183 1431 376 1484 (πόρισον
417 1431 462 1472 τὸ
499 1433 688 1473 ἐλλεῖπον
729 1436 799 1472 τοῦ
840 1434 1036 1486 ἀργυρίου,
1078 1433 1168 1485 πρὶν
1207 1435 1278 1476 τὰς
1315 1432 1509 1486 τριάκονθ’

121 1519 160 1540 20
179 1497 323 1551 ἡμέρας
366 1501 591 1551 παρελθεῖν,
635 1501 700 1540 ἵνα
738 1499 790 1551 μὴ
834 1500 857 1539 ὅ
893 1517 935 1541 τε
977 1500 1234 1548 ἀποδέδωκα,’
1276 1501 1370 1554 ἔφη,
1414 1502 1509 1542 ’τὰς

178 1566 313 1618 χιλίας
350 1565 540 1620 δραχμάς,
579 1566 789 1617 ἀπόληται,
828 1567 890 1608 καὶ
927 1567 1044 1610 αὐτὸς
1079 1568 1280 1620 ἀγώγιμος
1321 1567 1506 1620 γένωμαι.

180 1631 380 1683 συλλέξας
406 1633 467 1680 δ’,’
493 1633 584 1686 ἔφη,
614 1633 709 1674 ζτὸν
736 1635 889 1687 ἔρανον,
917 1636 1079 1676 ἐπειδὰν
1103 1635 1193 1677 τοὺς
1218 1634 1352 1686 ξένους
1377 1636 1506 1676 ἀπαλ-

178 1697 301 1749 λάξω,
341 1699 408 1740 σοὶ
442 1701 640 1741 ἀποδώσω
678 1699 699 1741 ὃ
733 1701 780 1741 ἄν
816 1719 884 1753 μοι
919 1700 1087 1758 χρήσῃς.
1158 1702 1278 1743 οἶσθα
1312 1701 1376 1749 ὃ’,’
1411 1703 1504 1755 ἔφη,
1528 1706 1670 1760 [1250]

180 1768 190 1784 ‘
207 1768 266 1807 ὅτι
296 1767 359 1807 καὶ
392 1768 429 1808 οἱ
459 1768 574 1818 νόμοι
608 1768 838 1809 κελεύουσιν
870 1772 939 1809 τοῦ
962 1768 1190 1821 λυσαμένου
1216 1771 1257 1810 ἐκ
1283 1773 1360 1810 τῶν
1386 1775 1503 1810 πολε-

119 1849 157 1882 25
177 1834 277 1885 μίων
302 1833 402 1875 εἶναι
426 1833 494 1875 τὸν
518 1834 699 1881 λυθέντα,
724 1837 793 1876 ἐὰν
816 1835 868 1887 μὴ
890 1836 1061 1892 ἀποδιδῷ
1081 1838 1131 1877 τὰ
1154 1836 1305 1888 λύτρα.’
1353 1837 1507 1877 ἀκούων
1531 1852 1572 1877 12

178 1903 221 1942 δὲ
249 1900 367 1942 αὐτοῦ
400 1905 519 1942 ταῦτα
545 1903 608 1943 καὶ
632 1905 757 1943 δοκῶν
776 1903 822 1944 οὐ
845 1904 1083 1956 ψεύδεσθαι,
1111 1903 1380 1956 ἀπεκρινάμην
1405 1903 1507 1958 αὐτῷ

179 1967 277 2020 ἅπερ
312 1967 361 2009 ἂν
395 1967 483 2011 νέος
519 1986 563 2009 τε
596 1969 802 2022 ἄνθρωπος
839 1970 900 2010 καὶ
931 1972 1081 2013 οἰκείως
1113 1971 1328 2024 χρώμενος,
1355 1971 1424 2011 οὐκ
1459 1969 1508 2011 ἂν

179 2036 346 2086 νομίσας
379 2036 623 2087 ἀδικηθῆναι,
649 2037 711 2076 ὅτι
738 2039 748 2054 ‘
764 2035 794 2077 ὦ
820 2038 1083 2090 Νικόστρατε,
1112 2038 1173 2078 καὶ
1198 2039 1241 2078 ἐν
1266 2039 1318 2092 τῷ
1341 2037 1415 2090 πρὸ
1440 2043 1508 2078 τοῦ

179 2118 245 2143 σοι
273 2103 404 2158 χρόνῳ
435 2103 554 2156 φίλος
587 2102 633 2154 ἦν
664 2104 864 2154 ἀληθινός,
899 2105 963 2145 καὶ
989 2108 1060 2146 νῦν
1090 2106 1133 2146 ἐν
1165 2109 1250 2147 ταῖς
1281 2109 1505 2158 συμφοραῖς

226 2222 238 2242 Ι
266 2214 363 2245 αὐτοῦ
379 2223 444 2244 om.
456 2211 487 2242 A
578 2212 731 2254 ἐφόδιαΑ
820 2215 948 2255 ἀφιείην
959 2214 1056 2245 Blass
1072 2226 1078 2246 :
1096 2215 1193 2255 ἂφίην
1205 2215 1264 2245 SF
1277 2215 1307 2253 Q
1324 2216 1372 2246 D:
1391 2215 1506 2255 ἀφείην

177 2254 209 2286 Α
317 2266 336 2295 3
362 2257 583 2298 ὑπισχνούμην
599 2257 629 2287 Α
762 2259 825 2296 7-8
850 2258 869 2290 ἃ
884 2258 970 2300 παρ’]
989 2258 1068 2299 ὅπερ
1084 2258 1113 2288 Α
1260 2268 1295 2288 ΙΙ
1325 2258 1431 2290 κλάων
1448 2258 1479 2288 Α
1497 2269 1505 2289 :

179 2300 299 2332 κλαίων
311 2300 334 2330 S
348 2310 433 2332 corr.
446 2301 533 2339 vulg.
548 2312 555 2332 τ
573 2308 681 2333 καλων
694 2300 733 2332 Sl
826 2311 931 2341 14—15
951 2302 1144 2343 ἐγγειτόνων
1156 2302 1181 2333 S
1194 2302 1225 2331 A
1239 2301 1286 2332 D:
1304 2304 1339 2333 ἐκ
1351 2301 1505 2342 ’γειτόνων

180 2342 453 2381 Dobree,se‹1ef.
472 2344 630 2375 Menand.
650 2350 756 2386 Περικ.
777 2355 818 2385 27
910 2355 947 2384 15
964 2360 1023 2386 μου
1041 2347 1140 2377 οὐδεὶς
1159 2345 1260 2377 ἐθέλει
1276 2345 1309 2375 Α
1397 2344 1503 2376 θέσθαι

179 2386 315 2417 Naber:
338 2388 480 2419 τίθεσθαι
497 2388 592 2419 codd.
763 2398 801 2418 21
829 2388 991 2427 ἀπόληται
1008 2389 1033 2420 S
1053 2390 1124 2429 (me
1141 2389 1244 2429 teste)
1265 2389 1290 2418 F
1304 2388 1334 2427 Q
1348 2389 1377 2418 D
1395 2399 1401 2418 ε
1425 2388 1502 2419 ἀπό-

179 2429 374 2511 λωντὲιῷλῡ
433 2441 474 2461 22
497 2432 554 2462 τὸν
570 2431 651 2462 secl.
672 2431 768 2462 Blass
858 2433 900 2462 28
923 2435 980 2464 τοῦ
996 2432 1048 2463 A:
1072 2432 1186 2464 τούτου
1202 2437 1280 2462 cett.
1380 2442 1422 2470 29
1448 2433 1502 2463 νῦν

178 2483 244 2504 om.
