1763 2778
160 117 247 173 κων]
517 119 679 157 ΚΑΤΑ
727 119 1066 156 ΣΤΕΦΑΝΟὙ
1103 118 1136 155 Α
1509 113 1628 168 [1112]

161 221 219 263 τίς
245 221 318 273 γὰρ
341 215 427 272 <ἂν>
453 218 682 270 ἀνθρώπων,
710 217 734 258 ἃ
762 219 835 268 μὲν
861 216 1028 268 ἔμελλεν
1059 215 1345 269 τραπεζιτεύων
1379 216 1490 257 οὗτος

162 287 410 341 ἐργάζεσθαι,
440 285 550 326 ταῦθ’
579 286 686 327 ὅπως
717 285 808 336 ἡμῖν
842 287 922 325 τοῖς
958 285 1075 324 αὑτοῦ
1111 284 1263 328 παισίν,
1296 283 1402 322 ἀλλὰ
1437 282 1488 333 μὴ

162 355 284 409 τούτῳ
308 352 521 406 γενήσεται
545 351 782 404 προύνοήθη,
806 351 868 392 καὶ
894 353 956 391 διὰ
980 354 1094 391 τοῦτο
1119 350 1172 402 μὴ
1197 349 1344 400 ἐξεῖναι
1368 349 1489 403 τούτῳ

162 421 449 474 τραπεζιτεύειν
478 420 669 473 ἔγραψεν,
702 420 765 460 ἵνα
797 418 848 470 μὴ
880 419 1099 470 ἀφιστῆται
1128 416 1198 469 ἀφ’
1229 417 1350 468 ἡμῶν·
1402 417 1426 456 ἃ
1457 416 1489 455 δ’

125 508 141 539 5
162 488 278 531 αὐτὸς
298 487 556 541 εἰργασμένος
582 487 695 527 ἔνδον
720 485 941 532 κατέλειπε,
969 484 1075 525 ταῦθ’
1094 485 1199 526 ὅπως
1224 484 1335 525 οὗτος
1359 483 1488 536 λήψε-

162 573 225 597 ται
249 555 543 608 παρεσκεύασε,·
582 555 644 594 καὶ
663 556 731 604 τῆς
750 556 822 604 μὲν
842 553 1030 605 ἐργασίας
1055 552 1294 605 ἐφθόνησεν,
1314 551 1360 601 ῆς
1380 551 1492 591 οὐδὲν
1514 564 1553 599 35

163 622 334 677 αἰσχρὸν
362 622 410 673 ἦν
439 624 686 673 μεταδοῦναι·
729 621 800 671 τὴν
833 622 874 661 δὲ
905 619 1056 673 γυναῖκ’
1088 620 1244 664 ἔδωκεν,
1278 618 1323 658 οὗ
1359 619 1493 669 μεῖζον

163 691 274 731 οὐδὲν
299 690 347 731 ἂν
374 689 584 730 κατέλιπεν
604 690 766 734 ὄνειδος,
787 688 918 740 τυχών
942 705 988 739 γε
1013 689 1081 737 τῆς
1101 685 1190 738 παρ’
1205 687 1313 737 ὑμῶν
1331 687 1492 737 δωρεᾶς,

164 757 236 799 εἶθ’
259 758 396 809 ὥσπερ
424 756 471 797 ἂν
497 759 638 798 δοῦλος
670 756 845 811 δεσπότῃ
876 755 1016 800 διδούς,
1052 752 1143 794 ἀλλ’
1175 753 1219 793 οὐ
1252 752 1492 798 τούναντίον,

107 843 144 865 10
165 826 274 877 εἴπερ
298 826 439 871 ἐδίδου,
466 823 664 873 δεσπότης
697 822 842 879 οἰκέτῃ,
877 822 1104 874 προστιθεὶς
1134 825 1276 872 προῖκα
1304 820 1406 870 ὅσην
1431 819 1494 859 οὐ-

164 892 242 935 δεὶς
268 895 345 932 τῶν
366 893 409 932 ἐν
426 897 475 949 τῇ
499 891 617 931 πόλει
643 890 845 942 φαίνεται;
882 890 1008 929 καίτοι
1027 888 1150 942 τούτῳ
1176 890 1247 938 μὲν
1273 887 1364 928 αὐτὸ
1390 885 1493 927 τοῦτ’
1515 887 1559 929 36

165 958 369 1012 ἀγαπητὸν
389 957 450 1009 ἦν,
469 961 513 998 τὸ
537 960 607 1008 τῆς
630 957 843 1007 δεσποίνης
869 956 1096 1007 ἀξιωθῆναι·
1133 959 1185 1010 τῷ
1206 955 1322 1006 πατρὶ
1346 953 1379 994 δ’
1407 953 1494 994 οὐδὲ

164 1025 415 1078 λαμβάνοντι
452 1029 627 1065 τοσαῦτα
672 1024 868 1078 χρήματα,
907 1025 986 1064 ὅσα
1034 1022 1137 1076 φασὶ
1184 1020 1328 1062 διδόνθ’
1372 1021 1492 1067 οὗτοι,

165 1095 332 1147 εὔλογον
369 1092 416 1144 ἧν
448 1091 592 1145 πρᾶξαι
627 1096 761 1132 ταῦτα.
813 1090 904 1132 ἀλλ’
929 1092 1034 1142 ὅμως
1071 1091 1094 1131 ἃ
1129 1093 1209 1131 τοῖς
1244 1089 1383 1135 εἰκόσι,
1414 1092 1495 1129 τοῖς

108 1177 144 1208 15
165 1161 336 1215 χρόνοις,
362 1165 445 1202 τοῖς
469 1159 759 1212 πεπραγμένοις
792 1157 1048 1211 ἐξελέγχεται
1080 1160 1221 1211 ψευδῆ,
1248 1160 1369 1196 ταῦτα
1396 1173 1493 1209 μαρ-

164 1233 294 1281 τυρεῖν
317 1229 386 1269 οὐκ
412 1228 590 1278 ὤκνησεν
613 1227 751 1267 οὑτοσὶ
777 1226 994 1278 Στέφανος.

234 1296 334 1336 Εἶτα
361 1294 474 1348 λέγει
504 1295 678 1346 περιιών,
715 1293 766 1335 ὣς
797 1293 1041 1347 ἐμαρτύρησε
1071 1294 1143 1344 μὲν
1175 1293 1376 1341 Νικοκλῆς
1411 1290 1494 1331 ἐπι-
1517 1300 1558 1335 37

166 1367 381 1416 τροπεῦσαι
421 1363 518 1402 κατὰ
555 1361 626 1412 τὴν
669 1360 870 1412 διαθήκην,
908 1360 1156 1412 ἐμαρτύρησε
1197 1361 1239 1400 δὲ
1288 1361 1497 1408 Πασικλῆς

167 1432 495 1482 ἐπιτροπευθῆναι
520 1429 618 1469 κατὰ
641 1428 713 1479 τὴν
733 1427 932 1479 διαθήκην.
995 1428 1072 1480 ἐγὼ
1098 1427 1130 1466 δ’
1151 1426 1248 1467 αὐτὰ
1267 1425 1371 1466 ταῦτ’
1390 1426 1498 1476 οἶμαι

108 1513 148 1535 20
167 1496 341 1550 τεκμήρι’
363 1497 463 1537 εἶναι
485 1500 554 1537 τοῦ
577 1494 664 1547 μήτ’
687 1497 858 1537 ἐκείνους
881 1496 1034 1546 τάληθῆ
1059 1493 1157 1546 μήτε
1183 1494 1324 1534 τούσδε
1349 1510 1494 1544 μεμαρ-

167 1564 385 1618 τυρηκέναι.
454 1564 476 1603 ὁ
508 1565 583 1616 γὰρ
619 1565 905 1615 ἐπιτροπεῦσαι
941 1564 1037 1602 κατὰ
1074 1560 1259 1611 διαθήκας
1294 1563 1499 1612 μαρτυρῶν
1520 1558 1642 1614 [1113]

169 1635 291 1683 δῆλον
315 1632 375 1672 ὅτι
401 1629 484 1671 καθ’
511 1632 649 1673 ὁποίας
674 1630 722 1671 ἂν
747 1631 879 1680 εἰδείη,
909 1630 971 1670 καὶ
997 1630 1017 1668 ὁ
1047 1630 1373 1680 ἐπιτροπευθῆναι
1403 1628 1500 1667 κατὰ

169 1697 357 1750 διαθήκας
379 1702 584 1751 μαρτυρῶν
609 1701 731 1749 δῆλον
757 1699 817 1737 ὅτι
843 1696 926 1737 καθ’
953 1697 1090 1737 ὁποίας
1115 1695 1163 1736 ἂν
1184 1696 1314 1745 εἰδείη.
1368 1695 1409 1734 τί
1431 1694 1499 1734 οὖν
1520 1697 1563 1741 38

168 1767 362 1818 μαθόντες
386 1764 628 1818 ἐμαρτυρεῖθ’
648 1767 756 1816 ὑμεῖς
782 1766 824 1805 ἐν
850 1763 1069 1816 προκλήσει
1094 1761 1292 1813 διαθήκας,
1320 1760 1410 1801 ἀλλ’
1431 1761 1500 1801 οὐκ

110 1847 149 1880 25
170 1834 342 1875 ἐκείνους
361 1834 484 1880 efflare,-
525 1834 557 1873 εἰ
576 1834 651 1885 γὰρ
671 1832 718 1872 αὖ
736 1831 787 1883 μὴ
810 1830 1013 1884 φήσουσιν
1033 1829 1177 1871 εἰδέναι
1192 1831 1241 1869 τὰ
1260 1827 1500 1882 γεγραμμέν’

170 1902 212 1941 ἐν
237 1901 384 1947 αὐταῖς,
419 1904 501 1942 πῶς
530 1901 628 1951 ὑμᾶς
656 1899 740 1940 οἶόν
769 1898 802 1938 τ’
833 1898 978 1939 εἰδέναι
1009 1897 1098 1939 τοὺς
1129 1899 1286 1953 μηδαμῇ
1315 1899 1500 1947 μηδαμῶς

169 1971 239 2008 τοῦ
262 1966 490 2020 πράγματος
516 1966 652 2019 ἐγγύς;
688 1967 729 2006 τί
751 1964 837 2006 ποτ’
863 1966 932 2006 οὗν
951 1967 987 2006 οἱ
1013 1966 1085 2016 μὲν
1106 1966 1249 2010 ἐκεῖνα,
1271 1965 1307 2003 οἱ
1328 1965 1368 2003 δὲ
1393 1961 1500 2002 ταῦτ’

170 2035 465 2087 ἐμαρτύρησαν,·
501 2035 598 2086 ὅπερ
625 2034 760 2085 εἴρηκα
789 2033 852 2073 καὶ
881 2033 1083 2085 πρότερον,
1116 2033 1311 2072 διείλοντο
1341 2028 1498 2079 τάδική-

169 2119 286 2154 ματα,
328 2101 391 2141 καὶ
428 2102 711 2154 ἐπιτροπεῦσαι
747 2102 820 2152 μὲν
860 2101 957 2140 κατὰ
995 2097 1184 2149 διαθήκην
1221 2097 1334 2138 οὐδὲν
1370 2095 1500 2137 δεινὸν

221 2222 235 2241 1
260 2212 301 2243 ἂν
316 2211 391 2242 add.
412 2210 575 2242 Schaeser
710 2220 730 2240 2
756 2209 944 2250 ἐργάζεσθαι
965 2219 1030 2239 Om.
1052 2208 1076 2239 S
1207 2216 1226 2245 5
1251 2206 1422 2238 κατέλειπε
1441 2204 1501 2235 5¹:

172 2255 325 2287 κατέλιπε
344 2255 368 2285 S
386 2265 471 2285 corr.
489 2254 578 2293 vulg.
726 2254 746 2283 8
773 2252 947 2285 κατέλιπεν
964 2252 988 2283 S
1007 2262 1091 2282 corr.
1112 2251 1202 2290 vulg.
1221 2262 1228 2281 τ
1253 2250 1445 2282 κατέλειπεν
1462 2247 1499 2278 S¹

172 2301 233 2329 8-1
243 2309 255 2328 1
284 2298 558 2337 interrogationis
570 2297 702 2336 signum
716 2302 792 2336 post
807 2297 926 2329 ὄνειδος
940 2296 1101 2333 editores,
1113 2300 1188 2334 post
1199 2295 1345 2335 φαίνεται
1359 2293 1502 2322 collocat

174 2342 266 2373 Moss
415 2352 453 2372 12
477 2343 515 2373 τὸ
533 2351 597 2371 om.
619 2340 644 2370 F
796 2351 833 2378 13
858 2339 1067 2379 λαμβάνοντα
1085 2339 1107 2368 S
1209 2340 1350 2369 διδοντα·
1373 2338 1460 2367 οὔτοι
1478 2335 1502 2365 S

173 2395 280 2424 22023
304 2385 380 2417 καὶ.
399 2407 407 2416 .
431 2408 439 2416 .
460 2385 555 2424 εἰδείη
572 2394 637 2416 om.
657 2384 681 2415 S
816 2394 857 2422 24
882 2384 1037 2416 παθόντες
1054 2381 1154 2413 Wolf
