1763 2778
175 99 261 155 xm]
530 104 697 142 ΚΑΤΑ
748 103 1088 141 ΣΤΕΦΑΝΟΎ
1125 102 1159 140 Α
1521 95 1655 151 [1105]

175 203 289 244 αὐτὸν
306 201 441 254 ἠξίουν
455 206 676 255 μαρτυρεῖν.
713 199 981 251 ἐθελήσαντος
999 200 1071 252 μέν
1087 200 1123 254 γ’
1139 201 1356 242 ὑπεύθυνον
1376 199 1497 251 ἐλάμ-

173 275 314 322 βανον,
341 271 375 311 εἷ
404 269 437 310 δ’
463 270 621 322 ἔφευγε,
654 268 776 310 πάλιν
801 267 896 309 αὐτὸ
925 267 1029 309 τοῦθ’
1060 267 1192 309 ἱκανὸν
1220 268 1428 320 τεκμήριον
1451 266 1499 318 ἧν

173 355 239 389 μοι
263 341 331 377 τοῦ
354 336 586 378 πεπλάσθαι
602 335 648 376 τὸ
663 339 835 388 πρᾶγμα.
890 337 951 376 καὶ
976 335 1030 386 δὴ·
1053 335 1115 375 καὶ
1141 334 1379 386 συνέβαινεν
1400 337 1497 376 ἐκεί-

174 421 249 446 νως
272 407 344 456 μὲν
370 403 425 444 ἕν’
452 403 552 444 εῖναι
577 403 673 456 πρὸς
705 402 748 444 ὃν
774 405 822 444 τὰ
851 402 1046 455 πράγματ’
1074 403 1256 455 ἐγίγνετό
1283 420 1362 454 μοι,
1391 403 1441 444 ὡς
1466 402 1499 443 δ’

137 493 152 524 5
174 471 281 512 οὗτοι
311 469 644 524 μεμαρτυρήκασι,
671 470 767 523 πρὸς
800 471 988 512 πολλούς.
1037 469 1150 510 ἔστιν
1179 470 1248 511 οὖν
1275 471 1388 513 ὅστις
1418 466 1500 523 (ἂν)

172 539 278 589 ὑμῶν
302 537 410 578 ταῦθ’
436 539 584 585 εἵλετο,·
616 538 693 590 ἐγὼ
717 540 789 588 μὲν
814 537 938 579 οὐδέν’
964 538 1142 590 ἡγοῦμαι.
1199 537 1244 577 οὐ
1261 539 1392 578 τοίνυν
1412 537 1500 577 οὐδὲ
1524 552 1563 585 14

174 605 257 646 κατ’
297 605 423 645 ἄλλου
468 605 672 646 πιστεύειν
713 607 805 645 ἐστὲ
849 605 1002 645 δίκαιοι.
1060 605 1123 644 καὶ
1161 603 1248 657 γάρ,
1293 603 1322 644 ὦ
1364 605 1500 657 ἄνδρες

172 671 386 723 Ἀθηναῖοι,
421 673 534 714 ὅσοις
565 675 639 724 μὲν
673 672 892 724 πρόσεστιν
922 671 1019 725 ὀργὴ
1056 676 1135 712 τῶν
1166 671 1444 725 πραττομένων
1474 668 1498 722 ἢ

171 739 308 791 λῆμμά
344 757 383 780 τι
415 739 573 791 κέρδους
608 736 631 789 ἢ
668 739 920 792 παροξυσμὸς
956 736 978 790 ἢ
1017 740 1233 791 φιλονικία,
1271 743 1393 780 ταῦτα
1427 741 1499 790 μὲν

116 821 153 842 10
173 806 297 848 ἄλλος
322 806 370 847 ἂν
394 806 529 848 ἄλλως
561 805 723 859 πράξειε
751 810 847 859 πρὸς
876 807 945 847 τὸν
974 808 1092 846 αὑτοῦ
1120 807 1281 859 τρόπον·
1319 808 1429 848 ὅσοις
1457 808 1498 846 δὲ

173 874 320 914 τούτων
343 876 416 925 μὲν
439 872 574 925 μηδέν,
600 873 796 926 λογισμὸς
825 873 858 914 δ’
882 873 948 927 ἐφ’
972 874 1144 927 ἡσυχίας
1174 877 1241 913 τοῦ
1272 873 1497 926 συμφέρον-

172 957 251 987 τος,
277 941 336 983 τίς
367 941 489 984 οὕτως
516 940 654 993 ἄφρων
679 941 792 983 ὅστις
815 940 864 981 ἂν
889 942 938 981 τὰ
973 940 1198 981 συνοίσοντ’
1225 942 1352 995 ἀφείς,
1380 940 1426 991 ἐξ
1447 942 1500 981 ὧν

174 1006 307 1048 κάκιον
327 1007 495 1059 ἔμελλεν
509 1008 779 1061 ἀγωνιεῖσθαι,
797 1008 904 1048 ταῦτ’
925 1007 1111 1060 ἕπραξεν;
1150 1008 1173 1047 ἃ
1193 1010 1266 1061 γὰρ
1287 1007 1366 1048 οὔτ’
1383 1007 1500 1048 εἰκότ’
1521 1011 1660 1065 [1106]

173 1075 251 1115 οὔτ’
278 1074 408 1128 εὔλογ’
434 1075 513 1116 οὔτ’
538 1074 587 1116 ἂν
618 1074 787 1128 ἔπραξεν
816 1076 955 1122 οὐδείς,
986 1075 1094 1116 ταῦθ’
1123 1074 1231 1116 οὗτοι
1255 1074 1498 1128 μεμαρτυρή-

114 1156 151 1189 15
173 1159 288 1182 κασιν
313 1142 401 1195 περὶ
423 1142 546 1194 ἡμῶν.

238 1209 301 1250 Οὐ
331 1209 462 1250 τοίνυν
490 1210 613 1261 μόνον
645 1204 774 1261 ἐξῶν
802 1211 871 1262 ἐμὲ
898 1210 951 1263 μὴ
982 1209 1126 1252 ’θέλειν
1154 1210 1201 1252 τὸ
1232 1213 1500 1264 γραμματεῖον
1523 1225 1561 1261 15

172 1276 347 1329 ἀνοίγειν
369 1275 702 1330 μεμαρτυρήκασι,
729 1279 840 1330 γνοίη
867 1295 924 1319 τις
950 1277 998 1318 ἂν
1023 1278 1162 1321 αὐτοὺς
1185 1280 1247 1319 ὅτι
1268 1278 1499 1331 ψεύδονται,

173 1344 278 1384 ἀλλὰ
304 1344 366 1384 καὶ
393 1345 436 1384 ἐκ
458 1349 527 1384 τοῦ
552 1345 775 1396 πρόκλησιν
801 1346 896 1396 ὁμοῦ
921 1344 1085 1401 διαθήκῃ
1113 1349 1333 1398 μαρτυρεῖν.
1393 1345 1501 1395 οἶμαι

172 1412 247 1463 γὰρ
276 1410 451 1452 ἅπαντας
475 1412 574 1462 ὑμᾶς
605 1411 761 1458 εἰδέναι,
799 1413 860 1452 ὅτι
891 1413 971 1452 ὅσα
997 1412 1050 1463 μὴ
1085 1413 1248 1453 δυνατὸν
1272 1411 1369 1464 πρὸς
1401 1413 1499 1462 ὑμᾶς

114 1491 154 1514 20
172 1478 337 1531 ἀγαγεῖν
355 1478 444 1518 ἐστι
466 1481 545 1518 τῶν
570 1478 869 1531 πεπραγμένων,
895 1479 1045 1519 τούτων
1070 1479 1312 1532 προκλήσεις
1337 1479 1498 1531 ηὑρέθη-

173 1562 264 1586 σαν.
322 1545 405 1586 οῗον
442 1545 678 1596 βασανίζειν
714 1547 783 1586 οὐκ
819 1547 930 1587 ἔστιν
966 1548 1144 1587 ἐναντίον
1180 1548 1300 1597 ὑμῶν·
1350 1546 1498 1598 ἀνάγκη
1524 1554 1564 1587 16

172 1612 311 1652 τούτου
336 1613 559 1664 πρόκλησιν
585 1612 695 1653 εἶναι.
755 1614 838 1654 οἶον
868 1615 904 1654 εἴ
934 1631 972 1654 τι
999 1613 1218 1666 πέπρακται
1249 1614 1310 1653 καὶ
1336 1613 1500 1666 γέγονεν

174 1678 248 1729 ἕξω
284 1696 358 1720 που
395 1681 463 1730 τῆς
496 1680 639 1733 χώρας,
671 1679 821 1733 ἀνάγκη
861 1680 923 1720 καὶ
960 1681 1100 1721 τούτου
1129 1682 1352 1733 πρόκλησιν
1385 1680 1496 1726 εἶναι,

173 1749 289 1786 πλεῖν
317 1742 341 1796 ἢ
370 1746 548 1797 βαδίζειν
577 1747 621 1786 οὗ
655 1746 699 1787 τὸ
732 1747 877 1800 πρᾶγμ’
912 1747 1104 1801 ἐπράχθη·
1155 1748 1218 1788 καὶ
1254 1752 1332 1788 τῶν
1364 1747 1499 1787 ἄλλων

115 1826 151 1857 25
172 1817 250 1853 τῶν
274 1813 473 1854 τοιούτων.
538 1814 638 1854 ὅπου
662 1813 695 1854 δ’
721 1814 817 1854 αὐτὰ
848 1817 894 1855 τίι
925 1814 1120 1867 πράγματ’
1145 1815 1210 1867 ἐφ’
1237 1816 1364 1855 αὑτῶν
1387 1814 1499 1855 ἔστιν

171 1881 261 1930 ὑμῖν
286 1881 442 1933 ἐμφανῆ
472 1883 652 1931 ποιῆσαι,
686 1883 726 1922 τί
753 1881 800 1932 ἦν
827 1883 1102 1934 ἁπλούστερον
1124 1879 1148 1933 ἢ
1176 1881 1282 1922 ταῦτ’
1306 1881 1419 1934 ἄγειν
1446 1882 1499 1922 εἷς

171 1946 316 1997 μέσον,·
344 1946 562 1998 Ἀθήνησιν
592 1950 666 1999 μὲν
697 1950 829 1989 τοίνυν
863 1950 882 1988 ὁ
912 1949 1041 2001 πατὴρ
1076 1950 1335 2000 ἐτελεύτησεν
1368 1948 1498 2000 οὑμός,
1524 1965 1562 1997 17

174 2014 352 2066 ἐγίγνετο
385 2013 417 2053 δ’
441 2014 464 2065 ἡ
490 2014 606 2055 δίαιτ’
630 2015 674 2055 ἐν
706 2021 753 2071 τῇ
787 2016 946 2072 ποικίλῃ
976 2022 1089 2071 στοᾷ,
1121 2015 1442 2069 μεμαρτυρήκασι
1467 2014 1499 2054 δ’

173 2080 279 2121 οὗτοι
304 2080 492 2135 παρέχειν
517 2081 561 2121 τὸ
586 2086 851 2134 γραμματεῖον
870 2083 1045 2136 Ἀμφίαν
1071 2083 1168 2135 πρὸς
1190 2084 1260 2123 τὸν
1286 2081 1498 2133 διαιτητήνο

89 2152 153 2194 '30
172 2147 309 2188 οὐκοῦν
335 2149 444 2200 ε’ίπερ
467 2149 613 2199 ἀληθὲς
637 2148 696 2199 ἧν,
727 2151 848 2202 ἐχρῆν
875 2149 968 2189 αὐτὸ
992 2149 1037 2190 τὸ
1060 2154 1328 2202 γραμματεῖον
1353 2151 1407 2191 εἰς
1432 2149 1498 2189 τὸν

172 2215 306 2268 ἐχῖνον
335 2216 531 2266 ἐμβαλεῖν
565 2216 627 2255 καὶ
660 2215 729 2257 τὸν
760 2217 987 2270 παρέχοντα
1019 2222 1242 2270 μαρτυρεῖν,
1274 2216 1324 2257 ἵν’
1356 2218 1398 2256 ἐκ
1428 2219 1498 2267 τῆς

218 2333 233 2354 1
258 2323 317 2363 μέν
332 2324 386 2365 γε]
404 2323 464 2365 μὲν
481 2326 542 2368 ’γὰρ
560 2325 678 2357 Baiter
781 2337 799 2364 4
824 2327 862 2358 τὸ
887 2329 1016 2367 πρᾶγμα
1034 2326 1063 2356 D
1165 2336 1184 2365 5
1208 2327 1248 2358 ἂν
1264 2327 1339 2357 add.
1360 2325 1498 2355 Dobree

170 2376 193 2406 9
216 2369 394 2407 φιλονεικία
412 2369 508 2399 codd.
609 2380 649 2408 14
674 2368 747 2401 οὐδὲ
759 2369 803 2401 εἷς
818 2369 916 2400 Blass
928 2371 1014 2401 sicut
1027 2371 1145 2401 xxxvii
1165 2372 1206 2409 56
1223 2380 1231 2409 3
1252 2371 1313 2400 sed
1330 2370 1369 2400 cf.
1387 2380 1431 2399 xv
1448 2379 1494 2407 15,

171 2409 231 2440 xix
247 2412 301 2449 68,
321 2421 365 2441 xx
388 2422 449 2450 130
466 2413 506 2443 al.
657 2423 694 2442 21
723 2415 778 2444 οὐκ
799 2415 925 2445 ἔνεστιν
940 2415 969 2443 D
1111 2416 1152 2443 26
1177 2413 1212 2453 ἢ]
1231 2415 1258 2446 εἰ
1274 2412 1311 2444 S¹
1455 2422 1494 2450 3Ι

173 2466 302 2494 εχεινον
322 2454 345 2484 S
