1763 2778
193 144 300 199 Lvm]
565 148 726 186 ΚΑΤΑ
775 147 1141 185 ΘΕΟΚΡΙΝΟὙ
1540 141 1679 194 [1340]

782 241 918 271 ΣΤΗΛΗ

257 301 359 355 Περὶ
389 303 463 353 μὲν
495 301 564 342 οῦν
595 304 674 342 τῶν
703 300 833 351 νόμων
859 299 921 339 καὶ
952 303 1021 340 τοῦ
1049 298 1278 352 πράγματος
1307 299 1376 339 οὐκ
1400 299 1472 340 οἶδ’
1497 301 1519 339 ὅ
1541 308 1582 343 57

189 385 228 410 τι
256 372 317 410 δεῖ
342 369 467 409 πλείω
497 367 645 421 λέγειν·
675 368 816 409 ἱκανῶς
847 367 921 419 γάρ
954 368 1032 417 μοι’
1052 369 1203 407 δοκεῖτε
1237 366 1515 417 μεμαθηκέναι.

190 436 392 487 βούλομαι
423 438 466 476 δὲ
498 435 649 486 δεηθεὶς
682 436 789 485 ὑμῶν
817 435 867 475 τὰ
896 433 1012 474 δίκαι’
1036 435 1134 485 ὑπὲρ
1163 434 1331 485 ἐμαυτοῦ
1357 433 1419 473 καὶ
1450 437 1518 473 τοῦ

152 502 337 555 5πατρὸς
374 503 628 553 καταβαίνειν
671 502 732 542 καὶ
767 500 820 552 μὴ
860 501 1047 554 ἐνοχλεῖν
1079 501 1185 552 ὑμῖν.
1249 500 1326 553 ἐγὼ
1362 500 1450 552 γάρ,
1487 499 1517 540 ‹T›

190 569 329 622 ἄνδρες
352 570 547 615 δικασταί,
573 571 738 620 βοηθεῖν
763 568 943 619 οἰόμενος
972 571 1054 608 δεῖν
1079 572 1132 622 τῷ
1165 568 1284 620 πατρὶ
1311 567 1374 608 καὶ
1404 571 1518 607 τοῦτο

191 637 341 677 δίκαιον
356 637 456 677 εἶναι
471 636 650 687 νομίζων,
668 635 740 686 τὴν
755 635 921 686 ἔνδειξιν
938 635 1082 685 ταύτην
1102 634 1363 686 ἐποιησάμην,
1381 635 1516 687 ὥσπερ
1539 642 1580 685 58

190 703 239 756 ἐξ
259 704 384 757 ἀρχῆς
412 703 536 749 εἶπον,
564 702 632 742 οὐκ
661 703 816 755 ἀγνοῶν
839 702 930 744 οὔτε
956 702 1046 744 τοὺς
1079 705 1344 754 βλασφημεῖν
1368 706 1515 753 βουλο-

189 770 342 823 μένους,
375 770 436 811 ὅτι
463 770 607 823 λόγους
643 768 859 822 εὑρήσουσι
888 768 980 811 τοὺς
1008 771 1300 820 διαβαλοῦντας
1325 768 1395 819 τὴν
1421 768 1518 820 ἐμὴν

131 856 170 878 10
189 838 360 890 ἡλικίαν,
381 838 472 879 οὔτε
487 837 578 879 τοὺς
597 835 927 888 ἐπαινεσομένους
945 836 1007 876 καὶ
1027 840 1252 889 σωφρονεῖν
1268 853 1316 887 με
1335 840 1514 887 νομιοῦν-

189 922 271 952 τας,
309 906 343 946 εἷ
378 903 447 946 τὸν
482 904 626 958 ἐχθρὸν
662 907 730 944 τοῦ
766 903 914 956 πατρὸς
953 906 1209 956 τιμωρεῖσθαι
1245 907 1516 956 προαιροῦμαι,

191 971 283 1013 ἀλλ’
306 972 524 1025 ἡγούμενος
555 975 677 1011 ταῦτα
704 973 778 1022 μὲν
803 972 924 1012 οὕτως
957 971 1062 1012 ὅπως
1093 969 1142 1011 ἂν
1170 970 1271 1026 τύχῃ
1304 972 1407 1023 παρὰ
1436 973 1517 1012 τοῖς

190 1038 451 1093 ἀκροωμένοις
476 1037 775 1090 συμβήσεσθαι,
806 1038 893 1089 ἐμοὶ
918 1040 960 1079 δὲ
988 1037 1034 1078 τὸ
1066 1040 1321 1091 προσταχθὲν
1346 1036 1422 1078 ὑπὸ
1450 1041 1519 1077 τοῦ

190 1107 347 1160 πατρός,
368 1106 502 1148 ἄλλως
520 1123 562 1146 τε
583 1105 645 1146 καὶ
663 1105 813 1146 δίκαιον
838 1107 895 1151 ὄν,
916 1104 1020 1145 τοῦτ’
1039 1104 1140 1145 εἶναι
1164 1103 1364 1155 ποιητέον.
1423 1104 1518 1144 πότε
1540 1120 1583 1155 59

131 1190 168 1223 15
190 1172 267 1227 γάρ
288 1191 338 1226 με
364 1173 426 1214 καὶ
451 1176 512 1214 δεῖ
531 1175 700 1225 βοηθεῖν
720 1172 842 1227 αὐτῷ,·
881 1171 955 1225 οὐχ
979 1173 1075 1212 ὅταν
1097 1171 1120 1223 ἡ
1147 1174 1219 1223 μὲν
1238 1172 1402 1224 τιμωρία
1422 1173 1518 1211 κατὰ

189 1240 279 1283 τοὺς
310 1241 452 1292 νόμους
482 1238 521 1296 ᾗ,
545 1239 727 1293 μετέχων
755 1239 789 1280 δ’
816 1239 931 1280 αὐτὸς
963 1238 1148 1292 τυγχάνω
1179 1241 1249 1289 τῆς
1277 1242 1345 1278 τοῦ
1372 1238 1518 1291 πατρὸς

189 1308 366 1361 ἀτυχίας,
384 1307 504 1360 μόνος
529 1309 571 1349 δὲ
595 1306 954 1358 καταλελειμμένος
977 1307 1000 1347 ὁ
1024 1305 1170 1359 πατήρ;
1208 1306 1304 1358 ὅπερ
1331 1310 1399 1346 νῦν
1417 1323 1516 1357 συμ-

189 1374 382 1427 βέβηκεν.
429 1373 525 1428 πρὸς
550 1375 626 1427 γὰρ
650 1378 732 1416 τοῖς
757 1373 898 1416 ἄλλοις
930 1372 1158 1426 ἀτυχήμασι
1189 1374 1251 1414 καὶ
1282 1372 1388 1413 τοῦθ’
1410 1372 1516 1424 ἡμῖν,

190 1440 222 1483 ὦ
258 1441 398 1495 ἄνδρες
442 1441 637 1488 δικασταί,
681 1440 955 1493 συμβέβηκεν·
1004 1439 1270 1492 παροξύνουσι
1304 1442 1378 1492 μὲν
1417 1440 1518 1491 ἡμᾶς

131 1527 171 1549 20
191 1508 362 1552 ἅπαντες
387 1509 451 1550 καὶ
476 1507 753 1562 συνάχθεσθαί
775 1513 882 1561 φασι
907 1511 989 1550 τοῖς
1018 1506 1298 1560 γεγενημένοις
1323 1508 1384 1548 καὶ
1411 1508 1519 1548 δεινὰ

190 1575 433 1617 πεπονθέναι
465 1575 635 1628 λέγουσι
671 1576 734 1616 καὶ
770 1579 908 1616 τοῦτον
940 1575 1040 1616 εἶναι
1075 1574 1219 1628 ἔνοχον
1255 1580 1301 1630 τῇ
1339 1574 1515 1625 ἐνδείξει,

191 1642 461 1695 συμπράττειν
498 1642 531 1683 δ’
570 1643 697 1685 οὐδεὶς
732 1642 863 1683 ἐθέλει
899 1645 978 1683 τῶν
1017 1642 1221 1688 εἰπόντων,
1263 1640 1352 1683 οὐδέ
1390 1647 1518 1695 φησιν

190 1710 492 1765 ἀπεχθάνεσθαι
531 1710 757 1762 βούλεσθαι
803 1713 998 1762 φανερῶς·
1048 1710 1172 1751 οὕτως
1206 1708 1375 1750 ἔλαττον
1411 1708 1518 1760 παρά

189 1794 297 1819 τισιν
318 1777 366 1819 τὸ
388 1778 542 1818 δίκαιον
565 1777 698 1831 ἰσχύει
727 1780 794 1828 τῆς
824 1778 1058 1830 παρρησίας.
1106 1779 1271 1816 πολλῶν
1296 1775 1328 1816 δ’
1353 1776 1459 1827 ἡμῖν,
1486 1774 1515 1816 ὦ
1536 1780 1583 1815 60

129 1863 168 1895 25
189 1843 327 1897 ἄνδρες
350 1844 548 1891 δικασταί,
573 1846 637 1885 διὰ
662 1844 817 1885 τουτονὶ
850 1845 1073 1896 Θεοκρίνην
1092 1842 1355 1897 ἀτυχημάτων
1381 1844 1423 1884 ἐν
1449 1842 1517 1883 οὐκ
1538 1844 1668 1898 [1341]

188 1912 314 1967 ὀλίγῳ
336 1912 467 1967 χρόνῳ
499 1912 830 1963 συμβεβηκότων,
857 1911 1014 1952 οὐδενὸς
1044 1911 1210 1951 ἔλαττόν
1237 1911 1349 1951 ἐστιν
1373 1909 1417 1950 τὸ
1450 1914 1517 1951 νῦν

189 1982 427 2030 συμβαῖνον,
447 1980 508 2019 ὅτι
526 1980 575 2019 τὰ
592 1980 701 2019 δεινὰ
728 1978 851 2018 καὶτὰ
864 1979 969 2031 παρὰ
989 1978 1079 2020 τοὺς
1094 1978 1237 2029 νόμους
1261 1976 1520 2030 πεπραγμένα

190 2047 387 2103 Θεοκρίνῃ
405 2049 458 2101 τῷ
476 2047 550 2097 μὲν
573 2045 691 2098 πατρὶ
710 2049 761 2100 τῷ
783 2045 995 2086 πεπονθότι
1014 2044 1078 2085 καὶ
1100 2044 1303 2099 δυναμένῳ
1324 2044 1371 2085 ἂν
1390 2047 1517 2095 δηλῶ-

191 2129 262 2154 σαι
297 2112 394 2165 πρὸς
430 2113 531 2164 ὑμᾶς
562 2111 610 2162 ἐξ
640 2111 814 2164 ἀνάγκης
845 2111 1018 2165 ἡσυχίαν
1055 2111 1190 2152 ἑκτέον
1220 2113 1333 2153 ἐστίν
1361 2110 1411 2162 (οἱ
1443 2113 1518 2165 γὰρ

237 2203 299 2233 4-5
323 2194 480 2234 βούλομαι
497 2219 504 2226 .
523 2217 531 2226 .
551 2218 559 2226 .
577 2196 649 2234 ὑμῖν
663 2203 729 2224 om.
747 2192 778 2223 A
888 2203 905 2232 7
931 2192 1063 2234 νομίζων
1080 2193 1158 2225 εἶναι
1175 2193 1200 2223 F
1214 2193 1244 2231 Q
1260 2194 1290 2223 D
1400 2193 1421 2224 8
1443 2197 1520 2233 post

189 2241 399 2278 βλασφημεῖν
427 2238 503 2269 add.
533 2251 572 2278 με
600 2237 687 2277 vulg.
707 2248 715 2268 ε
739 2247 804 2268 om.
832 2236 857 2268 S
1005 2247 1044 2267 10
1068 2237 1330 2274 ἐπαινεσομένους
1362 2237 1519 2277 SQ79.:

191 2281 418 2313 ἐπαινέσονται·
427 2281 518 2320 vulg.
646 2291 684 2311 12
708 2282 806 2313 οὕτως
817 2291 882 2311 om.
901 2279 933 2310 A
1061 2290 1099 2319 13
1123 2281 1328 2322 προσταχθὲν
1345 2280 1375 2310 Α
1386 2280 1411 2310 F
1424 2280 1453 2318 Q
1468 2280 1517 2310 D:

189 2324 584 2366 npaxokapr.Q³yp.
603 2324 695 2366 D'yp.
831 2334 869 2363 15
887 2326 984 2363 δεΐμε
999 2324 1049 2355 καὶ
1066 2324 1097 2353 Α
1234 2334 1270 2362 17
1296 2324 1329 2355 δὲ
1346 2323 1518 2361 SFQD:

191 2370 218 2399 δ’
233 2367 253 2410 ᾖ
266 2366 298 2397 Α
407 2371 462 2400 νῦν
478 2378 544 2399 0111.
560 2368 591 2397 A
680 2378 719 2398 21
747 2368 863 2409 ἔνοχον
874 2368 953 2399 εἶναι
964 2366 996 2396 A
1105 2378 1147 2405 24
1170 2367 1361 2408 παρρησίας]
1374 2367 1519 2407 ὀρρωδίας

192 2410 406 2442 Herwerden
539 2420 580 2449 25
605 2413 660 2443 οὐκ
677 2421 742 2442 om.
759 2410 791 2440 A
905 2420 945 2449 27
970 2412 1020 2442 καὶ
1036 2411 1078 2442 τὰ
1094 2410 1119 2441 S
1132 2411 1220 2449 vulg.
1240 2421 1248 2441 :
1270 2412 1321 2442 καὶ
1337 2410 1378 2448 Α,
1398 2410 1458 2440 sed
1473 2409 1517 2440 cf.

193 2456 210 2492 ξ
227 2465 280 2494 41,
298 2454 382 2485 xxiii
402 2464 472 2494 132,
490 2454 593 2486 Isocr.
614 2454 672 2484 viii
689 2462 708 2493 5
797 2453 1004 2495 γεγραμμένα
1018 2453 1050 2484 Α

1374 2507 1432 2538 19*
