1763 2778
150 132 226 186 Lv1]
463 136 625 173 ΚΑΤΑ
674 135 1176 173 ΔΙΟΝὙΣΟΔΩΡΟὙ
1495 131 1635 187 [1286]

150 234 346 287 ἀργύριον,
367 233 468 286 ἡμᾶς
492 235 565 285 μὲν
594 234 636 274 ἐν
664 233 821 287 ὑποψίᾳ
848 232 1136 273 καταλέλοιπεν
1165 236 1246 273 τοῖς
1275 231 1472 284 βουλομέ-

149 319 231 344 νοις
255 303 456 342 αἰτιᾶσθαι
480 302 542 342 καὶ
566 300 715 353 λέγειν,
742 300 794 342 ὡς
819 299 891 353 ἄρα
918 300 980 340 καὶ
1002 300 1113 351 ἡμεῖς
1139 298 1474 350 κεκοινωνήκαμεν

150 372 220 420 τῆς
243 370 426 421 σιτηγίας
449 371 520 419 τῆς
543 370 600 410 εἰς
616 368 687 418 τὴν
713 367 863 414 Ῥόδον,
890 367 1067 408 αὐτοὶδὲ
1090 366 1203 407 οὐδὲν
1220 370 1379 418 μᾶλλον
1403 366 1474 417 τὴν

150 439 245 477 ναῦν
279 436 420 487 ἥκουσι
458 435 779 486 κατακομίζοντες
816 435 871 476 εἰς
902 434 947 474 τὸ
979 433 1168 486 ὑμέτερον
1197 435 1385 486 ἐμπόριον
1419 434 1474 475 εἷς

112 519 129 550 5
150 502 170 542 ὃ
204 502 523 555 συνεγράψαντο.
593 502 726 552 ἐπειδὴ
763 504 803 541 δὲ
841 502 953 542 οὐδὲν
989 502 1244 553 ἐπεραίνομεν
1275 503 1371 552 ὑπὲρ
1405 503 1474 551 τῆς
1498 519 1536 543 12

150 572 385 622 συγγραφῆς
434 569 497 610 καὶ
540 572 618 609 τῶν
666 570 824 609 δικαίων
865 569 1151 621 διαλεγόμενοι,
1197 570 1302 608 ἀλλὰ
1342 568 1388 608 τό
1428 585 1474 620 γε

149 636 303 677 δάνειον
330 636 392 677 καὶ
415 636 506 679 τοὺς
531 636 668 677 τόκους
693 634 874 686 ἠξιοῦμεν
901 636 1124 686 ἀπολαβεῖν
1153 635 1243 677 τοὺς
1274 634 1321 686 ἐξ
1350 636 1474 688 ἀρχῆς

149 702 482 756 ὁμολογηθέντας.
540 703 652 746 οὗτος
677 705 717 743 δὲ
744 703 866 744 οὕτως
882 704 1122 756 ὑβριστικῶς
1144 701 1342 755 ἐχρήσατο
1367 702 1471 753 ἡμῖν,

149 771 254 811 ὥστε
278 770 370 813 τοὺς
391 773 464 822 μὲν
487 771 627 812 τόκους
656 770 746 811 τοὺς
780 771 822 810 ἐν
853 775 900 826 τῇ
931 775 1147 827 συγγραφῇ
1181 769 1474 823 γεγραμμένους

90 856 128 878 ιο
148 837 216 878 οὐκ
253 838 332 891 ἔφη
366 838 525 878 δώσειν·
576 837 628 877 ἐἰ
663 839 705 877 δὲ
745 837 979 888 βούλεσθε,’
1016 837 1105 889 ἔφη,
1146 838 1393 889 ίκομίζεσθαι
1430 836 1474 876 τδ

148 904 244 957 πρὸς
267 904 385 957 μέρος
409 908 477 945 τοῦ
501 908 602 946 πλοῦ
627 908 695 944 τοῦ
720 904 1034 955 πεπλευσμένου,
1062 905 1177 944 δώσω
1207 902 1322 955 ὑμῖν’
1345 904 1474 957 φησὶν

152 972 267 1014 ’τοὺς
305 973 359 1014 εἷς
395 971 531 1012 Ῥόδον
560 972 712 1013 τόκους·
747 973 910 1013 πλείους
937 970 970 1012 δ’
1001 972 1070 1012 οὐκ
1099 970 1147 1011 ἂν
1177 971 1286 1021 δοίην
1303 970 1325 1018 ’,
1358 971 1474 1013 αὐτὸς

149 1041 272 1094 ἑαυτῷ
297 1042 520 1090 νομοθετῶν
547 1038 609 1079 καὶ
633 1038 724 1091 οὐχὶ
747 1043 828 1080 τοῖς
864 1040 906 1079 ἐκ
937 1041 1006 1089 τῆς
1037 1041 1274 1091 συγγραφῆς
1310 1040 1474 1079 δικαίοις

148 1106 392 1157 πειθόμενος.
452 1106 504 1149 ὡς
531 1106 564 1146 δ’
590 1106 702 1156 ἡμεῖς
730 1106 799 1146 οὐκ
823 1104 873 1147 ἂν
897 1106 1049 1159 ἔφαμεν
1077 1107 1339 1159 συγχωρῆσαι
1361 1105 1473 1145 οὐδὲν

92 1191 126 1221 15
148 1173 309 1220 τούτων,
334 1174 586 1226 λογιζόμενοι
619 1174 691 1219 ὅτι,
716 1173 836 1213 ὁπότε
868 1176 982 1213 τοῦτο
1014 1171 1226 1224 πράξομεν,
1255 1173 1470 1224 ὁμολογοῦ-

147 1257 220 1291 μεν
241 1239 304 1281 καὶ
321 1240 430 1281 αὐτοὶ
447 1242 500 1281 εἷς
527 1239 666 1280 Ῥόδον
687 1239 1007 1292 σεσιτηγηκέναι,
1028 1240 1086 1280 ἔτι
1099 1242 1257 1283 μᾶλλον
1274 1239 1473 1280 ἐπέτεινεν

1495 1078 1625 1131 [12871

1496 1144 1535 1177 13

148 1307 261 1349 οὗτος
287 1308 348 1348 καὶ
379 1307 576 1360 μάρτυρας
609 1306 786 1349 πολλοὺς
815 1308 1065 1359 παραλαβὼν
1097 1304 1278 1363 προσῄει,
1303 1305 1473 1359 φάσκων

147 1374 304 1426 ἕτοιμος
338 1374 438 1415 εῖναι
474 1375 706 1415 ἀποδιδόναι
738 1374 785 1415 τὸ
818 1373 972 1415 δάνειον
1006 1374 1070 1415 καὶ
1097 1373 1189 1416 τοὺς
1218 1374 1355 1415 τόκους
1383 1373 1471 1414 τοὺς

147 1442 204 1484 εἷς
236 1440 386 1488 Ῥόδον,
423 1442 536 1482 οὐδὲν
572 1445 744 1493 μᾶλλον,
783 1440 812 1481 ὦ
848 1441 987 1494 ἄνδρες
1022 1441 1219 1488 δικασταί,
1258 1442 1472 1481 ἀποδοῦναι

86 1526 127 1548 20
147 1508 431 1560 διανοούμενος,
470 1507 562 1549 ἀλλ’
599 1509 701 1560 ἡμᾶς
744 1508 1040 1560 ὑπολαμβάνων
1082 1508 1151 1548 οὐκ
1191 1508 1241 1549 ἂν
1282 1509 1472 1558 ἐθελῆσαι

145 1579 294 1627 λαβεῖν
314 1575 359 1616 τὸ
384 1576 570 1629 ἀργύριον
598 1578 662 1616 διέι
691 1578 761 1619 τὰς
791 1576 970 1618 ὑπούσας
1001 1568 1142 1616 αἰτίας..
1215 1575 1395 1626 ἐδήλωσε
1430 1578 1472 1616 δὲ

146 1641 240 1683 αὐτὸ
260 1641 304 1683 τὸ
323 1643 453 1695 ἔργον.
515 1642 648 1694 ἐπειδὴ
673 1642 762 1696 γάρ,
782 1640 813 1683 ὦ
836 1642 974 1694 ἄνδρες
994 1642 1212 1693 Ἀθηναῖοι,
1231 1646 1309 1683 τῶν
1331 1642 1469 1693 ὑμετέ-
1494 1656 1535 1689 14

144 1726 226 1762 ρων
249 1714 423 1751 πολιτῶν
447 1712 552 1752 τινὲς
570 1710 883 1763 παραγενόμενοι
909 1711 984 1750 ἀπὸ
1009 1709 1252 1761 ταύτομάτου
1279 1710 1471 1760 συνεβού-

144 1781 261 1817 λευον
307 1777 399 1828 ἡμῖν
445 1776 490 1817 τὸ
531 1779 604 1828 μὲν
651 1778 855 1829 διδόμενον
900 1777 1137 1829 λαμβάνειν,
1181 1776 1269 1828 περὶ
1312 1779 1353 1817 δὲ
1393 1781 1472 1817 τῶν

86 1860 124 1892 25
146 1843 460 1896 ἀντιλεγομένων
502 1845 720 1896 κρίνεσθαι,
760 1844 849 1886 τοὺς
891 1847 932 1885 δὲ
976 1846 1030 1886 εἰς
1068 1843 1202 1884 Ῥόδον
1242 1844 1382 1886 τόκους
1416 1843 1470 1896 μὴ

145 1913 431 1963 καθομολογεῖν
455 1909 552 1953 τέως
580 1910 628 1952 ἂν
662 1914 867 1963 κριθῶμεν,
896 1911 1008 1962 ἡμεῖς
1036 1913 1108 1962 μὲν
1137 1914 1259 1950 ταῦτα
1290 1928 1468 1964 συνεχω-

142 1981 297 2030 ροῦμεν,
324 1977 391 2018 οὐκ
416 1978 665 2030 ἀγνοοῦντες,
690 1976 719 2018 ὦ
745 1977 884 2031 ἄνδρες
913 1979 1109 2024 δικασταί,
1134 1977 1179 2018 τδ
1206 1979 1247 2018 ἐκ
1276 1981 1345 2029 τῆς
1371 1995 1467 2030 συγ-

144 2046 300 2096 γραφῆς
335 2045 500 2092 δίκαιον,
537 2044 628 2085 ἀλλ’
663 2044 876 2097 ἡγούμενοι
913 2048 994 2086 δεῖν
1033 2045 1300 2085 ἐλαττοῦσθαί
1331 2061 1371 2085 τι
1406 2046 1468 2085 καὶ

144 2115 367 2165 συγχωρεῖν
383 2112 487 2153 ὥστε
505 2111 557 2164 μὴ
579 2115 708 2152 δοκεῖν
728 2113 929 2165 φιλόδικοι
954 2112 1066 2159 εἶναι,
1094 2112 1207 2153 οὗτος
1231 2110 1264 2152 δ’
1289 2111 1341 2153 ὡς
1367 2112 1468 2164 ἑώρα

80 2195 122 2227 30
140 2177 242 2228 ἡμᾶς
274 2178 401 2230 ὁμόσε
431 2179 728 2232 πορευομένους,
765 2178 1039 2232 ’ἀναιρεῖσθε’
1068 2179 1171 2231 φησὶ
1211 2180 1363 2219 ’τοίνυν
1395 2178 1466 2229 τὴν

184 2295 203 2325 5
229 2287 294 2318 ἐπεὶ
311 2286 343 2316 Α
449 2297 485 2319 11
504 2289 580 2329 πρὸς
596 2299 662 2320 om.
680 2288 721 2327 A,
741 2289 783 2320 cs.
802 2290 840 2321 τὸ
857 2290 933 2331 πρὸς
946 2289 1047 2329 λόγον
1062 2287 1143 2327 Arg.
1159 2290 1173 2326 ξ
1190 2298 1210 2318 2
1312 2298 1349 2327 17
1367 2288 1466 2325 εἷσήει

140 2327 172 2358 Α
283 2340 321 2360 21
356 2334 471 2368 λαβεῖν
503 2331 535 2361 Α
566 2332 608 2362 cf.
637 2335 652 2370 ξ
687 2334 749 2363 26:
786 2334 962 2369 ἀπολαβεῖν
986 2337 1064 2363 cett.
1092 2334 1151 2371 (ex
1175 2333 1343 2362 ἀποδοῦναι
1368 2332 1464 2370 puto)

141 2382 183 2402 22
200 2373 360 2415 ἡμετέρων
377 2374 408 2403 Α
520 2377 562 2405 26
578 2375 657 2407 τέως
671 2375 695 2405 S
709 2376 733 2405 F
749 2376 779 2413 Q
795 2376 834 2414 D,
850 2376 943 2406 Suid.
964 2386 990 2406 S.
1004 2387 1034 2405 v.
1052 2387 1059 2405 τ
1085 2374 1182 2407 ἕωςΑ
1264 2378 1466 2413 διακριθῶμεν

141 2414 235 2447 Suid.
319 2427 361 2455 30
378 2418 475 2457 ὁμόσε
489 2417 521 2447 A
536 2429 543 2449 ε
559 2419 672 2459 ὀμόσαι
686 2419 708 2448 S
724 2420 811 2457 vulg,
894 2420 972 2461 φησὶ
985 2419 1017 2448 Α
1028 2418 1053 2449 F
1065 2428 1150 2448 corr.
1168 2430 1173 2448 ;
1192 2419 1287 2459 φήσει
1301 2418 1324 2447 S
1341 2417 1377 2447 1-'1
1391 2417 1421 2455 Q
1435 2417 1464 2446 D

205 2499 290 2520 141·⁴4
1341 2489 1380 2521 16
