1763 2778
159 138 295 193 [1410]

254 588 298 621 29

252 1063 297 1097 30

250 1797 292 1833 31

172 1919 296 1974 [1411]

253 2197 295 2230 32

720 136 1247 193 [ΔΙΙΜΟΣΘΕΝΟΤΣ]
1569 138 1645 195 [Lxl

317 240 456 281 πάλων
490 239 675 292 ἅρματος,
713 240 896 282 ἁπάντων
939 240 970 281 δ’
1007 241 1282 282 ἀνυπόστατον
1319 240 1509 292 οἰομένων
1547 242 1646 283 εἶναι

317 307 386 357 τὴν
423 311 500 348 τῶν
536 309 666 348 ἵππων
703 308 879 359 δύναμιν,
918 309 1017 359 ὁρῶν
1055 307 1181 348 αὐτῶν
1217 308 1343 350 ἐνίους
1379 308 1442 349 καὶ
1478 309 1646 359 μηδενὸς

317 378 446 415 δεινοῦ
479 375 674 427 παρόντος
708 375 1089 427 ὑπερηγωνιακότας,
1123 375 1198 429 οὐχ
1227 377 1332 417 ὅπως
1365 374 1589 427 ἐξεπλάγης
1620 373 1645 428 ἢ

319 443 630 488 κατεδειλίασας,
668 442 774 482 ἀλλὰ
805 447 853 499 τῇ
883 444 955 492 μὲν
989 442 1149 496 ἀνδρείᾳ
1184 444 1246 482 καὶ
1282 444 1350 492 τῆς
1385 444 1452 482 τοῦ
1489 442 1645 495 ζεύγους

319 509 440 561 ὁρμῆς
464 509 648 561 κρείττων
673 508 821 560 ἐγένου,
848 512 900 562 τῷ
927 510 968 549 δὲ
991 508 1107 562 τάχει
1133 510 1194 550 καὶ
1221 509 1310 551 τοὺς
1339 510 1646 564 διηυτυχηκότας
1666 525 1683 556 5

318 578 395 615 τῶν
420 576 726 628 ἀνταγωνιστῶν
752 577 964 626 παρῆλθες.
1014 577 1078 617 καὶ
1101 575 1178 628 γάρ
1201 593 1263 616 τοι
1285 580 1479 617 τοσοῦτον
1497 576 1642 627 μετήλ-

316 641 440 693 λαξας
458 646 535 682 τῶν
556 642 772 694 ἀνθρώπων
790 641 859 683 τὰς
885 643 1058 684 διανοίας
1084 642 1187 683 ὥστε
1208 646 1371 684 πολλῶν
1398 644 1646 695 θρυλούντων

318 709 370 751 ὡς
412 711 452 749 ἐν
490 712 570 750 τοῖς
611 710 782 750 ἱππικοῖς
821 710 974 761 ἀγῶσιν
1014 709 1180 760 ἡδίστην
1217 709 1311 750 θέαν
1347 709 1561 763 παρέχεται
1597 712 1646 751 τὸ,

317 780 573 828 ναυαγοῦντα,
614 777 676 816 καὶ
713 775 930 816 δοκούντων
967 776 1093 826 ἀληθῆ
1129 780 1250 816 ταῦτα
1285 777 1432 828 λέγειν,
1471 777 1535 817 ἐπὶ
1572 780 1646 818 σοῦ

317 843 545 883 τούναντίον
578 843 669 885 τοὺς
703 844 843 884 θεατὰς
878 846 1100 895 φοβεῖσθαι
1130 842 1279 886 πάντας
1311 842 1362 894 μή
1397 860 1434 883 τι
1459 843 1645 901 συμπέσῃ
1669 859 1706 881 10

317 913 493 950 τοιοῦτον
526 910 614 961 περὶ
644 909 707 950 σε’·
742 910 940 961 τοσαύτην
976 910 1131 951 εὔνοιαν
1168 911 1232 952 καὶ
1268 911 1499 964 φιλοτιμίαν
1534 911 1556 962 ἡ
1594 911 1645 962 σὴ

317 977 438 1029 φύσις
464 976 594 1019 αὐτοῖς
620 975 835 1030 παρέσχεν.

384 1044 569 1085 Εἰκότως·
609 1043 730 1084 καλὸν
753 1045 827 1095 μὲν
851 1045 926 1096 γὰρ
953 1044 1016 1085 καὶ
1039 1046 1082 1084 τὸ
1117 1043 1202 1084 καθ’
1232 1044 1273 1084 ἕν
1308 1061 1346 1084 τι
1375 1045 1646 1096 περίΒλεπτον

316 1110 516 1162 γενέσθαι,
543 1110 646 1151 πολὺ
671 1112 712 1151 δὲ
738 1110 906 1151 κάλλιον
930 1110 974 1151 τὸ
999 1110 1128 1151 πάντα
1153 1115 1388 1163 περιλαβεῖν
1421 1111 1486 1164 ἐφ’
1516 1113 1574 1154 οἷς
1597 1111 1645 1153 ἄν

315 1194 374 1219 τις
399 1182 491 1217 νοῦν
519 1178 623 1230 ἔχων
653 1179 945 1229 φιλοτιμηθείη.
1016 1180 1138 1228 δῆλον
1164 1178 1196 1218 δ’
1225 1179 1388 1219 ἐκεῖθεν·
1425 1178 1645 1230 εὑρήσομεν
1668 1195 1705 1226 ¹5

316 1243 391 1296 γὰρ
411 1243 557 1284 Αἰακὸν
575 1247 648 1295 μὲν
673 1245 736 1284 καὶ
755 1243 1023 1295 Ῥαδάμανθυν
1048 1244 1111 1285 διὰ
1137 1245 1419 1297 σωφροσύνην,
1441 1245 1645 1297 “Ηρακλέα

316 1313 357 1352 δὲ
383 1311 445 1351 καὶ
473 1311 660 1363 Κάστορα
686 1311 748 1352 καὶ
774 1312 1030 1362 Πολυδεύκην
1054 1311 1104 1352 δι’
1129 1313 1325 1364 ἀνδρείαν,
1347 1312 1577 1363 Γανυμήδην
1602 1315 1644 1354 δὲ

317 1378 379 1418 καὶ
413 1377 584 1418 ’Ἄδωνιν
628 1379 691 1419 καὶ
727 1377 876 1421 ἄλλους
915 1378 1114 1420 τοιούτους
1153 1381 1216 1419 διὰ
1251 1378 1398 1420 κάλλος
1433 1378 1508 1419 ὑπὸ
1545 1383 1644 1420 θεῶν

316 1445 604 1497 ἀγαπηθέντας.
676 1444 771 1485 ὥστ’
804 1445 999 1498 ἔγωγ’·οὐ
1029 1445 1210 1497 θαυμάζω
1239 1450 1316 1486 τῶν
1353 1446 1645 1497 ἐπιθυμούντων

315 1514 382 1562 τῆς
419 1515 492 1562 σῆς
528 1512 678 1564 φιλίας,
717 1513 824 1552 ἀλλὰ
860 1516 937 1553 τῶν
961 1512 1012 1564 μὴ
1049 1516 1186 1553 τοῦτον
1221 1512 1290 1553 τὸν
1324 1513 1469 1565 τρόπον
1505 1516 1644 1554 διακει-
1666 1531 1706 1554 20

315 1577 458 1629 μένων·
495 1579 594 1619 ὅπου
627 1580 700 1631 γὰρ
738 1579 822 1620 ἑνὸς
863 1579 1032 1620 ἑκάστου
1072 1584 1151 1620 τῶν
1193 1579 1489 1631 προειρημένων
1523 1597 1640 1631 μετα-

317 1646 488 1699 σχόντες
511 1647 615 1688 τινὲς
640 1648 708 1696 τῆς
728 1650 806 1687 τῶν
825 1649 925 1687 θεῶν
951 1647 1107 1697 ὁμιλίας
1121 1646 1361 1698 ἠξιώθησαν,
1380 1646 1403 1697 ἦ
1420 1664 1494 1687 που
1512 1651 1581 1687 τοῦ
1605 1646 1642 1700 γ’

315 1711 500 1753 ἁπάντων
540 1713 672 1765 κυρίου
716 1713 984 1756 καταστάντος
1022 1713 1158 1754 εὐκτὸν
1200 1716 1327 1769 θνητῷ
1369 1715 1486 1766 φύντι
1521 1715 1644 1766 φίλον

316 1779 518 1831 γενέσθαι.
582 1781 731 1820 δίκαιον
755 1782 827 1831 μὲν
853 1780 920 1820 οὖν
947 1780 1008 1820 καὶ
1035 1780 1182 1832 πατέρα
1209 1781 1269 1821 καὶ
1293 1780 1441 1832 μητέρα
1467 1781 1528 1821 καὶ
1553 1781 1643 1823 τοὺς

316 1845 462 1888 ἄλλους
487 1847 651 1888 οἰκείους
675 1847 764 1889 τοὺς
790 1847 884 1889 σοὺς
912 1847 1138 1897 ζηλοῦσθαι,
1164 1851 1357 1888 τοσοῦτον
1381 1847 1643 1902 ὑπερέχοντος
1665 1870 1703 1901 25

317 1917 390 1953 σοῦ
425 1917 502 1954 τῶν
531 1914 750 1964 ἡλικιωτῶν
781 1915 911 1971 ἀρετῇ,
947 1914 1049 1955 πολὺ
1079 1916 1120 1954 δὲ
1152 1917 1308 1965 μᾶλλον
1340 1914 1405 1955 οὓς
1439 1914 1489 1955 σὺ
1523 1915 1543 1954 ὁ
1567 1919 1644 1955 τῶν

315 1981 557 2030 τηλικούτων
602 1981 762 2032 ἀγαθῶν
803 1979 1020 2032 ἠξιωμένος
1063 1985 1209 2021 σαυτοῦ
1255 1982 1465 2033 προκρίνας
1513 1980 1644 2032 ἀξίους

317 2047 416 2087 εἶναι
444 2048 588 2099 φίλους
622 2045 668 2096 ἐξ
698 2047 881 2088 ἁπάντων
910 2050 1023 2099 αἱρεῖ.
1093 2048 1184 2090 τοὺς
1208 2050 1279 2099 μὲν
1304 2050 1380 2100 γὰρ
1404 2048 1427 2099 ἡ
1453 2045 1551 2101 τύχή
1579 2065 1644 2089 σοι

314 2114 505 2167 μετόχους
532 2114 788 2165 κατέστησεν,
809 2114 898 2156 τοὺς
925 2114 956 2154 δ’
981 2115 1003 2165 ἡ
1031 2114 1209 2166 σφετέρα
1229 2116 1498 2167 καλοκάγαθία
1518 2132 1642 2166 προσ-

317 2181 579 2231 συνέστησεν·
617 2181 682 2222 οὓς
707 2181 775 2221 οὐκ
800 2181 886 2222 οἶδα
911 2183 1077 2234 πότερον
1103 2181 1271 2234 ἐραστὰς
1294 2179 1489 2233 ἢμόιόυς
1519 2183 1644 2235 ὀρθῶς
1664 2204 1706 2236 30

365 2300 384 2319 2
409 2291 513 2321 αὐτῶν
529 2299 594 2319 om.
615 2300 629 2319 r
762 2301 781 2328 4
794 2299 825 2328 ἡ5
850 2293 908 2328 τῆς
926 2314 932 2320 .
954 2315 960 2321 .
981 2315 987 2321 .
1006 2293 1102 2331 ὁρμῆς
1121 2301 1136 2321 r
1153 2292 1222 2330 (me
1239 2290 1353 2326 teste).
1375 2290 1463 2321 coni.
1491 2291 1618 2322 Reiske
1635 2302 1643 2323 :

317 2335 358 2375 τῇ
376 2357 381 2363 .
400 2356 408 2364 .
429 2358 436 2365 .
455 2336 534 2376 ὁρμῇ
548 2338 627 2364 cett.
715 2334 736 2364 8
759 2334 893 2375 παρέχει
910 2333 1003 2374 Q‘yp.
1100 2344 1133 2363 11
1160 2334 1324 2372 τοσαύτην
1347 2334 1467 2365 Blass:
1491 2335 1644 2373 τοιαύτην

317 2376 419 2407 codd.
594 2378 779 2418 φιλοτιμίαν
817 2378 934 2416 vulg.:
977 2379 1174 2417 φιλονεικίαν
1205 2377 1364 2408 SYrD:
1406 2379 1515 2418 φιλίαν
1547 2378 1643 2409 Blass

322 2430 358 2449 12
376 2422 528 2461 παρεῖχεν
540 2419 570 2449 D
660 2430 702 2451 20
718 2423 782 2452 τῶν
792 2420 854 2461 μὴ]
867 2422 911 2460 μὴ
921 2424 986 2452 τῶν
999 2421 1023 2451 S
1038 2420 1067 2450 Y
1083 2431 1098 2450 r
1112 2421 1140 2450 D
1228 2423 1344 2452 τοῦτον
1353 2421 1413 2452 τὸν
1422 2435 1470 2461 τρ.
1484 2421 1507 2451 S
1520 2421 1550 2451 Y
1565 2433 1581 2452 r
1593 2421 1642 2452 D:

318 2464 374 2495 τὸν
386 2478 434 2505 τρ.
447 2467 563 2495 τοῦτον
575 2463 666 2502 vulg.
800 2474 842 2504 25
859 2467 1033 2503 δηλοῦσθαι
1047 2464 1071 2495 S
1081 2464 1107 2495 F
1120 2464 1150 2495 Y
1163 2474 1178 2494 r
1193 2463 1222 2494 D
1353 2467 1396 2496 26
1417 2467 1433 2496 ὁ
1446 2475 1509 2500 om.
1529 2464 1558 2503 Q
1569 2478 1620 2506 γρ.
