1763 2778
172 120 246 175 ux]
597 125 756 163 ΚΑΤΑ
806 126 1074 164 ΝΕΑΙΡΑΣ
1517 122 1650 178 [1351]

171 225 267 278 ἁλῷ,
295 226 522 275 πεπρᾶσθαι
549 224 712 264 κελεύει.
784 223 835 266 ὡς
860 224 928 264 οὖν
953 225 1040 265 ἐστι
1063 224 1154 276 ξένη
1188 225 1343 279 Νέαιρα
1371 228 1495 278 αὑτηί,
1518 221 1650 276 [1351]

170 290 277 331 τοῦθ’
301 291 391 342 ὑμῖν
415 290 618 342 βούλομαι
643 289 690 342 ἐξ
710 291 835 344 ἀρχῆς
861 292 1035 344 ἀκριβῶς
1060 292 1262 343 ἐπιδεῖξαι.

236 357 366 398 “Επτὰ
390 359 465 410 γὰρ
480 358 623 400 ταύτας
642 359 854 400 παιδίσκας
877 359 918 398 ἐκ
943 362 1092 410 μικρῶν
1110 361 1276 400 παιδίων
1301 359 1496 411 ἐκτήσατο
1521 364 1560 397 18

170 424 381 478 Νικαρέτη,
423 426 620 476 Χαρισίου
664 427 736 476 μὲν
777 425 879 465 οῧσα
917 429 985 465 τοῦ
1025 425 1191 467 Ἠλείου
1237 427 1494 480 ἀπελευθέρα,

131 491 323 537 5Ἱππίου
359 493 401 533 δὲ
435 495 504 532 τοῦ
538 493 730 545 μαγείρου
763 496 832 532 τοῦ
869 494 1019 533 ἐκείνου
1054 492 1164 545 γυνή,
1197 493 1303 544 δεινὴ
1340 496 1381 535 δὲ
1418 492 1495 546 [καὶ

169 555 377 611 δυναμένη]
419 559 545 611 φύσιν
581 563 730 612 μικρῶν
777 560 942 600 παιδίων
983 563 1159 601 συνιδεῖν
1206 560 1391 613 εὐπρεπῆ,
1434 563 1495 603 καὶ

168 629 290 667 ταῦτα
321 625 565 677 ἐπισταμένη
597 626 744 679 θρέψαι
776 628 840 668 καὶ
873 629 1081 668 παιδεῦσαι
1113 629 1317 681 ἐμπείρως,
1349 628 1495 682 τέχνην

168 693 311 744 ταύτην
360 692 706 745 κατεσκευασμένη
750 695 813 735 καὶ
855 694 933 735 ἀπὸ
972 694 1120 735 τούτων
1157 695 1226 735 τὸν
1262 697 1356 746 βίον
1400 713 1492 737 συν-

169 759 389 813 ειλεγμένη.
460 764 736 813 προσειποῦσα
769 760 804 801 δ’
840 761 958 803 αὐτᾶς
994 762 1155 812 ὀνόματι
1188 761 1413 815 θυγατέρας,
1445 762 1494 804 ἵν’
1518 775 1560 810 19

110 842 148 864 10
169 827 219 869 ὡς
243 828 453 880 μεγίστους
476 828 643 879 μισθοὺς
667 827 877 880 πράττοιτο
903 828 993 870 τοὺς
1024 828 1295 880 βουλομένους
1318 829 1491 880 πλησιά-

170 895 248 945 ζειν
267 894 400 936 αὐταῖς
418 895 469 937 ὡς
489 894 712 949 ἐλευθέραις
732 896 883 942 οὔσαις,
900 895 1034 946 ἐπειδὴ
1053 895 1125 946 τὴν
1144 896 1301 946 ἡλικίαν
1318 898 1493 949 ἐκαρπώ-

169 979 268 1002 σατο
296 963 424 1003 αὐτῶν
455 961 637 1013 ἑκάστης,
668 961 907 1014 συλλήβδην
944 963 1005 1003 καὶ
1042 964 1090 1002 τὰ
1126 963 1292 1014 σώματα
1326 963 1494 1004 ἀπέδοτο

168 1030 337 1070 ἁπασῶν
359 1031 460 1070 ἑπτὰ
487 1029 631 1076 οὐσῶν,
652 1028 840 1070 ’Άντειαν
874 1029 936 1069 καὶ
962 1029 1191 1081 Στρατόλαν
1221 1030 1283 1069 καὶ
1309 1029 1492 1081 Ἀριστό-

168 1101 304 1137 κλειαν
331 1097 392 1137 καὶ
413 1096 662 1148 Μετάνειραν
683 1097 746 1137 καὶ
764 1097 895 1137 Φίλαν
917 1096 981 1137 καὶ
1004 1095 1213 1148 Ἰσθμιάδα
1233 1097 1295 1137 καὶ
1320 1097 1495 1150 Νέαιραν

109 1178 145 1210 15
167 1165 340 1214 ταυτηνί.
399 1161 447 1213 ἣν
487 1165 561 1215 μὲν
603 1163 672 1204 οὖν
711 1164 881 1206 ἕκαστος
921 1163 1049 1204 αὐτῶν
1091 1162 1286 1214 ἐκτήσατο
1332 1165 1397 1204 καὶ
1445 1165 1494 1206 ὡς
1516 1179 1560 1202 20

166 1230 496 1283 ἠλευθερώθησαν
529 1230 606 1272 ἀπὸ
630 1234 708 1272 τῶν
738 1229 964 1283 πριαμένων
988 1231 1109 1274 αὐτὰς
1140 1233 1245 1284 παρὰ
1268 1233 1338 1282 τῆς
1368 1235 1492 1272 Νικα-

167 1296 294 1350 ρέτης,
323 1298 531 1350 προϊόντος
556 1302 625 1338 τοῦ
656 1299 793 1350 λόγου,
824 1297 874 1338 ἂν
908 1298 1116 1349 βούλησθε
1147 1299 1304 1339 ἀκούειν
1334 1298 1398 1339 καί
1428 1316 1496 1350 μοι

167 1365 375 1417 περιουσία
396 1363 420 1423 ᾗ
443 1367 512 1405 τοῦ
535 1366 689 1413 ὕδατος,
718 1365 887 1416 δηλώσω
920 1367 1024 1416 ὑμῖν·
1061 1365 1113 1408 ὡς
1136 1367 1180 1406 δὲ
1205 1365 1359 1417 Νέαιρα
1384 1366 1494 1416 αὑτηὶ

167 1431 388 1484 Νικαρέτης
423 1431 474 1484 ἦν
505 1433 568 1473 καὶ
599 1431 791 1485 ἠργάζετο
827 1437 880 1488 τῷ
918 1433 1073 1484 σώματι
1106 1435 1384 1484 μισθαρνοῦσα
1412 1437 1495 1474 τοῖς

109 1515 147 1538 20
166 1498 429 1550 βουλομένοις
458 1499 554 1556 αὐτῇ
586 1499 836 1551 πλησιάζειν,
874 1499 977 1539 τοῦθ’
1010 1501 1102 1550 ὑμῖν
1137 1500 1338 1550 βούλομαι
1372 1499 1494 1540 πάλιν

168 1568 414 1607 ἐπανελθεῖν.
465 1566 616 1608 Λυσίας
633 1568 709 1619 γὰρ
721 1567 743 1607 ὁ
759 1566 962 1619 σοφιστὴς
979 1566 1224 1618 Μετανείρας
1241 1565 1294 1607 ὢν
1311 1565 1492 1619 ἐραστής,
1515 1582 1555 1606 21

168 1632 369 1685 ἐβουλήθη
395 1636 492 1686 πρὸς
528 1637 610 1675 τοῖς
646 1633 786 1675 ἄλλοις
811 1634 1070 1684 ἀναλώμασιν
1101 1633 1159 1675 οἷς
1190 1632 1406 1683 ἀνήλισκεν
1440 1634 1495 1675 εἷς

167 1699 286 1751 αὐτὴν
311 1701 374 1741 καὶ
405 1702 566 1752 μυῆσαι,
592 1700 811 1752 ἡγούμενος
834 1701 882 1740 τὰ
913 1702 986 1751 μὲν
1021 1700 1128 1740 ἄλλα
1157 1700 1396 1751 ἀναλώματα
1424 1699 1494 1750 τὴν

167 1766 407 1818 κεκτημένην
431 1767 550 1818 αὐτὴν
575 1767 813 1819 λαμβάνειν,
834 1767 858 1808 ’ὰ
883 1766 916 1806 δ’
942 1767 989 1807 ἂν
1015 1768 1069 1808 εἰς
1099 1766 1169 1816 τὴν
1194 1766 1334 1819 ἑορτὴν
1361 1766 1423 1807 καὶ
1445 1768 1495 1807 τὰ

109 1851 146 1882 ²5
166 1833 362 1886 μυστήρια
394 1835 492 1887 ὑπὲρ
522 1834 641 1885 αὐτῆς
670 1835 872 1891 ἀναλώσῃ,
905 1833 1001 1887 πρὸς
1034 1833 1153 1883 αὐτὴν
1184 1834 1256 1884 τὴν
1289 1833 1495 1885 ἄνθρωπον

167 1900 286 1954 χάριν
309 1900 618 1952 καταθήσεσθαι.
692 1900 830 1952 ἐδεήθη
857 1901 923 1941 οὖν
942 1903 1012 1952 τῆς
1036 1900 1258 1953 Νικαρέτης
1285 1902 1415 1941 ἐλθεῖν
1442 1902 1495 1942 εἷς
1518 1897 1655 1952 [1352]

167 1970 216 2009 τὰ
238 1967 436 2021 μυστήρια
459 1967 638 2021 ἄγουσαν
661 1968 734 2019 τὴν
761 1967 1021 2020 Μετάνειραν,
1044 1968 1108 2008 ἵνα
1130 1968 1270 2024 μυηθῇ,
1295 1967 1357 2008 καὶ
1379 1966 1496 2010 αὐτὸς

167 2035 369 2089 ὑπέσχετο
391 2034 571 2087 μυήσειν.
638 2035 882 2087 ἀφικομένας
905 2035 938 2075 δ’
971 2034 1090 2077 αὐτὰς
1116 2035 1136 2074 ὁ
1159 2035 1314 2077 Λυσίας
1336 2036 1392 2077 εἰς
1423 2037 1497 2086 μὲν
1518 2051 1560 2075 22

166 2102 240 2153 τὴν
264 2103 383 2143 αὑτοῦ
407 2104 534 2144 οἰκίαν
558 2101 627 2142 οὐκ
652 2101 818 2154 εἰσάγει,
845 2102 1135 2155 αἰσχυνόμενος
1158 2101 1230 2153 τήν
1263 2119 1308 2143 τε
1333 2105 1496 2155 γυναῖκα

109 2189 150 2221 30
168 2168 217 2220 ἣν
241 2170 339 2224 εἶχε,
366 2170 605 2223 Βραχύλλου
628 2171 700 2221 μὲν
727 2168 933 2222 θυγατέρα,
961 2169 1182 2222 ἀδελφιδῆν
1205 2171 1248 2210 δὲ
1275 2170 1405 2215 αὑτοῦ,
1434 2169 1496 2209 καὶ

214 2289 228 2309 1
255 2278 303 2310 et'
322 2280 360 2309 18
393 2280 474 2317 αὕτη
503 2278 555 2308 vel
592 2292 670 2316 αντη
703 2279 810 2318 codd.‚
837 2288 923 2311 corr.
950 2277 1047 2309 Blass
1189 2288 1209 2316 4
1233 2278 1344 2310 Ἠλίου
1374 2276 1496 2315 SQYl

169 2324 233 2362 5-6
255 2323 307 2355 καὶ
320 2322 478 2362 δυναμένη
488 2322 565 2353 secl.
584 2321 711 2352 Reiske
804 2332 842 2360 13
865 2321 993 2354 Ἀντίαν
1010 2321 1034 2352 S
1048 2322 1080 2360 F,
1103 2322 1162 2352 sed
1181 2322 1223 2353 cf.
1241 2322 1369 2352 Athen.
1389 2322 1452 2359 586
1469 2320 1497 2351 E

172 2368 210 2397 16
233 2366 453 2407 ἠλευθέρωσαν
484 2365 595 2396 SYD
727 2365 788 2397 ἀπὸ
814 2365 924 2404 BlaSS,
951 2366 990 2397 cf.
1021 2365 1102 2396 Plat.
1134 2364 1221 2404 Rep.
1249 2366 1314 2403 569
1340 2364 1392 2394 A:
1415 2364 1497 2404 παρὰ

170 2410 334 2441 SYrD:
358 2411 415 2442 ὑπὸ
441 2409 507 2448 FQ
666 2409 704 2438 18
727 2413 806 2439 ante
833 2410 968 2446 δηλώσω
995 2418 1032 2439 1v
1060 2408 1115 2438 vel
1139 2418 1161 2437 v
1185 2408 1245 2439 litt.
1271 2407 1304 2437 in
1330 2407 1354 2437 S
1380 2416 1497 2437 erasae

171 2455 211 2486 ὣς
227 2456 296 2485 ὀὺδε
311 2453 335 2484 S
471 2462 510 2492 19
534 2451 690 2493 ἠργάζετο
708 2452 754 2483 S:
777 2454 858 2493 εἷργ.
876 2451 965 2490 vulg.
1098 2462 1140 2481 22
1163 2451 1329 2489 ἠβουληθη
1344 2450 1367 2480 S
