1763 2778
101 141 231 197 [1120]
661 143 1152 183 ΔΗΜΟΣΘΕΝΟΥΣ
1491 137 1579 192 [κιν

252 238 480 286 ὑφαιρέσεως
505 239 570 275 τοῦ
588 237 849 288 γραμματείου,
874 236 933 274 καὶ
959 236 1158 287 γράμματα
1184 235 1228 284 ἦν
1255 235 1398 283 ἕτοιμος
1422 234 1580 285 γράφειν

252 291 536 341 ἓΑττολλόδωρος
565 290 643 328 καθ’
663 292 682 329 ὅ
702 309 736 328 τι
764 292 868 328 ἔσται
889 292 911 339 ἡ
935 291 1115 339 βάσανος.
1172 291 1286 327 ταῦτα
1313 289 1349 326 δὲ
1375 291 1579 337 προκαλου-

252 347 363 396 μένου
391 346 678 394 Ἀπολλοδώρου
698 347 763 382 οῧκ
797 345 975 394 ἐθελῆσαι
1008 344 1233 394 παραδοῦναι
1261 345 1463 392 Στέφανον,
1494 341 1579 380 ἀλλ’

253 401 524 450 ἀποκρίνασθαι
542 400 814 451 Ἀπολλοδώρῳ
835 399 1058 446 δικάζεσθαι,
1082 401 1111 437 εἷ
1133 399 1324 448 βούλοιτο,
1348 398 1380 436 εἴ
1400 398 1439 436 τί
1461 401 1581 446 φησιν

254 456 458 494 ἀδικεῖσθαι
477 453 539 504 ὑφ’
560 457 698 492 ἑαυτοῦ.
1601 458 1618 490 5

190 572 233 605 62
320 567 392 608 Τίς
416 565 464 606 ἂν
489 565 557 606 οὖν
581 566 679 617 ὑπὲρ
694 565 875 616 τοιαύτης
895 565 1032 610 αἰτίας,
1051 562 1080 604 ὧ
1101 563 1237 616 ἄνδρες
1254 562 1449 608 δικασταί,
1471 564 1580 614 εἴπερ

255 634 462 674 ἐπίστευεν
487 634 601 688 αὐτῷ,
630 633 697 673 οὐκ
724 630 883 681 ἐδέξατο
904 631 975 681 τὴν
999 630 1203 682 βάσανον;
1243 630 1380 671 οὐκοῦν
1406 633 1457 684 τῷ
1484 629 1579 682 φεύ-

254 717 339 754 γειν
375 700 446 751 τὴν
482 699 668 751 βάσανον
703 698 953 756 ὑφῃρημένος
993 697 1260 751 ἐξελέγχεται.
1332 696 1391 749 ἆρ’
1428 696 1496 737 οὖν
1532 695 1582 736 ἂν

254 769 344 818 ὑμῖν
369 769 629 820 αἰσχυνθῆναι
655 769 762 807 δοκεῖ
784 766 855 817 τὴν
880 769 948 806 τοῦ
963 767 1012 805 τὰ
1029 767 1159 818 ψευδῆ
1183 767 1392 817 μαρτυρεῖν
1419 763 1537 814 δόξαν
1562 763 1583 802 ὁ

255 834 326 885 τὴν
355 838 422 874 τοῦ
457 833 629 885 κλέπτης
667 836 842 886 φανῆναι
875 832 927 884 μὴ
961 832 1120 885 φυγών,·
1164 828 1187 882 ἢ
1225 831 1432 882 δεηθέντος
1466 832 1581 880 ὀκνῆ·
1606 852 1644 874 10

257 919 324 942 σαι
361 903 408 942 τὰ
440 903 568 954 ψευδῆ
597 905 821 953 μαρτυρεῖν,
860 899 902 943 ὃς
938 901 962 941 ἓι
996 899 1131 951 μηδεὶς
1159 899 1340 940 ἐκέλευεν
1374 897 1585 949 ἐθελοντὴς

255 968 426 1020 πονηρὸς
450 967 517 1019 ἦν;

191 1044 235 1087 63
323 1035 494 1078 Δικαίως
519 1036 660 1081 τοίνυν,
683 1033 712 1075 ὦ
728 1034 866 1087 ἄνδρες
880 1034 1096 1085 Ἀθηναῖοι,
1124 1034 1271 1074 τούτων
1294 1032 1478 1073 ἁπάντων
1495 1031 1584 1074 δοὺς

255 1103 303 1143 ἂν
329 1103 451 1153 δίκην,
470 1102 572 1143 πολὺ
595 1105 753 1153 μᾶλλον
769 1102 818 1142 ἂν
842 1103 1001 1143 εἰκότως
1017 1103 1078 1141 διὰ
1103 1100 1233 1140 τᾶλλα
1253 1100 1467 1149 κολασθείη
1494 1097 1584 1151 παρ’

255 1172 357 1221 ὑμῖν.
430 1173 617 1210 σκοπεῖτε
656 1168 710 1215 δέ,
751 1169 820 1209 τὸν
856 1170 949 1221 βίον
988 1167 1033 1209 ὃν
1071 1169 1274 1219 βεβίωκεν
1322 1165 1583 1217 ἐξετάζοντες.
1607 1190 1643 1221 15

255 1237 367 1278 οὗτος
386 1236 475 1290 γάρ,
508 1237 623 1287 ἡνίκα
647 1239 719 1287 μὲν
750 1235 987 1287 συνέβαινεν
1019 1235 1197 1287 εὐτυχεῖν
1225 1233 1501 1287 Ἀριστολόχῳ
1531 1235 1583 1287 τῷ

255 1304 479 1360 τραπεζίτῃ,
511 1305 580 1344 ’ίσα
609 1304 763 1354 βαίνων
801 1302 983 1354 ἐβάδιζεν
1018 1301 1310 1343 ὑποπεπτωκὼς
1342 1301 1489 1354 ἐκείνῳ,
1522 1299 1584 1339 καὶ

190 1383 235 1425 64
255 1370 360 1411 ταῦτ’
401 1372 516 1411 ἴσασι
554 1372 701 1411 πολλοὶ
743 1373 821 1410 τῶν
861 1369 990 1410 ἐνθάδ’
1027 1371 1152 1409 ὄντων
1189 1370 1309 1419 ὑμῶν.
1382 1366 1514 1417 ἐπειδὴ
1550 1365 1584 1406 δ’

255 1437 427 1479 ἀπώλετ’
452 1439 601 1479 ἐκεῖνος
627 1437 690 1477 καὶ
713 1441 790 1478 τῶν
810 1438 936 1477 ὄντων
964 1435 1118 1487 ἐξέστη,
1143 1435 1216 1488 οὐχ
1240 1433 1370 1485 ἥκισθ’
1394 1433 1469 1475 ὑπὸ
1492 1433 1580 1474 τού-

255 1522 324 1546 του
360 1505 424 1545 καὶ
455 1509 534 1544 τῶν
563 1504 749 1544 τοιούτων
785 1504 1052 1556 διαφορηθείς,
1080 1507 1132 1557 τῷ
1165 1504 1237 1553 μὲν
1266 1503 1343 1542 υἱεῖ
1367 1505 1420 1556 τῷ
1446 1501 1582 1541 τούτου
1604 1517 1645 1540 20

256 1576 420 1613 πολλῶν
445 1571 685 1624 πραγμάτων
718 1573 843 1611 ὄντων
877 1571 922 1611 οὐ
947 1569 1124 1622 παρέστη
1163 1569 1333 1615 πώποτε,
1359 1567 1438 1608 οὐδ’
1464 1565 1582 1618 ἐβοή-

257 1642 393 1689 θησεν,
412 1639 504 1679 ἀλλ’
530 1637 748 1688 Ἀπόληξις
774 1638 836 1678 καὶ
852 1638 991 1678 Σόλων
1019 1637 1080 1677 καὶ
1104 1635 1247 1678 πάντες
1263 1635 1461 1688 ἄνθρωποι
1482 1637 1583 1686 μᾶλ-

256 1712 330 1746 λον
345 1709 556 1757 βοηθοῦσι·
593 1705 807 1757 Φορμίωνα
823 1707 864 1745 δὲ
882 1704 1003 1745 πάλιν
1020 1704 1181 1756 ἑόρακεν
1202 1703 1263 1743 καὶ
1279 1703 1401 1757 τούτῳ
1422 1701 1586 1755 γέγονεν

113 1780 237 1836 [1121]
258 1774 410 1819 οἰκεῖος,
429 1771 476 1823 ἐξ
497 1772 719 1823 Ἀθηναίων
739 1771 923 1812 ἁπάντων
948 1775 1087 1811 τοῦτον
1113 1770 1384 1821 ἐκλεξάμενος,
1404 1769 1466 1809 καὶ
1489 1770 1586 1820 ὑπὲρ

257 1839 395 1880 τούτου
431 1838 682 1891 πρεσβευτὴς
717 1841 789 1890 μὲν
815 1837 925 1894 ᾤχετ’
964 1839 1018 1880 εἰς
1056 1837 1268 1887 Βυζάντιον
1303 1835 1449 1882 πλέων,
1486 1834 1586 1886 ἡνίκ’
1609 1860 1644 1890 25

259 1908 402 1947 ἐκεῖνοι
426 1908 475 1946 τὰ
502 1910 625 1946 πλοῖα
657 1907 705 1945 τὰ
733 1906 872 1946 τούτου
898 1905 1108 1959 κατέσχον,
1134 1903 1207 1954 τὴν
1236 1906 1278 1945 δὲ
1305 1904 1414 1954 δίκην
1448 1902 1586 1955 ἔλεγεν

258 1973 330 2023 τὴν
366 1972 463 2025 πρὸς
496 1973 587 2014 τοὺς
625 1974 936 2026 Καλχηδονίους,
974 1974 1022 2012 τὰ
1054 1973 1181 2024 ψευδῆ
1213 1970 1247 2011 δ’
1280 1972 1374 2022 ἐμοῦ
1407 1973 1587 2023 φανερῶς

193 2053 236 2097 65
259 2041 381 2082 οὕτως
406 2040 813 2091 καταμεμαρτύρηκεν.
875 2039 946 2080 εἶθ’
971 2038 1013 2081 ὃς
1045 2038 1313 2092 εὐτυχούντων
1338 2037 1424 2078 ἐστὶ
1450 2034 1584 2086 κόλαξ,

259 2106 330 2147 κᾶν
350 2107 540 2160 ἀτυχῶσι,
561 2111 640 2146 τῶν
655 2106 783 2147 αὐτῶν
802 2106 949 2147 τούτων
967 2106 1171 2158 προδότης,
1192 2105 1253 2145 καὶ
1268 2108 1346 2145 τῶν
1360 2106 1432 2155 μὲν
1450 2103 1588 2143 ἄλλων

259 2177 434 2214 πολιτῶν
458 2177 620 2214 πολλῶν
652 2175 712 2214 καὶ
740 2177 871 2214 καλῶν
904 2174 1086 2226 κάγαθῶν
1118 2174 1244 2213 ὄντων
1267 2172 1406 2223 μηδενὶ
1428 2170 1518 2222 μηδ’
1544 2169 1591 2221 ἐξ
1608 2187 1648 2218 30

304 2293 322 2322 7
348 2284 403 2314 οὐκ
420 2281 444 2313 S
461 2293 468 2313 :
493 2284 550 2314 οὐκ
565 2283 603 2314 ἂν
619 2282 644 2312 F
659 2281 689 2321 Q
703 2282 732 2312 D
900 2292 939 2313 10
963 2281 1129 2320 δεηθέντος
1147 2280 1171 2311 S
1186 2292 1193 2311 t
1218 2279 1383 2319 δεηθέντος
1399 2291 1456 2311 τον
1473 2278 1498 2309 F
1511 2278 1541 2317 Q
1557 2278 1587 2309 D

261 2327 393 2364 ὀκνῆσαι
411 2325 435 2356 S
450 2337 456 2356 ε
482 2326 613 2364 ὀκνῆσαι
630 2327 668 2357 ἂν
686 2325 752 2364 FQ
768 2325 798 2356 D
929 2335 961 2355 11
992 2325 1166 2358 ἐκέλευσεν
1182 2324 1206 2355 S
1314 2334 1352 2354 12
1378 2322 1434 2363 ἦν]
1452 2322 1531 2355 εἶναι
1547 2321 1586 2353 S¹

265 2380 301 2408 14
326 2371 366 2402 ἂν
382 2374 458 2409 post
476 2371 547 2401 δοὺς
562 2374 674 2399 servat
692 2369 716 2400 S
734 2369 826 2400 solus
996 2371 1034 2399 16
1056 2368 1115 2408 μὲν
1132 2378 1197 2398 om.
1218 2367 1244 2398 F
1257 2367 1286 2397 D
1454 2376 1495 2405 23
1520 2368 1587 2407 ἑωρ.

261 2414 357 2444 codd.
449 2414 491 2443 26
509 2414 550 2444 τὰ
562 2413 677 2445 τούτου
691 2413 715 2443 S
728 2413 758 2442 D
770 2424 776 2443 :
794 2412 910 2444 τούτου
928 2413 953 2442 F
966 2410 996 2449 Q
1070 2410 1201 2452 ἔλεγεν]
1215 2411 1330 2450 ἔλεγον
1344 2409 1368 2440 S
1458 2419 1497 2448 27
1514 2410 1589 2441 τοὺς

261 2456 286 2487 S
299 2460 368 2506 (τηε
385 2459 489 2529 tIeste)
506 2467 517 2505 ².
537 2465 602 2486 om.
622 2457 732 2496 vulg.;
758 2456 817 2487 scd
833 2456 875 2486 ad
893 2461 1005 2486 certos
1022 2455 1183 2493 quosdam
1205 2455 1361 2485 homines
1378 2452 1526 2492 respicit,
1544 2452 1584 2483 cf.

261 2510 316 2530 xv1
339 2510 364 2539 ι,
403 2510 464 2539 ,γε
485 2510 543 2529 :ux
561 2509 603 2539 43
