1763 2778
123 512 140 543 5

103 845 142 868 10

104 1177 141 1208 15

104 1518 144 1539 20

162 115 225 170 L11]
533 122 694 159 ΠΡΟΣ
742 121 1119 158 ΚΑΛΛΙΠΠΟΝ
1506 120 1644 175 [1236]

163 224 286 265 εἰπεῖν
314 222 374 262 καὶ
400 221 520 273 δόξαν
549 221 690 274 ἔχουσι
719 223 877 271 μᾶλλον
910 218 1111 260 πιστεύειν
1135 215 1157 268 ἦ
1184 222 1265 260 τοῖς
1291 219 1486 258 ἀδυνατω-

162 289 300 343 τέροις,
322 289 386 342 ἐφ’
404 290 495 340 ὑμῖν
514 288 647 330 αὐτοῖς
672 287 817 328 ἔσεσθε
836 286 881 326 τὸ
901 286 989 328 ἔθος
1009 289 1123 325 τοῦτο
1144 286 1486 326 κατεσκευακότες.

162 357 300 408 δέομαι
324 356 392 407 οὖν
417 357 537 406 ὑμῶν,
565 357 673 407 εἴπερ
697 371 735 395 τι
766 354 827 394 καὶ
864 353 967 393 ἄλλο
1004 353 1162 393 πώποτε
1198 355 1358 404 πρᾶγμα
1395 351 1487 392 αὐτὸ

164 423 248 465 καθ’
274 422 368 464 αὑτὸ
398 422 620 471 ἐδικάσατε,
647 424 744 473 μηδὲ
774 420 859 472 μεθ’
890 419 1033 472 ἑτέρων
1069 419 1140 469 τὴν
1176 420 1336 472 γνώμην
1372 419 1483 470 γενό-

160 508 284 543 μενοι,
310 489 409 541 μήτε
432 491 530 541 μετὰ
555 494 631 529 τῶν
657 489 878 529 διωκόντων
902 486 999 538 μήτε
1023 488 1122 538 μετὰ
1141 490 1218 526 τῶν
1243 486 1485 539 φευγόντων,

162 559 268 598 ἀλλὰ
292 557 336 597 τὸ
361 559 511 598 δίκαιον
537 555 798 608 σκεψάμενοι,
826 556 925 595 οὕτω
957 555 1019 594 καὶ
1052 558 1121 595 νῦν
1150 556 1375 605 διαγνῶναι.
1445 551 1491 602 ἐξ

161 626 285 678 ἀρχῆς
309 624 342 665 δ’
365 625 456 676 ὑμῖν
481 622 732 676 διηγήσομαι.

227 692 367 732 Λύκων
392 690 468 744 γὰρ
493 691 514 730 ὁ
536 690 831 743 ζΗρακλεώτης,
859 688 888 730 ὦ
913 689 1052 741 ἄνδρες
1080 690 1275 735 δικασταί,
1303 688 1414 730 οὗτος
1443 686 1488 728 ὃν
1509 700 1528 733 3

162 759 224 800 καὶ
254 758 369 801 αὐτὸς
401 758 524 812 λέγει,
552 758 598 814 τῇ
623 757 791 814 τραπέζῃ
818 758 864 812 τῇ
889 760 957 796 τοῦ
987 755 1134 809 πατρὸς
1167 758 1326 809 ἐχρῆτο,
1352 755 1487 806 ὥσπερ

162 826 225 867 καὶ
255 828 292 867 οἱ
317 826 436 866 ἄλλοι
464 826 640 877 ἔμποροι,
668 824 781 876 ξένος
809 826 882 876 μὲν
915 823 969 864 ὢν
994 823 1213 878 Ἀριστόνῳ
1240 827 1291 878 τῷ
1320 825 1491 862 Δεκελεῖ

162 895 225 934 καὶ
260 893 506 949 Ἀρχεβιάδῃ
541 897 594 947 τῷ
632 895 848 944 Λαμπτρεῖ,
886 891 1090 942 ἄνθρωπος
1126 890 1169 931 δέ
1205 907 1264 933 τις
1302 890 1487 941 σώφρων.

162 961 274 1003 οὗτος
310 960 443 1011 ἐπειδὴ
482 961 644 1000 ἐκπλεῖν
681 959 849 1010 ἔμελλεν
881 960 936 1000 εἰς
964 958 1037 1008 τὴν
1060 958 1229 1009 Λιβύην,
1257 955 1486 1009 διαλογισά-

162 1045 279 1080 μενος
303 1027 400 1080 πρὸς
431 1026 500 1068 τὸν
532 1027 682 1080 πατέρα
710 1026 779 1067 τὸν
805 1025 899 1077 ἐμὸν
930 1025 1107 1067 ἐναντίον
1138 1023 1402 1078 Ἀρχεβιάδου
1429 1023 1490 1063 καὶ

163 1095 342 1148 Φρασίου
366 1093 611 1147 προσέταξεν
635 1093 681 1134 τὸ
710 1093 897 1146 ἀργύριον
922 1091 943 1133 ὃ
968 1091 1200 1133 κατέλειπεν
1222 1090 1285 1142 (ἦν
1311 1093 1352 1131 δὲ
1377 1094 1490 1130 τοῦτο

163 1162 367 1203 ἑκκαίδεκα
403 1166 499 1213 μναῖ
536 1162 599 1202 καὶ
634 1159 923 1212 τετταράκοντα
963 1159 1149 1212 δραχμαί,
1190 1158 1241 1200 ὡς
1280 1159 1358 1210 ἐγὼ
1398 1158 1490 1208 ὑμῖν

162 1228 264 1270 πάνυ
301 1229 475 1281 ἀκριβῶς
511 1226 706 1280 ἐπιδείξω)
744 1226 975 1282 Κηφισιάδῃ
1012 1227 1238 1271 ἀποδοῦναι,
1268 1224 1399 1277 λέγων
1428 1226 1490 1264 ὅτι

165 1295 348 1338 κοινωνὸς
373 1297 431 1347 εἴη
458 1296 576 1336 αὑτοῦ
602 1296 622 1335 ὁ
648 1293 903 1348 Κηφισιάδης
926 1294 1052 1340 οὗτος,
1080 1292 1245 1345 οἰκήτωρ
1269 1294 1342 1344 μὲν
1368 1290 1421 1332 ὢν
1446 1292 1489 1331 ἐν

163 1364 304 1418 Σκίρῳ,
345 1363 387 1403 ἐν
425 1365 467 1403 δὲ
505 1366 558 1418 τῷ
597 1363 761 1414 παρόντι
800 1361 864 1414 ἐφ’
902 1360 1016 1415 ἑτέρᾳ
1052 1361 1265 1411 ἀποδημῶν
1304 1360 1484 1412 ἐμπορία.

163 1429 287 1481 δεῖξαι
316 1429 349 1471 δ’
382 1429 500 1470 αὐτὸν
532 1434 586 1485 τῷ
617 1430 736 1481 πατρὶ
767 1433 819 1483 τῷ
850 1430 927 1483 ἐμῷ
955 1427 1016 1467 καὶ
1043 1429 1244 1477 συστῆσαι
1267 1429 1320 1481 τῷ
1347 1426 1486 1479 Ἀρχε-
1509 1441 1529 1473 4

163 1497 284 1554 βιάδῃ
311 1496 374 1537 καὶ
399 1502 450 1552 τῷ
477 1497 637 1551 Φρασίᾳ
660 1495 919 1548 προσέταξεν,
945 1493 1080 1545 ἐπειδὴ
1104 1494 1191 1545 ἥκοι
1222 1495 1264 1534 ἐκ
1293 1496 1361 1544 τῆς
1390 1494 1486 1533 ἀπο-

164 1565 314 1616 δημίας.
388 1564 549 1605 εἰώθασι
582 1566 625 1605 δὲ
656 1563 800 1604 πάντες
831 1565 868 1603 οἱ
898 1562 1143 1614 τραπεζῖται,
1172 1562 1268 1601 ὅταν
1293 1577 1350 1602 τις
1369 1560 1486 1612 ἀργύ-

162 1648 248 1684 ριον
283 1631 402 1673 τιθεὶς
440 1631 593 1682 ἰδιώτης
629 1630 846 1671 ἀποδοῦναί
876 1646 930 1684 τῳ
961 1628 1203 1685 προστάττῃ,
1237 1632 1393 1681 πρῶτον
1422 1630 1489 1667 τοῦ

164 1698 298 1740 θέντος
338 1699 512 1750 τοῦνομα
546 1697 717 1751 γράφειν
752 1696 815 1737 καὶ
848 1696 894 1737 τὸ
932 1695 1152 1749 κεφάλαιον
1187 1699 1255 1735 τοῦ
1291 1695 1486 1747 ἀργυρίου,
1510 1696 1647 1751 [1237]

163 1765 302 1806 ἔπειτα
328 1765 607 1819 παραγράφειν
634 1768 706 1820 ίτῷ
737 1767 835 1805 δεῖνι
867 1765 1082 1804 ἀποδοῦναι
1110 1762 1198 1809 δεῖ’,
1229 1762 1290 1803 καὶ
1320 1763 1389 1802 ἐὰν
1417 1762 1489 1812 μὲν

164 1833 421 1885 γιγνώσκωσι
455 1832 527 1883 τὴν
564 1834 660 1885 ὄψιν
697 1835 765 1872 τοῦ
801 1832 1007 1884 ἀνθρώπου
1039 1829 1067 1885 ᾧ
1093 1829 1141 1870 ἂν
1171 1829 1238 1886 δέῃ
1263 1830 1487 1873 ἀποδοῦναι,

163 1903 330 1940 τοσοῦτο
362 1901 484 1951 μόνον
517 1903 658 1947 ποιεῖν,
684 1898 838 1952 γράψαι
863 1897 891 1953 ᾧ
915 1901 975 1938 δεῖ
1005 1898 1233 1943 ἀποδοῦναι,
1267 1895 1337 1936 ἐὰν
1362 1898 1404 1936 δὲ
1435 1894 1486 1946 μὴ

164 1967 432 2020 γιγνώσκωσι,
467 1967 528 2007 καὶ
561 1966 701 2008 τούτου
736 1966 908 2017 τοῦνομα
943 1963 1327 2018 προσπαραγράφειν
1363 1962 1405 2005 ὃς
1441 1961 1488 2002 ἂν

210 2077 231 2106 8
253 2084 443 2118 ηρακλωτης
461 2076 485 2108 S
595 2078 661 2116 8-9
686 2075 775 2108 οὗτος
791 2077 827 2108 ὃν
844 2076 893 2107 καὶ
912 2076 1005 2107 αὐτὸς
1021 2075 1121 2106 codd.
1138 2086 1145 2106 ε
1168 2075 1204 2106 ὒν
1220 2075 1269 2106 καὶ
1291 2073 1381 2106 οὗτος
1398 2073 1490 2105 αὐτὸς

164 2119 294 2150 Reiske
313 2131 320 2151 :
344 2122 362 2152 ‘b
379 2122 429 2152 καὶ
443 2121 537 2152 αὐτὸς
549 2119 640 2152 οὗτος
660 2119 806 2158 Dobree,
825 2124 916 2149 recte
936 2119 1009 2149 fort.
1154 2128 1192 2148 10
1209 2120 1236 2149 οἱ
1249 2117 1313 2148 del.
1328 2117 1491 2148 Schaeser

165 2177 338 2205 αριστονεῳ
361 2164 385 2194 S
402 2162 445 2194 Dl
586 2173 621 2194 11
649 2166 821 2201 αλκιβιαδη
840 2162 874 2193 S.
932 2162 1022 2193 inter
1039 2162 1151 2203 ἆλχε-,
1168 2162 1275 2201 ἆλχι-,
1295 2162 1391 2201 ἀρχε-
1408 2161 1491 2190 mira

165 2207 253 2237 infra
269 2207 495 2238 inconstantia
548 2210 716 2247 Λαμπτρεῖ
729 2207 822 2238 Turr.
843 2217 886 2236 ex
904 2205 1089 2245 Harpocr.:
1113 2207 1257 2245 Λαμπρεῖ
1270 2205 1367 2235 codd.
1386 2204 1438 2233 hic
1457 2208 1490 2234 et

165 2250 251 2281 infra
373 2261 411 2289 14
429 2249 620 2283 κατέλειπεν
631 2251 729 2280 Blass
746 2261 753 2280 ζ
778 2250 952 2282 κατέλιπεν
968 2250 1063 2280 codd.
1205 2259 1242 2287 17
1268 2251 1314 2286 εἴη
1332 2250 1426 2279 αυτοῦ
1444 2247 1467 2276 S
1483 2259 1490 2277 ;

166 2295 262 2325 αὐτοῦ
280 2296 329 2332 εἴη
345 2294 371 2324 F
383 2294 413 2332 Q
427 2294 456 2323 D
594 2295 632 2323 18
657 2295 757 2334 Σκίρῳ
783 2293 961 2331 Scherling
979 2293 1108 2332 (Leipz.
1125 2291 1220 2322 Stud.
1240 2292 1338 2330 1898)
1355 2302 1361 2321 ε
1383 2291 1490 2331 Σκύρῳ

166 2337 262 2368 codd.
372 2347 410 2377 19
435 2339 462 2369 δ’
476 2337 628 2367 Dobree:
654 2338 681 2368 δ’
698 2338 737 2368 ἂν
755 2337 850 2367 codd.
973 2347 1015 2366 20
1038 2338 1197 2377 φρασιαδη
1222 2335 1247 2365 S
1277 2337 1330 2373 (δη
1356 2333 1490 2364 lineolis

166 2379 294 2420 deleto)
418 2389 459 2410 22
483 2383 608 2421 πρῶτον
624 2380 714 2422 (μὲν)
731 2380 827 2410 Blass
940 2390 981 2418 24
1006 2382 1055 2411 δεῖ
1068 2379 1132 2410 del.
1153 2379 1299 2413 Dobree,
1315 2377 1430 2407 nescio
1447 2386 1490 2406 an

166 2428 270 2463 recte,
285 2423 325 2455 cf.
346 2426 362 2462 ξ
382 2433 423 2464 19
510 2432 552 2463 25
568 2424 607 2456 ’ἂν
622 2423 651 2454 D
666 2434 673 2454 ι
699 2424 753 2456 ἐὰν
769 2428 846 2455 cett.
981 2425 1022 2454 26
1045 2426 1145 2456 ποιεῖν
1162 2421 1225 2453 del·
1246 2422 1361 2452 Nabel‘

233 2490 320 2511 ιιι-44
1364 2475 1403 2504 13
