1763 2778
108 123 124 176 s
129 121 250 177 1349]

109 200 252 253 [1350]

210 263 248 300 15

207 887 249 923 16

204 1844 245 1879 17

670 120 723 178 [Δ
736 120 1191 176 HMOEOENOTE]
1524 121 1601 175 [th

271 229 409 278 δωρον.
469 226 531 267 καὶ
557 227 632 279 γὰρ
657 226 928 278 πρεσβύτερός
947 226 1058 266 ἐστιν
1076 222 1099 276 ἦ
1120 225 1211 278 ἐγώ,
1234 224 1296 265 καὶ
1317 223 1600 277 ἐμπειροτέρως

270 294 354 346 ἔχει
378 297 457 334 τῶν
481 294 626 344 νόμων,
654 294 717 333 καὶ
744 292 967 345 μεμέληκεν
991 293 1094 347 αὐτῷ
1113 293 1202 345 περὶ
1233 292 1382 332 τούτων
1415 291 1600 333 ἁπάντων

271 361 457 412 ἀκριβῶς,
499 361 561 400 καὶ
598 360 779 410 ἠδίκηται,
814 359 892 400 ὑπὸ
934 359 1142 412 Στεφάνου
1179 360 1345 407 τουτουί,
1389 359 1494 400 ὥστε
1537 360 1598 399 καὶ

271 428 542 480 ἀνεπίφθονον
565 427 668 482 αὐτῷ
692 429 950 479 τιμωρεῖσθαι
969 430 1039 468 τὸν
1060 426 1301 479 ὑπάρξαντα.
1361 429 1422 466 δεῖ
1443 425 1476 466 δ’
1500 427 1599 477 ὑμᾶς

270 494 316 545 ἐξ
346 494 463 545 αὐτῆς
491 497 560 545 τῆς
592 495 792 545 ἀληθείας,
827 494 898 545 τὴν
935 495 1140 547 ἀκρίβειαι)
1172 495 1419 535 ἀκούσαντας
1454 495 1522 543 τῆς
1556 504 1637 537 τε5

271 563 505 614 κατηγορίας
531 562 594 602 καὶ
617 563 687 612 τῆς
711 562 944 614 ἀπολογίας,
963 562 1084 604 οὕτως
1101 561 1173 612 ἤδη
1197 561 1269 611 τὴν
1292 563 1436 613 ψῆφον
1461 559 1599 613 φέρειν

268 628 366 680 ὑπέρ
392 646 434 670 τε
456 633 535 669 τῶν
559 632 660 670 θεῶν
685 629 746 669 καὶ
771 632 848 669 τῶν
873 629 1005 680 νόμων
1031 629 1092 669 καὶ
1125 632 1194 669 τοῦ
1222 629 1370 669 δικαίου
1402 627 1464 668 καὶ
1491 628 1599 678 ὑμῶν

269 695 409 737 αὐτῶν.

808 805 1048 835 ΣἪῊΠΟἩΑ.

328 870 381 914 ‘A
415 875 491 926 μὲν
520 872 766 925 ἠδικημένος,
798 871 827 914 ὦ
864 873 1001 925 ἄνδρες
1035 873 1251 925 Ἀθηναῖοι,
1285 873 1361 914 ὑπὸ
1393 872 1600 926 Στεφάνου

269 940 506 993 ἀναβέβηκα
554 940 838 993 κατηγορήσων
885 942 1058 994 Νεαίρας
1103 941 1285 992 ταυτησί,
1337 941 1599 991 Θεόμνηστος

269 1009 422 1060 εἴρηκεν
447 1011 544 1061 πρὸς
568 1009 678 1059 ὑμᾶς’
718 1008 768 1051 ὡς
798 1007 832 1049 δ’
858 1009 945 1049 ἐστὶ
974 1007 1066 1060 ξένη
1100 1008 1252 1061 Νέαιρα
1279 1009 1341 1049 καὶ
1369 1007 1474 1061 παρὰ
1509 1008 1598 1050 τοὺς

268 1076 413 1126 νόμους
453 1079 630 1117 συνοικεῖ
673 1075 880 1131 Στεφάνῳ,
922 1079 1037 1116 τοῦτο
1077 1076 1169 1127 ὑμῖν
1212 1075 1414 1128 βούλομαι
1456 1078 1597 1127 σαφῶς

270 1144 396 1183 ἐπιδεῖ
421 1160 472 1184 αι.
541 1146 696 1196 πρῶτον
731 1144 804 1194 μὲν
838 1143 906 1184 οὖν
934 1142 1000 1183 τδν
1033 1144 1156 1194 νόμον
1187 1143 1276 1193 ὑμῖν
1309 1143 1595 1195 ἀναγνώσεται,

270 1209 355 1250 καθ’
380 1209 428 1251 δν
452 1209 525 1261 τήν
554 1227 596 1250 τε
622 1209 782 1263 γραφὴν
809 1210 969 1261 ταυτηνὶ
1007 1211 1269 1262 Θεόμνηστος
1299 1209 1504 1262 ἐγράψατο
1536 1209 1597 1250 καὶ

268 1278 289 1316 ὁ
313 1277 419 1330 ἀγὼν
444 1277 556 1320 οὗτος
583 1277 808 1330 εἰσέρχεται
834 1278 889 1320 εἷς
911 1278 1023 1329 ὑμᾶς.

852 1391 1011 1421 ΝΟΜΟΣ.

322 1452 414 1493 Ἐὰν
443 1453 481 1492 δὲ
510 1454 612 1500 ξένος
639 1455 740 1505 ἀστῇ
767 1455 923 1505 συνοικῇ
949 1454 1062 1505 τέχνῃ
1086 1451 1110 1503 ἢ
1137 1456 1289 1505 μηχανῇ
1314 1455 1485 1505 ᾑτινιοῦν,
1506 1470 1595 1506 γρα·

266 1508 397 1557 φέσθω
416 1509 507 1558 πρὸς
526 1509 610 1549 τοὺς
627 1509 856 1559 θεσμοθέτας
869 1508 1075 1558 Ἀθηναίων
1091 1509 1110 1546 ὃ
1124 1509 1359 1558 βουλόμενος
1374 1509 1427 1549 οἷς
1442 1509 1594 1554 ἔξεστιν.

267 1565 330 1602 ἐὰν
349 1563 388 1602 δὲ
408 1565 496 1615 ἁλῷ,
512 1564 717 1614 πεπράσθω
738 1564 798 1602 καὶ
813 1564 921 1603 αὐτὸς
942 1563 1002 1601 καὶ
1020 1564 1044 1613 ἡ
1064 1563 1175 1601 οὐσία
1194 1565 1316 1609 αὐτοῦ,
1335 1564 1394 1602 καὶ
1413 1564 1456 1602 τὸ
1475 1564 1598 1613 τρίτον

265 1619 378 1667 μέρος
410 1619 506 1656 ἔστω
538 1621 604 1657 τοῦ
637 1619 796 1659 ἑλόντος.
855 1619 951 1657 ἔστω
985 1618 1023 1657 δὲ
1055 1619 1114 1656 καὶ
1149 1619 1210 1656 ἐὰν
1244 1620 1267 1668 ἡ
1299 1619 1383 1668 ξένη
1413 1621 1463 1670 τῷ
1494 1620 1597 1670 ἀστῷ

266 1675 422 1723 συνοικῇ
442 1674 534 1711 κατὰ
548 1674 674 1718 ταύτά,
695 1674 755 1712 καὶ
775 1675 794 1712 ὃ
813 1676 994 1712 συνοικῶν
1012 1674 1060 1724 τῇ
1079 1674 1162 1724 ξένῃ
1181 1675 1229 1725 τῇ
1249 1674 1395 1724 ἁλούσῃ
1417 1674 1596 1722 ὀφειλέτω

265 1727 390 1777 χιλίας
410 1727 584 1778 δραχμάς.

333 1830 414 1867 Τοῦ
446 1829 519 1878 μὲν
551 1828 672 1878 νόμου
705 1828 837 1868 τοίνυν
870 1828 1078 1878 ἀκηκόατε,
1106 1825 1135 1867 ὦ
1165 1827 1300 1880 ἄνδρες
1332 1828 1526 1876 δικασταί,
1550 1827 1595 1871 ὃς

267 1893 335 1934 οὐκ
372 1894 418 1948 ε’ᾇ,
452 1893 523 1944 τὴν
556 1892 674 1944 ξένην
709 1895 764 1949 τῷ
794 1895 903 1949 ἀστῷ
929 1898 1125 1935 συνοικεῖν
1162 1895 1251 1936 οὐδὲ
1288 1894 1360 1945 τὴν
1389 1895 1516 1946 ἀστὴν
1544 1896 1596 1951 τῷ

267 1959 379 2016 ξένῳ,
407 1960 496 2002 οὐδὲ
515 1963 851 2008 παιδοποιεῖσθαι,
871 1961 994 2018 τέχνῃ
1019 1963 1108 2002 οὐδὲ
1127 1968 1287 2019 μηχανῇ
1312 1962 1486 2018 οὐδεμιᾷ·
1525 1964 1593 2004 ἐὰν

266 2026 311 2069 δέ
333 2044 392 2070 τις
418 2029 524 2081 παρὰ
547 2032 668 2069 ταῦτα
691 2029 792 2086 ποιῇ,
814 2029 973 2082 γραφὴν
997 2031 1212 2080 πεποίηκεν
1231 2028 1314 2070 κατ’
1339 2029 1468 2070 αὐτῶν
1494 2030 1592 2070 εἶναι

266 2093 361 2147 πρὸς
386 2095 477 2138 τοὺς
502 2095 756 2147 θεσμοθέτας,
778 2095 877 2137 κατά
899 2113 941 2138 τε
967 2100 1034 2137 τοῦ
1057 2095 1172 2147 ξένου
1197 2096 1344 2147 καὶτῆς
1368 2096 1495 2148 ξένης,
1523 2096 1593 2138 κᾶν

310 2214 329 2233 2
353 2205 403 2236 καὶ
427 2205 609 2245 μεμέληκεν
624 2229 632 2236 .
654 2206 842 2246 ..ἀκριβῶς
873 2205 937 2236 huc
961 2209 1087 2245 transp.
1112 2204 1299 2237 Schaefer:
1330 2210 1410 2236 ante
1434 2207 1517 2237 ὥστε
1543 2205 1591 2237 καὶ

265 2247 428 2278 exhibent
444 2249 540 2279 codd.
629 2258 648 2286 3
671 2250 798 2281 τουτουί
816 2248 881 2287 FQ
899 2260 906 2279 ε
929 2249 1044 2281 τούτου
1061 2254 1138 2280 cett.
1229 2250 1251 2279 6
1274 2250 1324 2281 καὶ
1340 2252 1399 2287 τῆς
1417 2250 1593 2290 ἀπολογίας

266 2301 331 2322 om.
351 2291 376 2322 S
486 2291 593 2334 φέρειν
610 2297 687 2331 post
704 2295 781 2324 θεῶν
798 2293 892 2332 ponit
908 2302 925 2322 ι·
1087 2302 1122 2322 11
1147 2293 1301 2333 ταυτησί]
1323 2306 1427 2331 ‘ram-77
1447 2302 1512 2323 om.
1532 2292 1568 2322 S¹
1585 2303 1592 2323 :

265 2344 328 2374 pro
339 2348 382 2375 σι,
398 2345 417 2365 a
429 2345 495 2374 quo
506 2346 623 2366 versus
641 2336 770 2375 incipit,
788 2349 814 2367 ει
830 2336 965 2375 scripsit
977 2347 1027 2375 pr.
1043 2347 1095 2371 m..
1111 2346 1195 2368 corr.
1210 2347 1252 2368 m.
1271 2341 1337 2367 ant.
1434 2346 1470 2374 13
1494 2339 1593 2367 τοῦτο

264 2379 348 2419 ὑμῖν]
365 2379 470 2419 τούτῳ
487 2379 518 2409 Y
530 2389 545 2408 1⁴
558 2379 587 2408 D
745 2381 783 2410 18
807 2385 840 2411 et
858 2389 899 2410 22
916 2392 1055 2412 συνοικει
1073 2380 1097 2410 S
1259 2390 1297 2410 21
1326 2378 1425 2420 ἔστω]
1443 2380 1592 2411 ὡσαύτως

277 2431 282 2442 ⁴
463 2432 504 2452 22
528 2429 677 2463 οφειλετο
694 2422 719 2453 S

1622 886 1660 908 10

1620 1221 1657 1253 15

1619 1574 1658 1596 20

1617 1910 1654 1941 25
