1763 2778
89 159 232 214 [1259]
676 159 1162 198 ΔΗΜΟΣΘΕΝΟὙΣ
1497 154 1574 211 [mv

251 275 329 299 των
353 259 511 310 γυμνός,
546 258 654 300 οὗτοι
681 257 714 299 δ’
740 257 893 313 ᾤχοντο
919 258 1120 309 θοίμάτιον
1143 259 1342 310 λαβόντες
1365 275 1451 311 μου.
1523 258 1575 300 ὡς

251 324 285 365 δ’
321 326 383 365 ἐπὶ
420 325 490 375 τὴν
519 326 639 378 θύραν
669 324 806 375 ἦλθον,
847 325 991 378 κραυγὴ
1027 326 1090 366 καὶ
1117 325 1197 376 βοὴ
1229 327 1298 376 τῆς
1328 328 1473 377 μητρὸς
1511 325 1574 365 καὶ

249 396 328 432 τῶν
358 394 643 444 θεραπαινίδων
678 391 739 442 ἦν,
767 394 831 432 καὶ
858 393 973 444 μόγις
1004 391 1090 433 ποτ’
1129 394 1183 434 εἰς
1218 394 1437 443 βαλανεῖον
1462 394 1571 446 ἐνεγ-

251 459 385 501 κόντες
420 476 469 510 με
512 459 575 499 καὶ
613 460 922 511 περιπλύναντες
957 457 1113 508 ἔδειξαν
1157 463 1238 501 τοῖς
1287 460 1446 512 ἰατροῖς.
1521 459 1574 501 ὡς

249 525 318 566 οὖν
350 525 458 566 ταῦτ’
491 527 617 577 ἀληθῆ
651 526 772 579 λέγω,
801 526 949 568 τούτων
981 527 1071 578 ὑμῖν
1100 527 1190 568 τοὺς
1222 525 1418 579 μάρτυρας
1453 526 1571 579 παρέ·
1595 544 1612 577 5

249 591 378 644 ξομαι.

85 681 229 736 [1260]
808 697 1025 728 ΜΑΡΤΎΡΕΣ.

189 776 232 801 10
317 758 472 810 Συνέβη
497 760 642 807 τοίνυν,
667 757 698 800 ὦ
724 759 858 813 ἄνδρες
885 761 1079 807 δικασταί,
1107 761 1169 801 καὶ
1197 760 1388 812 Εὐξίθεον
1419 760 1574 801 τουτονὶ

249 825 318 866 τὸν
342 824 570 882 Χολλῄδην,
595 826 680 867 ὄνθ’
703 827 796 878 ἡμῖν
823 830 1009 880 συγγενῆ,
1037 827 1098 867 καὶ
1124 829 1293 868 Μειδίαν
1315 829 1414 879 μετὰ
1438 827 1574 868 τούτου

250 894 326 933 ἀπὸ
363 894 522 934 δείπνου
546 896 668 935 ποθὲν
704 895 891 937 ἀπιόντας
928 898 1154 949 περιτυχεῖν
1188 895 1362 945 πλησίον
1395 896 1479 935 ὄντι
1509 911 1576 946 μοι
1598 910 1637 932 10

247 961 317 1010 τῆς
348 962 471 1002 οἰκίας
504 960 591 1011 ἤδη,
618 961 682 1002 καὶ
716 963 770 1003 εἵς
802 978 844 1002 τε
873 961 919 1002 τὸ
950 966 1172 1014 βαλανεῖον
1208 961 1413 1017 φερομένῳ
1450 978 1573 1013 παρα-

251 1030 502 1077 κολουθῆσαι,
543 1030 604 1069 καὶ
643 1029 776 1080 ἰατρόν
818 1028 987 1081 ἄγουσιν
1024 1028 1331 1081 παραγενέσθαι.
1403 1029 1501 1069 οὕτω
1544 1027 1576 1068 δ’

251 1094 359 1147 εἶχον
396 1095 573 1137 ἀσθενῶς
610 1095 726 1141 ὥστε,
766 1096 830 1136 ἵνα
863 1095 916 1147 μὴ
947 1097 1099 1148 μακρὰν
1134 1096 1329 1148 φεροίμην
1368 1095 1490 1136 οἴκαδ’
1534 1097 1576 1136 ἐκ

249 1164 318 1200 τοῦ
340 1162 570 1212 βαλανείου,
593 1163 718 1202 ἐδόκει
740 1166 822 1205 τοῖς
846 1167 1039 1215 παροῦσιν
1065 1163 1116 1205 ὡς
1140 1166 1210 1203 τὸν
1234 1163 1404 1203 Μειδίαν
1424 1163 1576 1213 ἐκείνην

249 1227 318 1278 τὴν
355 1227 529 1281 ἑσπέραν
566 1229 738 1280 κομίσαι,
779 1230 841 1270 καὶ
877 1231 1072 1281 ἐποίησαν
1106 1231 1219 1270 οὕτω.
1290 1228 1386 1280 λάβ’
1416 1230 1483 1270 οὗν
1514 1229 1576 1270 καὶ
1599 1247 1636 1280 15

249 1297 320 1337 τὰς
350 1295 499 1336 τούτων
526 1298 752 1348 μαρτυρίας,
780 1295 829 1337 ἵν’
858 1296 977 1348 εἰδῆθ’
1012 1297 1072 1338 ὅτι
1095 1296 1241 1338 πολλοὶ
1275 1297 1494 1338 συνίσασιν
1525 1296 1577 1339 ὡς

248 1361 325 1402 ὑπὸ
348 1363 498 1403 τούτων
519 1363 732 1416 ὑβρίσθην.

806 1479 1030 1507 ΜΑΡΤΎΡΙΑΙ.

315 1542 431 1592 Λαβὲ
457 1540 502 1591 δὴ
529 1541 591 1582 καὶ
616 1541 688 1592 τὴν
710 1545 779 1582 τοῦ
804 1543 937 1596 ἰατροῦ
960 1543 1188 1595 μαρτυρίαν.

808 1651 1015 1678 ΜΑΡῬΥΡΙΑ.
1599 1659 1639 1682 20

187 1726 227 1753 11
316 1713 419 1754 Τότε
442 1715 514 1765 μὲν
533 1714 666 1755 τοίνυν
691 1714 917 1768 παραχρῆμ’
949 1714 1027 1755 ὑπὸ
1057 1717 1135 1755 τῶν
1160 1717 1326 1767 πληγῶν
1350 1714 1396 1756 ἃς
1423 1714 1577 1766 ἔλαβον

251 1780 313 1820 καὶ
338 1782 407 1830 τῆς
424 1781 580 1832 ὕβρεως
599 1782 699 1821 οὕτω
727 1780 918 1832 διετέθην,
939 1781 991 1823 ὡς
1017 1781 1176 1822 ἀκούετε
1203 1781 1264 1821 καὶ
1288 1782 1577 1834 μεμαρτύρηται

250 1848 356 1898 παρὰ
379 1846 540 1888 πάντων
563 1848 653 1899 ὑμῖν
678 1852 756 1889 τῶν
781 1847 894 1890 εὐθὺς
918 1849 1094 1889 ἰδόντων.
1164 1849 1262 1900 μετὰ
1287 1850 1329 1889 δὲ
1353 1852 1476 1889 ταῦτα
1497 1852 1576 1889 τῶν

250 1915 322 1964 μὲν
347 1914 569 1965 οἰδημάτων
594 1919 672 1955 τῶν
707 1916 750 1956 ἐν
772 1918 828 1970 τῷ
853 1915 1054 1969 προσώπῳ
1091 1915 1152 1955 καὶ
1188 1919 1267 1955 τῶν
1304 1917 1430 1956 ἑλκῶν
1464 1915 1576 1956 οὐδὲν

251 1980 328 2031 ἔφη
356 1984 579 2033 φοβεῖσθαι
603 1982 694 2022 λίαν
721 1982 740 2021 ὁ
761 1982 905 2034 ἰατρός,
933 1983 1088 2034 πυρετοὶ
1115 1984 1156 2022 δὲ
1173 1983 1496 2034 παρηκολούθουν
1510 1999 1577 2033 μοι
1599 2000 1637 2031 25

252 2051 434 2101 συνεχεῖς
460 2049 522 2089 καὶ
547 2048 771 2101 ἀλγήματα,
794 2050 890 2090 ὅλου
911 2051 987 2101 μὲν
1002 2052 1071 2090 τοῦ
1091 2049 1274 2100 σώματος
1300 2048 1402 2090 πάνυ
1418 2051 1577 2102 σφοδρὰ

252 2115 315 2155 καὶ
339 2114 459 2162 δεινά,
485 2116 662 2167 μάλιστα
688 2119 728 2157 δὲ
753 2120 831 2157 τῶν
864 2120 1047 2168 πλευρῶν
1071 2117 1134 2158 καὶ
1162 2119 1231 2157 τοῦ
1252 2115 1384 2169 ἤτρου,
1411 2117 1474 2157 καὶ
1499 2120 1578 2156 τῶν

302 2234 315 2254 Ι
340 2238 399 2264 μου
416 2229 449 2254 et
467 2225 520 2256 llic
537 2230 571 2256 et
589 2230 664 2265 post
682 2226 803 2267 ᾤχοντο
823 2226 852 2256 D
941 2236 961 2265 3
985 2226 1078 2267 μόγις
1095 2226 1118 2256 S
1136 2237 1142 2256 ἓ
1165 2225 1257 2265 μόλις
1273 2225 1364 2264 vulg.
1455 2236 1476 2265 9
1493 2231 1577 2258 Χολ-

251 2267 355 2310 λῄδην
378 2269 511 2307 scripsi,
540 2269 579 2300 cs.
606 2268 856 2300 Meisterhans³
876 2279 927 2309 37.
948 2280 1030 2308 207:
1056 2271 1222 2307 Χολλίδην
1245 2269 1342 2301 codd.
1361 2281 1368 2300 ε
1395 2271 1577 2307 Χολλείδην

253 2311 391 2350 Sauppe
537 2323 547 2341 1
559 2323 570 2341 1
598 2315 641 2344 εἵς
658 2327 694 2344 τε
710 2314 748 2344 τὸ
767 2313 790 2343 S
808 2323 876 2353 gme
894 2313 996 2352 teste)
1012 2323 1020 2343 t
1052 2314 1095 2345 εἰς
1110 2314 1148 2344 τὸ
1165 2313 1341 2352 legebatur
1484 2322 1521 2351 15
1538 2327 1576 2353 με

251 2359 328 2394 post
341 2356 554 2394 κομίσαιεάἀ.
569 2356 658 2395 vulg.
680 2367 687 2387 :
707 2366 771 2388 om.
785 2356 809 2386 S
859 2358 940 2388 οὕτω
954 2356 1037 2387 SA:
1062 2358 1158 2388 οὕτως
1170 2357 1260 2396 vulg.
1340 2356 1379 2386 16
1397 2356 1576 2388 συνιασινὸ

254 2398 294 2428 18
312 2403 509 2431 ΜΑΡΤΎΡΙΑ
527 2399 551 2429 S
563 2399 594 2429 A
684 2410 721 2430 21
743 2400 778 2432 ἃς
796 2399 819 2430 S
833 2399 905 2438 AQ
920 2411 926 2430 :
945 2398 988 2431 ὧν
1003 2400 1092 2438 vulg.
1185 2409 1226 2437 23
1240 2399 1386 2440 ἰδόντων]
1405 2399 1534 2431 εἰδότων
1552 2399 1577 2430 S

252 2451 292 2481 27
310 2441 405 2482 prius
421 2442 501 2484 τῶν]
519 2445 564 2474 τῶ
583 2443 606 2474 S
625 2443 724 2482 signo
736 2444 778 2485 Ὺ.
796 2444 966 2484 adscripto
982 2442 1034 2474 cui
1053 2442 1135 2473 nihil
1154 2444 1341 2482 respondet
1360 2443 1394 2473 in
1412 2443 1565 2482 margine
