1746 2774
431 147 758 186 HPOOIMIA.
831 151 1070 186 XLIX-LII

710 281 784 318 NA

155 367 295 410 Οὐδέν’
325 368 374 409 ἂν
405 368 546 424 ᾠόμην,
573 366 603 409 ὦ
635 367 772 420 ἄνδρες
808 368 1024 422 Ἀθηναῖοι,
1059 366 1298 408 πιστεύοντα
1334 369 1414 406 τοῖς

89 435 378 488 πεπραγμένοις
403 434 620 487 ἐγκαλέσαι
649 439 729 476 τοῖς
764 436 1002 474 καθιστᾶσιν
1035 435 1089 476 εἷς
1121 434 1245 486 λόγον
1280 436 1412 472 ταῦτα·

89 504 171 558 ὅσῳ
197 505 272 555 γὰρ
297 502 346 543 ἂν
374 501 583 543 πλεονάκις
608 501 769 557 ἐξετάζῃ
795 518 852 542 τις
882 499 990 547 αὐτά,
1018 499 1169 552 ἀνάγκη
1201 499 1292 541 τοὺς
1325 499 1412 539 τού-

50 589 67 622 5
88 586 167 610 των
191 571 337 611 αἰτίους
362 569 592 620 εὐδοκιμεῖν.
667 569 711 608 οὐ
743 568 820 619 μὴν
852 566 959 607 ἀλλά
990 584 1057 618 μοι
1090 570 1274 607 δοκοῦσιν
1307 565 1414 605 αὐτοὶ

90 636 263 690 φανερὸν
283 635 516 676 καθιστάναι
534 636 602 675 οὐκ
629 636 697 676 ἐπί
718 633 806 689 (ny)
832 638 908 674 τῶν
926 635 972 690 τῇ
994 635 1109 674 πόλει
1129 633 1414 686 συμφερόντων

90 702 321 756 πράξαντες.
393 703 444 745 ὡς
467 706 562 756 γοῦν
589 701 876 756 ἐξελέγχεσθαι
899 700 1131 752 μέλλοντες,
1152 700 1200 740 ἂν
1221 699 1341 740 πάλιν
1362 701 1415 740 εἰς

89 771 212 823 λόγον
254 771 439 816 ἔλθωσιν,
482 770 678 823 φεύγουσι
721 769 783 809 καὶ
823 770 930 809 δεινὰ
969 772 1096 808 ποιεῖν
1134 767 1234 818 ἡμᾶς
1274 772 1413 819 φασιν.

91 838 217 878 καίτοι
239 838 335 877 ὅταν
357 837 449 879 τοὺς
474 836 702 890 ἐξελέγχειν
727 834 998 888 βουλομένους
1018 836 1126 875 δεινὰ
1144 838 1272 875 ποιεῖν
1291 835 1414 874 αἱτιᾶ-

31 923 69 944 10
91 907 175 950 σθε,
214 905 255 944 τί
284 903 396 956 ἡμεῖς
431 903 519 944 τοὺς
556 904 657 954 ἡμᾶς
693 903 831 945 αὐτοὺς
874 900 1167 953 ἐξηπατηκότας
1205 904 1418 951 τηνικαῦτα

89 970 288 1024 λέγωμεν;

715 1069 788 1105 ΝΒ

150 1155 234 1198 ἾΙν
257 1158 330 1208 μὲν
356 1157 518 1203 δίκαιον,
547 1155 575 1197 ὦ
601 1155 737 1209 ἄνδρες
762 1154 978 1205 Ἀθηναῖοι,
1004 1154 1076 1204 τὴν
1104 1155 1197 1204 ἴσην
1227 1152 1418 1206 ὑπάρχειν

93 1223 185 1277 παρ’
209 1225 315 1275 ὑμῶν
341 1223 462 1276 ὀργὴν
486 1228 567 1266 τοῖς
594 1224 866 1277 ἐπιχειροῦσιν
887 1223 1062 1273 ὅσηνπερ
1087 1225 1169 1263 τοῖς
1193 1222 1419 1270 δυνηθεῖσιν

34 1304 69 1335 15
92 1290 352 1342 ἐξαπατῆσαι.
423 1289 444 1331 ὃ
482 1292 554 1342 μὲν
594 1293 669 1343 γὰρ
710 1289 757 1340 ἦν
799 1289 863 1330 ἐπὶ
903 1289 1068 1335 τούτοις,
1108 1289 1319 1338 πεποίηται
1356 1286 1419 1326 καὶ

91 1357 319 1411 προήγαγον
342 1358 454 1409 ὑμᾶς·
481 1362 548 1398 τοῦ
574 1360 617 1399 δὲ
644 1357 695 1408 μὴ
730 1356 845 1398 τέλος
876 1355 983 1396 ταῦτ’
1017 1356 1126 1409 ἔχειν
1160 1355 1184 1406 ἡ
1220 1354 1319 1407 τύχη
1358 1353 1420 1393 καὶ

91 1425 135 1466 τὸ
171 1424 338 1477 βέλτιον
373 1429 441 1467 νῦν
477 1426 576 1476 ὑμᾶς
606 1427 768 1477 φρονεῖν
800 1420 824 1474 ἢ
857 1422 912 1462 ὅτ’
940 1420 1126 1476 ἐξήχθηθ’
1151 1421 1228 1462 ὑπὸ
1256 1421 1418 1468 τούτων,

92 1492 258 1546 γέγονεν
283 1493 399 1532 αἴτια.
473 1492 516 1532 οὐ
541 1491 618 1543 μὴν
645 1491 736 1531 ἀλλ’
762 1490 880 1543 ἔγωγ’
900 1491 998 1530 οὕτω
1025 1490 1155 1542 πόρρω
1181 1489 1324 1539 νομίζω
1349 1487 1421 1537 τὴν

93 1560 212 1600 πόλιν
252 1559 352 1600 εἶναι
389 1563 457 1599 τοῦ
498 1559 608 1609 δίκην
650 1559 755 1610 παρὰ
796 1561 873 1597 τῶν
915 1556 1154 1596 ἀδικούντων
1195 1553 1420 1606 λαμβάνειν

36 1644 75 1666 20
95 1626 191 1667 ὥστ’
216 1626 421 1679 ἀγαπητὸν
447 1625 548 1667 εῖναί
571 1643 637 1677 μοι
663 1628 778 1671 δοκεῖ,
800 1623 848 1665 ἂν
875 1625 979 1665 ὅπως
998 1623 1050 1674 μὴ
1077 1624 1269 1663 πείσεσθε
1296 1625 1422 1663 κακῶς

95 1694 268 1744 δύνησθε
308 1692 594 1746 φυλάττεσθαι·
634 1696 825 1732 τοσαῦται
861 1690 1001 1743 τέχναι
1040 1690 1101 1730 καὶ
1140 1692 1317 1742 γοητεῖαι
1359 1689 1422 1729 καὶ

95 1762 198 1803 ὅλως
221 1761 434 1813 ὑπηρεσίαι
458 1759 558 1801 τινές
585 1761 687 1800 εἰσιν
713 1758 777 1812 ἐφ’
797 1760 894 1810 ὑμᾶς
919 1756 1293 1807 κατεσκευασμέναι.
1355 1757 1422 1805 τῆς

94 1830 166 1880 μὲν
192 1828 259 1869 οὖν
283 1828 433 1868 τούτων
459 1828 593 1869 κακίας
618 1827 686 1866 οὐκ
712 1826 759 1867 ἂν
785 1827 827 1866 ἐν
852 1828 904 1879 τῷ
931 1825 1096 1877 παρόντι
1127 1841 1184 1865 τις
1218 1825 1260 1864 ἐν
1294 1822 1424 1863 δέοντι

95 1895 273 1946 μάλιστα
316 1895 638 1947 κατηγορήσειεν·
682 1894 881 1945 βούλομαι
922 1891 954 1932 δ’
996 1892 1093 1944 ὑπὲρ
1135 1893 1189 1932 ὧν
1237 1889 1422 1939 ἀνέστην,

37 1973 74 2006 25
95 1961 120 2003 ἃ
143 1963 286 2014 νομίζω
313 1961 554 2014 συμφέροντ’
581 1963 718 2001 εἰπεῖν.

144 2082 163 2102 2
187 2071 277 2103 οὐδὲν
293 2072 331 2103 ἂν
347 2070 371 2102 S
504 2081 523 2109 4
547 2070 691 2111 τοσούτῳ
707 2072 834 2109 μᾶλλον
850 2074 928 2100 ante
946 2068 1070 2109 ἀνάγκη
1088 2067 1258 2098 desiderat
1282 2066 1424 2105 Reiske‚

97 2120 189 2147 reete
207 2115 283 2146 fort.
300 2126 307 2153 ;
333 2115 392 2145 sed
409 2114 454 2144 cf.
473 2113 743 2144 Ktihner-Gerth
762 2123 800 2143 11.
818 2124 849 2143 2.
867 2122 928 2152 497
948 2123 983 2143 n.
1079 2125 1193 2143 τουτωι
1212 2110 1236 2141 S
1337 2112 1357 2140 6
1382 2124 1426 2150 τῳ

96 2159 172 2191 add.
192 2159 354 2189 Schaefer
487 2168 504 2196 7
530 2159 569 2189 ὡς
588 2157 742 2187 Bekker:
767 2157 795 2188 οἱ
812 2157 908 2188 codd.
1029 2166 1067 2185 10
1090 2155 1122 2186 τί
1139 2165 1154 2184 r
1167 2155 1196 2184 D
1209 2153 1400 2195 va-Y'yp·
1418 2165 1425 2183 :

97 2204 117 2242 ἢ
135 2203 158 2233 S
171 2202 196 2233 F
208 2202 238 2241 Q
250 2202 280 2232 Y
370 2203 401 2233 τί
418 2203 506 2241 ἡμεῖς
523 2203 602 2241 ὑμᾶς
617 2201 693 2232 τοὺς
711 2199 949 2240 ἐξηπατηκότας
966 2200 1026 2238 τὴν
1043 2198 1137 2229 πόλιν
1153 2207 1169 2227 1⁴
1307 2207 1344 2234 13
1368 2196 1427 2236 μὲν

98 2247 152 2279 οὖν
169 2246 280 2285 codd„
300 2245 355 2278 οὖν
370 2245 435 2276 del.
455 2244 553 2275 Wolf
662 2243 815 2284 ὑπάρχειν
831 2242 945 2274 Wolf:
972 2243 1062 2283 ἔχειν
1078 2242 1175 2272 codd.
1311 2250 1348 2278 15
1373 2253 1426 2271 πε-

98 2290 247 2328 ποίηνται
263 2289 375 2326 codd.‚
392 2299 478 2319 corr.
499 2287 634 2318 Dobree
712 2289 750 2317 16
773 2286 987 2327 προηγάγονθ’
1006 2285 1102 2316 rDC
1163 2286 1206 2324 μὴ
1228 2284 1323 2322 QD:
1347 2283 1426 2321 μηδὲ

101 2333 124 2364 S
139 2333 183 2364 F:
207 2332 308 2372 μηδὲν
325 2332 420 2363 BlaSS
524 2341 561 2370 17
586 2330 764 2371 παρήχθηθ’
783 2330 955 2360 Swoboda
1057 2330 1093 2358 18
1119 2332 1202 2360 αἴτια
1219 2328 1322 2357 index
1345 2327 1426 2357 edit.

101 2376 208 2407 Paris.
225 2387 232 2406 z
257 2375 341 2409 αἰτία
363 2375 460 2406 codd.
585 2374 681 2414 ἔγωγ’
706 2374 802 2414 οὕτω]
828 2386 995 2414 ε’γωτουτω
1012 2372 1035 2402 S
1051 2384 1056 2402 :
1084 2373 1146 2411 ἐγὼ
1162 2371 1266 2412 τούτῳ
1284 2371 1313 2400 D
1331 2382 1337 2401 :
1365 2372 1428 2410 ἐγὼ

100 2423 258 2452 τοσοῦτον
274 2430 290 2450 r
402 2429 443 2449 20
467 2417 560 2459 ὥστ’]
587 2421 625 2450 ὡς
642 2418 667 2448 F
780 2427 817 2447 21
846 2417 980 2454 δύνησθε
998 2416 1083 2455 Υγρ.
1103 2426 1110 2446 2
1134 2416 1308 2453 δυνήσεσθε
1326 2418 1404 2444 cett.

167 2498 251 2517 1414}
1301 2481 1343 2511 26

1433 140 1570 195 [1457]

1437 566 1575 621 [1458]
