1763 2778
799 372 894 409 LIX

605 484 770 524 ΚΑΤΑ
819 478 1085 527 ΝΕΑΙΡΑΣ

733 580 949 609 ”moen-:212

235 656 310 694 Καὶ
329 657 460 694 τοῦτον
478 654 544 694 τὸν
568 653 685 706 λόγον
711 656 777 692 οὐκ
803 655 940 692 οἴονται
966 655 1234 703 Δημοσθένους·
1261 655 1360 701 εἶναι,
1382 656 1510 694 ῧπτιον

181 710 268 748 ὄντα
289 711 347 748 καὶ
366 712 546 760 πολλαχῇ
564 711 629 758 τῆς
647 712 713 747 τοῦ
736 710 889 758 ῥήτορος
915 708 1098 758 δυνάμεως
1125 710 1366 759 ἐνδεέστερον.
1421 710 1509 748 ὑπό-

182 764 287 802 θεσιν
314 765 344 802 δ’
373 765 449 815 ἔχει
475 765 662 813 τοιαύτην.
719 765 834 812 νόμου
859 764 1083 809 κελεύοντος,
1107 766 1169 802 ἐὰν
1197 764 1299 814 ἀνδρὶ
1326 763 1509 814 Ἀθηναίῳ

181 817 265 868 ξένη
299 822 462 869 συνοικῇ,
495 818 711 868 πεπρᾶσθαι
743 819 893 867 ταύτην,
928 820 1022 856 κατὰ
1054 820 1185 856 τοῦτον
1213 820 1277 856 τὸν
1307 819 1421 867 νόμον
1450 819 1510 856 ἐπὶ

143 885 160 917 5
182 874 345 923 Νέαιραν
359 874 438 923 ἥκει
453 874 702 922 Θεόμνηστος,
724 874 845 924 λέγων
865 875 1048 912 συνοικεῖν
1069 874 1182 921 αὐτὴν
1202 875 1380 924 Στεφάνῳ
1400 890 1510 924 γεγο-

180 930 282 967 νυῖαν
309 930 378 977 μὲν
406 928 543 977 δούλην
572 928 792 976 Νικαρέτης,
821 929 1074 978 ἑταιρήσασαν
1101 928 1138 965 δὲ
1164 928 1353 976 πρότερον,
1382 929 1446 965 νῦν
1472 927 1510 964 δὲ

182 983 359 1034 Στεφάνῳ
392 982 491 1033 νόμῳ
525 984 773 1020 συνοικοῦσαν
811 982 871 1019 καὶ
909 981 1272 1031 πεπαιδοποιημένην
1311 981 1351 1026 ἐξ
1387 984 1507 1019 αὐτοῦ.

181 1037 202 1075 ὅ
235 1037 274 1075 δὲ
305 1037 496 1086 Στέφανος
525 1038 594 1087 οὐχ
627 1038 809 1087 ὁμολογεῖ
835 1039 959 1083 ταῖτα,
992 1038 1094 1074 ἀλλὰ
1126 1038 1288 1074 συνεῖναι
1317 1037 1385 1086 μὲν
1418 1038 1511 1086 αὐτῇ

181 1096 313 1140 φησιν,
342 1093 389 1132 ὡς
418 1092 541 1142 ἑταίρᾳ
572 1091 609 1129 δὲ
641 1092 701 1129 καὶ
734 1093 776 1128 οὐ
809 1092 962 1143 γυναικί,
1000 1091 1059 1128 καὶ
1093 1091 1178 1131 τοὺς
1209 1091 1342 1131 παῖδας
1374 1092 1440 1129 οὐκ
1472 1094 1511 1128 ἐκ

125 1165 162 1187 10
180 1146 315 1213 ταύτης
341 1146 448 1197 ἔχειν.
505 1146 596 1195 πρὸς
622 1146 712 1195 ὅπερ
739 1147 759 1183 ὃ
786 1147 989 1197 κατήγορος
1015 1145 1282 1196 ἀνθιστάμενος
1307 1148 1373 1183 οὐκ
1399 1146 1510 1196 ὀλίγα

180 1201 358 1250 τεκμήρια
377 1201 588 1251 παρέχεται,
611 1202 657 1240 ὡς
676 1202 832 1252 γυναῖκα
850 1203 1034 1239 συνοικεῖν
1055 1202 1180 1250 αὐτήν.
1235 1201 1375 1253 γίνεται
1389 1218 1466 1238 τοιι
1470 1217 1510 1238 vv

181 1255 205 1304 ἡ
234 1256 367 1295 στάσις
393 1257 460 1293 τοῦ
488 1256 604 1305 λόγου
633 1255 878 1306 στοχαστική·
909 1256 994 1305 περὶ
1021 1256 1094 1307 γὰρ
1123 1254 1252 1295 οὐσίας
1278 1255 1321 1294 τὸ
1351 1256 1508 1305 ζητημα,

182 1309 242 1347 καὶ
262 1310 346 1348 οὕτε
363 1310 448 1359 περὶ
468 1309 646 1359 ἰδιότητος
666 1311 749 1347 οὔτε
768 1310 851 1359 περὶ
873 1311 1081 1359 ποιότητος.
1137 1327 1183 1348 τα
1209 1311 1276 1359 μὲν
1297 1310 1362 1348 οἶν
1384 1312 1511 1359 πρῶτα

179 1366 246 1402 τοῦ
273 1364 389 1416 λόγου
417 1365 656 1413 Θεόμνηστος
684 1365 797 1416 λεγει,
829 1366 955 1403 ἔπειτα
984 1382 1193 1416 συνηγορον
1223 1364 1511 1413 Ἀπολλόδωρον

124 1442 161 1473 15
182 1421 290 1457 καλεῖ
306 1418 490 1468 κηδεστὴν
509 1418 587 1457 ὄνθ’
608 1421 747 1466 ἑαυτοῦ,
771 1421 934 1460 κάκεῖνος
951 1418 1017 1459 τὸν
1037 1421 1160 1471 ἀγῶνα
1179 1421 1346 1457 ποιεῖται.

1046 1528 1067 1545 ‘³³

248 1529 395 1571 Πολλά
430 1547 479 1581 με
515 1532 565 1570 τὰ
601 1533 906 1583 παρακαλοῦντα
943 1529 1004 1581 ἦν,
1043 1549 1073 1570 ω
1114 1530 1253 1583 ἄνδρες
1289 1529 1508 1581 Ἀθηναῖοι,

181 1596 419 1651 γράψασθαι
450 1597 627 1649 Νέαιραν
653 1597 727 1647 τὴν
754 1597 914 1650 γραφὴν
936 1598 1094 1648 ταυτηνὶ
1129 1598 1191 1638 καὶ
1226 1599 1423 1638 εἰσελθεῖν
1456 1599 1510 1638 εἷς

182 1666 292 1716 ὑμᾶς.
353 1665 417 1706 καὶ
444 1666 520 1718 γὰρ
549 1662 770 1715 ἠδικήμεθα
796 1663 876 1705 ὑπὸ
910 1664 1120 1717 Στεφάνου
1152 1664 1321 1717 μεγάλα,
1357 1665 1419 1705 καὶ
1456 1665 1509 1705 εἷς

185 1732 385 1775 κινδύνους
414 1731 505 1774 τοὺς
536 1731 732 1786 ἐσχάτους
759 1731 1005 1782 κατέστημεν
1039 1731 1104 1772 ὑπ’
1130 1731 1260 1778 αὐτοῦ,
1280 1733 1301 1771 ὅ
1324 1749 1367 1772 τε
1397 1734 1507 1782 κηδε-

125 1816 165 1837 20
185 1798 282 1850 στῆς
315 1800 378 1840 καὶ
408 1799 487 1852 ἐγὼ
516 1799 578 1840 καὶ
610 1798 634 1850 ἦ
664 1799 818 1852 ἀδελφὴ
854 1799 915 1839 καὶ
945 1799 968 1850 ἡ
1002 1798 1098 1852 γυνὴ
1134 1798 1158 1850 ἡ
1185 1798 1272 1850 ἐμή,
1300 1799 1404 1839 ὥστε
1437 1798 1511 1851 οὐχ

182 1865 372 1920 ὑπάρχων
390 1867 498 1907 ἀλλὰ
519 1867 808 1919 τιμωρούμενος
833 1866 1074 1919 ἀγωνιοῦμαι
1097 1869 1167 1906 τὸν
1193 1867 1326 1919 ἀγῶνα
1344 1866 1510 1906 τουτονί·

182 1935 251 1984 τῆς
282 1935 357 1986 γὰρ
393 1933 538 1987 ἔχθρας
565 1934 755 1985 πρότερος
786 1932 900 1977 οὗτος
928 1932 1111 1985 ὑπῆρξεν,
1147 1933 1261 1974 οὐδὲν
1297 1933 1366 1986 ὑφ’
1402 1933 1512 1984 ἡμῶν

182 2000 342 2042 πώποτε
366 2001 457 2042 οὔτε
486 2001 594 2055 λόγῳ
627 2000 716 2040 οὔτε
748 2000 850 2055 ἔργῳ
885 1999 1006 2040 κακὸν
1029 2001 1178 2040 παθών.
1250 2001 1449 2052 βούλομαι
1476 1999 1510 2040 δ’

183 2067 272 2118 ὑμῖν
296 2065 643 2120 προδιηγήσασθαι
675 2071 830 2120 πρῶτον
863 2067 887 2108 ἃ
916 2068 1168 2118 πεπόνθαμεν
1195 2066 1260 2107 ὑπ’
1290 2068 1420 2113 αὐτοῦ,
1447 2068 1510 2107 ἵνα

123 2152 162 2183 25
181 2134 339 2185 μᾶλλόν
361 2151 429 2186 μοι
453 2135 694 2187 συγγνώμην
720 2134 840 2188 ἔχητε
868 2133 1109 2190 ἀμυνομένῳ,
1142 2134 1204 2175 καὶ
1224 2134 1275 2177 ὡς
1305 2135 1360 2177 εἷς
1383 2130 1510 2188 (τοὺς)

230 2244 355 2275 desunt
366 2244 398 2274 in
407 2244 439 2274 A
449 2244 508 2283 lix,
517 2244 563 2284 lx,
573 2244 632 2283 lxi,
642 2243 832 2283 Prooemia‚
847 2245 1032 2284 Epistulae.
1042 2245 1253 2275 adhibendus
1264 2245 1368 2284 igitur
1375 2245 1484 2275 codex
1495 2254 1511 2274 r

229 2297 244 2318 1
270 2289 321 2320 καὶ
330 2288 464 2329 τοῦτον]
476 2288 682 2327 sequebatur
695 2298 818 2328 nempe
829 2290 918 2328 apud
933 2289 1105 2319 Libanium
1120 2289 1204 2319 haec
1217 2288 1327 2318 oratio
1339 2289 1511 2319 orationes

182 2341 262 2371 xxv,
281 2332 362 2362 xxvi
538 2341 556 2371 7
580 2330 679 2372 νόμῳ]
697 2331 882 2372 παρανόμως
900 2332 1120 2362 Halbertsma
1135 2332 1210 2363 coll.
1232 2335 1268 2369 ἐξ
1286 2341 1336 2369 13,
1357 2333 1396 2361 16
1412 2342 1419 2361 :
1443 2330 1507 2361 del.

183 2374 309 2414 Taylor
443 2383 482 2414 15
505 2378 640 2406 ποιεῖται
652 2374 787 2405 Bekker
803 2385 811 2405 ἓ
833 2376 1004 2413 πεποίηται
1015 2375 1111 2406 codd.
1226 2377 1264 2405 16
1286 2375 1395 2406 πολλὰ
1405 2373 1463 2413 μὲν
1473 2374 1512 2411 ἧν

183 2418 224 2449 τὰ
239 2432 282 2456 π.,
296 2417 319 2449 ὦ
330 2418 490 2456 Ἀθηναῖοι
504 2417 612 2448 Rufus
625 2417 805 2453 (Hammer
817 2417 826 2447 i
840 2419 931 2458 402),
945 2417 1004 2457 μὲν
1016 2419 1116 2449 etiam
1131 2417 1169 2448 8¹
1181 2422 1216 2448 ut
1227 2418 1307 2456 vid.‚
1323 2428 1388 2448 una
1401 2418 1512 2447 littera

182 2465 260 2500 post
273 2473 313 2501 με
328 2470 423 2492 erasa
559 2470 595 2499 17
619 2461 740 2499 ταύτην
756 2460 785 2490 Y
797 2470 813 2490 r
826 2460 856 2490 D
988 2471 1029 2500 25
1053 2462 1125 2493 τοὺς
1141 2461 1215 2491 add.
1236 2460 1262 2491 F
1264 2461 1448 2499 rohberger

1572 1541 1671 1593 345]
