1763 2778
111 122 257 178 [1080]
648 123 700 180 [Δ
711 130 748 167 H
761 130 934 167 ΜοΣΘ
946 131 976 167 E
990 131 1025 167 N
1036 125 1172 180 οτΣ]
1253 187 1256 191 ¹
1507 126 1608 181 [mv

279 231 347 268 τοῦ
378 228 440 268 καὶ
474 228 589 270 αὐτὸς
625 230 828 280 κρίνεσθαι
863 230 924 269 καὶ
955 230 1022 280 ἐμὲ
1050 229 1244 281 νεώτερον
1277 231 1371 270 ὄντα
1399 229 1536 282 λέγειν
1565 231 1609 271 ἐν

279 297 381 346 ὑμῖν,
421 295 539 346 ἀξιῶν
577 299 834 348 κληρονομεῖν
870 297 924 336 ὧν
960 296 1005 336 οὐ
1039 299 1240 348 προσῆκεν
1273 297 1384 352 αὐτῷ,
1421 298 1482 337 καὶ
1512 298 1608 350 ὑπὲρ

279 363 427 403 τούτων
456 365 583 415 ψευδῆ
622 364 900 414 διαμαρτυρίαν
929 363 1027 415 πρὸς
1058 364 1109 418 τῷ
1139 363 1303 418 ἄρχοντι
1327 363 1608 416 ποιησάμενος.

127 406 258 462 [1081]

240 474 260 498 2
280 431 373 481 ἡμῖν
397 433 470 481 μὲν
494 431 569 482 γὰρ
594 430 810 482 ἀναγκαῖον
834 428 894 479 ἦν,
920 433 988 470 τοῦ
1012 431 1134 481 νόμου
1166 433 1236 473 τὰς
1264 433 1498 485 ἀγχιστείας
1526 435 1610 475 τοῖς

281 497 480 549 ἐγγυτάτω
506 496 645 549 γένους
673 497 942 543 ἀποδιδόντος,
971 498 1083 538 οὖσιν
1110 500 1269 540 οἰκείοις
1293 497 1508 552 Ἀρχιάδου
1539 501 1609 539 τοῦ
1630 518 1647 550 5

280 563 326 614 ἐξ
348 565 471 617 ἀρχῆς
496 564 784 606 καταλιπόντος
808 564 877 605 τὸν
897 566 1054 615 κλῆρον,
1076 564 1176 616 μήτε
1198 565 1267 606 τὸν
1286 566 1393 607 οἶκον
1413 565 1608 618 ἐξερημω-

280 630 396 671 θέντα
421 631 490 672 τὸν
515 632 664 672 ἐκείνου
691 635 878 684 περιιδεῖν
902 630 1000 683 μήτε
1024 635 1092 683 τῆς
1124 632 1260 675 οὐσίας
1285 632 1441 686 ἑτέρους
1466 639 1606 686 κληρο-

279 697 543 749 νομήσαντας,
569 699 626 741 οῖς
652 698 732 739 οὐδ’
752 699 884 740 ὁτιοῦν
906 698 1113 752 προσήκει·
1150 701 1286 740 οὑτοσὶ
1321 703 1362 741 δὲ
1392 701 1481 741 οὔτε
1505 701 1609 756 γόνῳ

279 769 348 805 τοῦ
388 766 711 816 τετελευτηκότος
749 766 832 808 υἱὸς
875 765 928 807 ὢν
968 766 1048 807 οὔτ’
1091 768 1332 818 εἰσποιηθεὶς
1381 769 1478 808 κατὰ
1519 768 1610 810 τοὺς

280 833 436 884 νόμους,
475 833 526 875 ὡς
562 834 640 886 ἐγὼ
677 832 804 884 δείξω,
845 835 1201 887 διαμεμαρτύρηκεν
1237 836 1360 878 οὕτως
1393 836 1442 876 τὰ
1479 837 1608 888 ψευδῆ
1632 856 1671 878 ιο

240 917 258 950 3
280 904 495 952 προπετῶς,
532 901 823 953 ἀφαιρούμενος
861 902 971 952 ἡμῶν
1011 901 1083 952 τὴν
1122 904 1400 955 κληρονομίαν.
1473 901 1610 954 δέομαι

279 967 312 1008 δ’
346 969 467 1019 ὑμῶν,
503 965 533 1008 ὦ
562 967 700 1020 ἄνδρες
729 970 925 1016 δικασταί,
959 971 1164 1020 βοηθῆσαι
1193 973 1245 1025 τῷ
1277 987 1320 1011 τε
1345 970 1461 1023 πατρὶ
1486 970 1609 1026 τούτῳ

282 1036 344 1076 καὶ
378 1036 476 1086 ἐμοί,
511 1036 580 1076 ἐὰν
610 1035 792 1088 λέγωμεν
824 1038 872 1077 τὰ
896 1038 1035 1083 δίκαια,
1065 1037 1126 1078 καὶ
1150 1037 1203 1088 μὴ
1228 1040 1416 1089 περιιδεῖν
1439 1036 1611 1089 πένητας

283 1103 512 1154 ἀνθρώπους
559 1104 622 1144 καὶ
667 1104 854 1146 ἀσθενεῖς
895 1104 1314 1148 καταστασιασθέντας
1359 1105 1436 1146 ὑπὸ
1484 1122 1610 1158 παρα·

282 1168 430 1220 τάξεως
454 1170 600 1211 ἀδίκου.
671 1171 783 1222 ἡμεῖς
807 1173 879 1222 μὲν
904 1173 981 1224 γὰρ
1004 1176 1089 1214 ταῖς
1114 1173 1318 1223 ἀληθείαις
1353 1172 1611 1215 πιστεύοντες
1633 1190 1670 1222 15

283 1238 609 1290 εἰσεληλύθαμεν,
640 1239 702 1279 καὶ
735 1239 977 1291 ἀγαπῶντες,
1007 1238 1057 1280 ἄν
1086 1256 1145 1282 τις
1168 1239 1270 1291 ἡμᾶς
1300 1242 1345 1297 ἐᾷ
1372 1244 1450 1281 τῶν
1479 1240 1610 1291 νόμων

281 1304 506 1358 τυγχάνειν·
555 1306 662 1346 οὗτοι
699 1309 740 1347 δὲ
776 1312 822 1364 τῇ
859 1313 1087 1364 παρασκευῇ
1125 1307 1186 1347 καὶ
1227 1312 1309 1350 τοῖς
1349 1308 1610 1359 ἀναλώμασιν

281 1371 574 1425 ἰσχυριζόμενοι
607 1373 943 1420 διατετελέκασιν,
983 1375 1141 1416 εἰκότως
1179 1374 1299 1426 οἶμαι·
1336 1376 1379 1415 ἐκ
1416 1377 1490 1428 γὰρ
1530 1378 1610 1416 τῶν

279 1439 501 1491 ἀλλοτρίων
524 1441 668 1495 ῥᾳδίως
691 1442 993 1487 ἀναλίσκουσιν,
1016 1442 1121 1482 ὥστε
1147 1442 1208 1482 καὶ
1233 1442 1323 1484 τοὺς
1349 1446 1610 1495 συνεροῦντας

277 1506 375 1558 ὑπὲρ
417 1508 544 1547 αὑτῶν
583 1509 646 1548 καὶ
683 1508 772 1550 τοὺς
806 1507 1131 1560 μαρτυρήσοντας
1170 1511 1220 1550 τὰ
1261 1512 1390 1562 ψευδῆ
1433 1509 1611 1552 πολλοὺς
1633 1528 1672 1550 20

237 1574 530 1626 4πεπορίσθαι.
603 1576 623 1614 ὁ
661 1577 702 1616 δὲ
739 1575 866 1627 πατὴρ
904 1576 1016 1619 οὗτος
1047 1574 1266 1629 (εἰρήσεται
1302 1575 1391 1629 γάρ)
1426 1576 1507 1628 ἅμα
1539 1580 1610 1628 τῆς

279 1642 416 1683 πενίας
434 1641 480 1692 ἧς
504 1643 612 1693 ὑμεῖς
637 1641 808 1684 ἅπαντες
832 1644 934 1689 ἴστε,
959 1643 1022 1684 καὶ
1039 1647 1108 1684 τοῦ
1134 1644 1289 1695 ἰδιώτης
1310 1644 1409 1685 εἶναι
1435 1645 1610 1697 φανερᾶς

279 1706 382 1761 ἔχων
414 1710 484 1750 τὰς
514 1711 728 1762 μαρτυρίας
761 1711 1005 1763 ἀγωνίζεται·
1042 1713 1219 1752 διατελεῖ
1247 1712 1324 1764 γὰρ
1357 1713 1401 1752 ἐν
1430 1714 1613 1764 Πειραιεῖ

279 1775 490 1827 κηρύττων·
528 1780 642 1817 τοῦτο
685 1776 718 1817 δ’
758 1778 871 1818 ἐστὶν
912 1778 958 1818 οὐ
993 1778 1116 1829 μόνον
1155 1778 1322 1831 ἀπορίας
1359 1779 1609 1832 ἀνθρωπίνης

276 1842 499 1895 τεκμήριον,
524 1843 633 1884 ἀλλὰ
657 1844 720 1884 καὶ
750 1845 947 1897 ἀσχολίας
976 1847 1045 1895 τῆς
1078 1845 1142 1886 ἐπὶ
1173 1845 1218 1886 τὸ
1248 1846 1607 1898 πραγματεύεσθαι·
1631 1865 1668 1896 ²5

278 1909 430 1962 ἀνάγκη
465 1911 542 1964 γὰρ
579 1911 782 1963 ἡμερεύειν
820 1913 863 1953 ἐν
897 1918 945 1970 τῇ
976 1913 1101 1968 ἀγορᾷ
1128 1912 1197 1954 τὸν
1231 1916 1421 1955 τοιοῦτον.
1491 1913 1517 1954 ἃ
1550 1915 1613 1954 δεῖ

327 2031 341 2051 1
369 2022 462 2053 αὐτὸς
491 2020 646 2052 Dobree:
671 2023 767 2054 αὐτὸν
794 2023 891 2053 codd.
925 2023 1014 2062 (sine
1043 2023 1163 2062 spiritu
1194 2023 1238 2065 S)
1418 2033 1437 2063 5
1461 2023 1548 2065 γένει
1575 2022 1608 2054 Α

275 2066 297 2095 6
321 2066 571 2097 καταλείποντος
589 2065 612 2096 S
737 2076 752 2104 7
777 2067 835 2098 τὸν
851 2071 931 2097 ante
950 2068 1068 2099 ἐκείνου
1086 2078 1151 2098 0111.
1168 2067 1199 2097 A
1313 2069 1333 2098 8
1357 2069 1466 2100 οὑτοσὶ
1484 2067 1582 2099 codd.
1599 2078 1606 2099 :

277 2107 368 2140 οὗτος
385 2108 484 2139 Blass
572 2109 660 2150 γόνῳ
677 2110 810 2149 scripsi,
830 2111 871 2142 cs.
893 2114 907 2148 ξ
927 2121 968 2150 34
986 2122 992 2141 :
1016 2110 1104 2151 γένει
1116 2112 1210 2142 codd.
1352 2122 1386 2141 11
1413 2112 1500 2151 ἡμῶν
1513 2112 1605 2152 ἀφαι-

276 2151 426 2192 ρούμενος
440 2152 473 2181 Α
550 2162 588 2182 12
611 2167 647 2184 τε
663 2153 693 2183 Α
709 2164 716 2184 :
739 2166 778 2193 ’γε
795 2157 871 2184 cett.
953 2164 990 2192 13
1018 2155 1071 2186 ἐὰν
1088 2154 1122 2186 δὲ
1138 2155 1288 2195 λέγωμεν
1305 2155 1329 2185 S
1403 2158 1560 2197 ὑπεριδεῖν
1575 2154 1606 2185 Α

277 2195 317 2226 cf.
336 2195 393 2225 xlv
409 2197 450 2234 85
557 2198 596 2226 16
620 2198 756 2235 νομίιιων
773 2197 907 2237 Taylor,
926 2199 985 2228 sed
1004 2199 1043 2229 cf.
1067 2201 1081 2236 ξ
1102 2199 1156 2236 28,
1174 2198 1255 2238 Lyc.
1280 2202 1295 2237 ξ
1313 2209 1354 2237 93
1465 2209 1507 2229 20
1529 2212 1605 2240 μαρ-

277 2238 477 2280 τυρήσοντας
491 2239 522 2269 A
537 2251 544 2270 :
568 2242 801 2280 μαρτυροῦντας
819 2246 897 2272 cett.
988 2252 1025 2271 21
1046 2241 1109 2281 ἅμα
1130 2252 1196 2272 om.
1214 2242 1246 2272 A
1336 2253 1376 2272 22
1401 2242 1438 2281 ἧς
1457 2242 1583 2272 Reiske
1598 2254 1605 2273 z

279 2284 318 2314 ὡς
337 2283 434 2315 codd.
512 2292 553 2322 25
580 2285 629 2314 ἐπὶ
647 2285 744 2315 codd.
760 2296 767 2315 :
792 2286 834 2317 εἷς
854 2284 951 2315 Blass
1021 2287 1063 2315 26
1088 2285 1251 2327 ἡμερεύειν
1267 2282 1291 2316 S
1305 2285 1329 2315 F
1343 2285 1373 2324 Q
1388 2285 1428 2323 D,
1447 2285 1603 2317 cf.1socr.

278 2336 324 2356 xv
339 2327 414 2364 286,
433 2325 522 2357 Xen.
542 2327 670 2357 Oecon.
696 2328 728 2357 iv
744 2338 785 2359 2:
810 2330 858 2360 καὶ
881 2328 1042 2369 ἡμερεύειν
1059 2328 1090 2358 A
1107 2340 1114 2359 :
1144 2330 1338 2372 διημερεύειν
1364 2329 1470 2367 Wolf,
1492 2328 1606 2360 Naber

279 2379 363 2409 quos
380 2370 502 2401 refutat
519 2370 573 2401 vel
593 2371 711 2401 Pollux
730 2372 738 2401 i
756 2373 797 2410 64
