1763 2778
112 111 246 165 [1198]

665 109 1186 166 [ΔΗΜΟΣΘΕΝΟΎΣ]
1489 111 1589 166 [Χωκ

203 228 248 262 49
269 214 317 254 ὡς
342 214 374 255 δ’
407 214 475 254 οὐκ
509 215 636 264 ἀληθῆ
669 213 793 266 λέγει,
819 213 921 265 μέγα
946 215 1037 264 ὑμῖν
1061 215 1134 266 ε’ρῶ
1154 212 1375 265 τεκμήριον.
1434 218 1589 265 πρῶτον

267 284 338 332 μὲν
380 283 455 334 γὰρ
498 282 540 321 ἐν
580 282 803 335 Καλαυρείᾳ
839 281 950 323 οὗτος
986 282 1169 332 φαίνεται
1203 281 1486 332 δανεισάμενος
1521 284 1590 323 τὰς

909 348 918 361 C

269 350 400 402 χιλίας
443 347 620 401 δραχμὰς
670 348 731 388 καὶ
780 348 852 401 οὐχ
901 366 922 387 ο
968 348 1153 389 Βοιώτιος
1199 348 1407 401 ναύαρχος,
1456 349 1591 389 ἔπειτα

269 417 443 456 ἀπαιτῶν
463 416 483 455 6
507 416 710 457 Φίλιππος
734 415 873 456 ἐνθάδε
895 418 1035 456 τοῦτον
1056 416 1126 457 τὰς
1161 416 1294 468 χιλίας
1327 417 1503 469 δραχμὰς
1527 415 1590 456 καὶ

269 482 314 523 οὐ
337 482 406 522 τὸν
432 482 620 523 Βοιώτιον
652 483 863 535 ναύαρχον,
896 483 959 523 καὶ
995 481 1163 524 ἀποδοὺς
1200 482 1324 528 οὗτος,
1355 482 1446 523 ἀλλ’
1472 483 1545 536 οὐχ
1571 483 1591 522 6
1611 500 1628 532 5

109 544 249 598 [1199]
273 549 453 591 Βοιώτιος
478 549 689 602 ναύαρχος·
726 552 926 602 προσῆκεν
951 551 1028 602 γὰρ
1051 553 1104 605 τῷ
1129 551 1201 601 μὲν
1230 550 1401 604 Βοιωτίῳ
1428 549 1590 603 ἄρχοντι

205 832 248 867 50

204 1367 242 1402 51

206 1704 246 1738 52

270 618 373 668 παρὰ
395 617 532 657 τούτου
556 616 629 667 τὴν
652 616 805 669 τροφὴν
829 621 910 659 τοῖς
935 618 977 657 ἐν
1002 620 1087 659 ταῖς
1109 617 1251 658 ναυσὶν
1273 616 1511 668 λαμβάνειν·
1550 617 1591 657 ἐκ

268 686 342 736 γὰρ
367 687 444 724 τῶν
465 688 605 724 κοινῶν
630 682 892 735 συντάξεωνὴ
912 685 1159 736 μισθοφορία
1185 683 1231 734 ἦν
1247 684 1301 739 τῷ
1316 684 1589 737 στρατεύματι·

267 752 315 790 τὰ
340 752 383 791 δὲ
406 749 589 804 χρήματα
613 750 664 791 σὺ
690 750 843 792 ἅπαντα
877 750 1060 802 ἐξέλεξας
1094 752 1136 791 ἐκ
1160 755 1239 791 τῶν
1268 750 1502 804 συμμάχων,
1529 751 1592 791 καὶ

269 820 314 858 σὲ
349 818 426 857 ἔδει
459 817 586 858 αὐτῶν
618 818 742 871 λόγον
773 819 997 859 ἀποδοῦναι.
1071 818 1155 859 εἶτα,
1189 821 1487 859 καταλυθεισῶν
1514 822 1593 859 τῶν

270 886 467 925 Βοιωτίων
492 889 591 926 νεῶν
628 886 691 926 καὶ
723 886 1017 926 διαπελθόντων
1042 890 1120 927 τῶν
1152 889 1405 938 στρατιωτῶν
1437 889 1489 940 τῷ
1519 887 1592 937 μὲν

270 953 441 1007 Βοιωτίῳ
466 951 650 1008 ναυάρχῳ
674 952 801 995 οὐδεὶς
825 955 999 994 κίνδυνος
1024 952 1088 995 ὑπ’
1113 952 1336 1003 Ἀθηναίων
1358 951 1420 1003 ἣν,
1441 951 1521 992 οὐδ’
1550 953 1593 993 ἐν

268 1020 392 1072 ἀγῶνι
417 1019 663 1070 καθειστήκει
689 1020 830 1061 οὐδενί·
870 1020 922 1061 σὺ
942 1020 975 1062 δ’
1003 1021 1045 1061 ἐν
1067 1024 1120 1075 τῷ
1145 1022 1334 1075 μεγίστῳ·
1373 1021 1594 1072 περίφοβος

269 1089 310 1127 δὲ
335 1085 388 1127 ὢν
411 1087 509 1140 ἡγοῦ
535 1104 600 1128 σοι
621 1087 800 1140 μεγάλην
826 1088 1050 1139 ἐπικουρίαν
1071 1088 1291 1141 ἀπολογίας
1317 1088 1497 1133 ἔσεσθαι,
1524 1088 1593 1127 ἐῖιν

268 1155 563 1206 παραμείνωσιν
599 1156 638 1195 αἱ
675 1156 860 1196 Βοιώτιαι
893 1154 1074 1207 τριήρεις,
1114 1155 1187 1198 ἕως
1219 1154 1268 1196 ἄν
1303 1171 1371 1196 σοι
1403 1154 1427 1206 ἦ
1468 1155 1593 1207 κρίσις

267 1221 440 1274 γένηται.
513 1222 651 1262 ἔπειτα
685 1222 747 1262 καὶ
785 1224 826 1262 ἐκ
851 1222 955 1264 τίνος
980 1221 1028 1263 ἂν
1059 1224 1198 1275 φιλίας
1224 1224 1318 1263 ποτὲ
1344 1221 1547 1262 ἐδάνεισεν
1571 1221 1592 1260 6

267 1288 394 1340 πατὴρ
419 1288 440 1328 ὁ
465 1288 558 1340 ἐμὸς
580 1293 632 1344 τῷ
660 1290 833 1344 Βοιωτίῳ
860 1288 1043 1345 ναυάρχῳ
1067 1288 1138 1331 τὰς
1163 1291 1298 1343 χιλίας
1329 1288 1520 1342 δραχμάς,
1546 1286 1593 1329 ὃν

267 1355 334 1395 οὐκ
361 1355 622 1409 ἐγίγνωσκεν,·
657 1355 766 1398 ἀλλὰ
791 1359 866 1409 γὰρ
891 1356 1110 1397 ὑποθέσθαι
1135 1356 1262 1409 φησὶν
1282 1356 1400 1397 αὐτὸν
1424 1356 1590 1410 χαλκόν.

267 1423 395 1464 πόσον
417 1425 505 1464 τινὰ
536 1425 598 1464 καὶ
631 1425 829 1471 ποδαπόν,’
867 1424 931 1465 καὶ
954 1425 1076 1465 πόθεν
1109 1424 1322 1476 γενόμενον
1347 1424 1416 1464 τὸν
1441 1422 1593 1476 χαλκὸν

267 1494 406 1531 τοῦτον
430 1495 483 1546 τῷ
503 1492 676 1546 Βοιωτίῳ
701 1490 883 1546 ναυάρχῳ
891 1508 903 1537 ;
943 1491 1089 1542 πότερα
1106 1490 1189 1531 κατ’
1210 1491 1402 1543 ἐμπορίαν
1418 1489 1592 1544 ἀχθέντα

268 1554 291 1608 ἢ
315 1557 383 1598 ἀπ’
410 1559 674 1612 αἰχμαλώτων
690 1559 924 1612 γενόμενοιω·
964 1558 1048 1599 εἶτα
1066 1560 1170 1601 τίνες
1185 1558 1290 1610 ἦσαν
1310 1560 1346 1599 οἱ
1362 1557 1593 1610 ἐνέγκαντες

267 1624 336 1666 τὸν
359 1625 511 1679 χαλκὸν
537 1625 588 1668 ὡς
613 1625 681 1666 τὸν
712 1625 861 1678 πατέρα
894 1625 962 1667 τὸν
995 1626 1109 1677 ἐμόν;
1146 1625 1339 1677 μισθωτοὶ
1370 1622 1394 1676 ἢ
1423 1624 1590 1672 οἶκέται,·

267 1689 289 1742 ἢ
315 1693 375 1734 τίς
398 1693 419 1732 ὁ
444 1694 692 1745 παραλαβὼν
725 1697 805 1734 τῶν
828 1694 991 1734 οἰκετῶν
1021 1697 1099 1734 τῶν
1128 1692 1346 1746 ἡμετέρων,·
1383 1694 1484 1745 χρῆν
1515 1693 1592 1746 γὰρ

269 1759 401 1806 αὐτόν,
422 1760 546 1811 εἰμὲν
566 1760 715 1801 οἰκέται
736 1760 921 1813 ἤνεγκαν,
947 1759 1039 1803 τοὺς
1062 1761 1303 1812 κομίσαντας
1321 1759 1590 1812 παραδιδόναι,

269 1827 302 1866 εἰ
332 1829 375 1868 δὲ
402 1828 609 1878 μισθωτοί,
641 1827 711 1868 τὸν
743 1827 1038 1879 ὑποδεξάμενον
1066 1829 1129 1869 καὶ
1163 1826 1500 1882 ἀποστησάμενον
1523 1826 1592 1867 τὸν

267 1897 420 1946 χαλκὸν
435 1898 512 1935 τῶν
537 1895 698 1935 οἰκετῶν
721 1898 800 1935 τῶν
815 1894 1030 1947 ἡμετέρων,
1054 1899 1193 1936 τοῦτον
1219 1894 1400 1946 ἐξαιτεῖν·
1450 1893 1494 1934 οὐ
1518 1891 1594 1946 γὰρ

1250 1962 1260 1976 C

268 1959 393 2012 δήπου
438 1961 531 2002 ἄνευ
579 1979 625 2015 γε
673 1964 851 2013 σταθμοῦ
897 1963 1068 2014 ἔμελλεν
1113 1963 1205 2004 οὔτε
1241 1979 1262 2003 ο
1311 1961 1592 2013 ὑποτιθέμενος

312 2081 329 2110 7
353 2071 616 2114 παραλαμβάνειν
629 2071 662 2102 Α
790 2082 812 2112 9
837 2073 877 2105 σὺ
893 2072 1018 2105 ἅπαντα
1032 2072 1064 2103 Α
1079 2083 1087 2104 t
1111 2073 1281 2113 σύμπαντα
1297 2072 1321 2104 S
1337 2072 1362 2103 F
1375 2072 1406 2112 Q
1417 2072 1447 2102 D
1556 2081 1592 2110 14

270 2117 445 2157 ἐπικουρίαν
461 2116 653 2157 ἀπολογίας]
669 2115 846 2157 ἀπολογίαν
860 2116 892 2146 Α
1006 2126 1043 2156 15
1067 2119 1297 2158 παραμείνωσιν
1308 2116 1339 2146 Α
1356 2127 1363 2147 :
1386 2115 1593 2157 περιμένωσιν

270 2159 330 2189 SF
343 2158 374 2197 Q
388 2159 416 2189 D
618 2161 656 2190 16
680 2161 788 2201 φιλίας
805 2162 843 2192 ἂν
857 2159 889 2190 Α
1122 2162 1160 2191 18
1186 2163 1242 2192 οὐκ
1265 2160 1382 2191 codd.:
1413 2161 1477 2191 οὐδ’
1496 2158 1592 2189 BlaSS

270 2204 370 2245 φησὶν
386 2203 482 2235 αὐτὸν
498 2203 522 2234 S
540 2214 547 2234 ε
571 2203 668 2235 αὐτόν
683 2211 781 2243 φησιν
798 2208 875 2235 cett.
1110 2215 1148 2244 19
1172 2204 1273 2236 πόσον
1289 2203 1426 2234 Dobree
1443 2214 1451 2234 ε
1475 2202 1592 2234 ὁπόσον

269 2246 365 2278 codd.
444 2247 493 2278 καὶ
509 2252 588 2277 ante
604 2247 700 2278 πόθεν
715 2257 778 2278 om.
798 2247 829 2276 Λ
918 2257 961 2278 20
983 2247 1118 2289 πότερον
1133 2247 1164 2277 Α
1253 2258 1290 2278 21
1318 2246 1506 2288 ἐνεγκόντες
1522 2245 1552 2275 Α
1565 2245 1591 2275 F

269 2299 312 2319 22
334 2291 486 2330 μισθωτοὶ
502 2290 540 2320 S:
567 2290 686 2331 πότερα
697 2291 848 2330 μισθωτοὶ
863 2295 940 2322 cett.
1052 2301 1093 2329 23
1118 2290 1277 2332 ἡμετέρων
1289 2290 1320 2320 Α
1334 2302 1342 2322 2
1367 2293 1450 2330 ἐμῶν
1463 2289 1488 2319 S
1501 2289 1589 2327 vulg·

269 2342 309 2371 25
334 2333 563 2374 ἀποδεξάμενον
581 2333 605 2364 S
618 2334 648 2372 Q
813 2344 853 2374 27
878 2334 993 2374 δήπου]
1012 2336 1049 2373 8)]
1066 2335 1108 2370 A.
1126 2348 1163 2374 γε
1185 2335 1311 2365 omisso
1451 2335 1593 2372 ἤμελλεν

269 2375 293 2406 S
306 2375 362 2408 F¹:
386 2379 532 2416 ἤμελλον
547 2377 572 2407 F
590 2388 675 2409 corr.
696 2377 726 2416 Q
741 2389 748 2408 :
773 2378 914 2417 ἔμελλον
928 2377 961 2407 Α

1616 837 1652 859 ῐΟ

1619 1168 1652 1200 ¹5

1616 1506 1653 1527 20
