1763 2778
144 109 248 167 mx]
369 116 371 119 ’
544 94 709 154 ΠΡΟΣ
753 115 1096 154 ΤΙΜΟΘΕΟΝ

143 215 266 267 ἦλθεν
299 214 484 268 ἔχρησεν,
520 215 583 256 καὶ
619 214 690 265 τὴν
721 217 824 265 μνᾶν
847 218 914 254 τοῦ
939 215 1136 267 ἀργυρίου,
1164 214 1211 266 ἣν
1236 216 1466 265 ἐδανείζετο,

146 282 360 324 ἐδάνεισεν.
413 281 693 336 ἀπολελυμένῳ
709 283 841 323 τοίνυν
856 284 925 332 τῆς
941 282 1067 324 αἰτίας
1083 282 1214 333 πολλὴ
1233 283 1469 334 συνέβαινεν

145 349 246 405 αὐτῷ
278 351 377 401 μετὰ
411 353 534 390 ταῦτα
556 348 771 403 χρημάτων
797 350 940 402 ἀπορία
971 351 1035 391 εἴς’
1049 367 1092 390 τε
1115 351 1185 391 τὰς
1211 351 1309 392 ἰδίας
1334 351 1469 403 χρείας

146 418 208 457 καὶ
233 418 287 458 εἰς
311 419 381 458 τὰς
405 417 597 468 δημοσίας
624 416 829 469 εἰσφοράς,
861 417 885 457 δι
909 417 1009 469 ὁρῶν
1035 418 1055 456 6
1080 416 1205 470 πατὴρ
1240 418 1259 456 ὁ
1286 416 1375 468 ἐμὸς
1401 417 1469 456 οὐκ

106 500 123 530 5
145 485 292 535 ἐτόλμα
326 487 467 524 τοῦτον
503 484 615 526 εὐθὺς
650 484 832 525 ἀπαιτεῖν
867 483 911 523 τὸ
948 484 1148 536 ἀργύριον·
1185 484 1273 524 οὔτε
1310 486 1384 536 γὰρ
1421 483 1469 524 ἂν

143 555 282 592 τοῦτον
313 549 575 603 εὐπορήσανθ’
604 551 739 604 ἡγεῖτο
775 552 961 601 ἀδικῆσαι
997 552 1127 598 αὑτόν,
1167 551 1246 591 οὔτ’
1281 551 1329 592 ἂν
1355 550 1469 592 αὐτὸς

143 619 366 671 ἀποροῦντα
389 622 528 659 τοῦτον
552 618 660 671 ἔχειν
683 619 829 659 ὁπόθεν
850 617 1113 671 εἰσπράξειεν.
1185 618 1317 668 ἐπειδὴ
1339 620 1468 659 τοίνυν

144 686 324 736 ἀπῆλθον
349 686 428 727 ὅτε
452 685 646 728 Ἀλκέτας
671 686 733 726 καὶ
759 687 780 725 6
803 685 960 731 Ἰάσων,
988 688 1036 726 τὰ
1072 688 1144 736 μὲν
1169 686 1381 738 στρώματα
1407 685 1469 725 καὶ

143 754 192 793 τὰ
210 753 342 805 ἱμάτια
357 751 478 794 πάλιν
497 752 717 806 ἀπήνεγκεν
733 754 753 792 ὁ
774 754 980 807 Αἰσχρίων
996 754 1017 793 6
1035 754 1253 795 ἀκόλουθος
1272 754 1291 792 ὁ
1316 753 1465 798 τούτου,

84 839 124 861 ιο
143 818 213 862 τὰς
238 822 280 862 δὲ
305 819 455 873 φιάλας
479 819 549 862 τὰς
577 821 645 861 δύο
673 820 742 861 οὐκ
772 819 1005 873 ἀπήνεγκεν,
1039 819 1084 862 ἃς
1119 819 1297 877 ᾐτήσατο
1328 822 1467 872 ὅτεπερ

144 887 206 928 καὶ
234 889 281 928 τὰ
318 888 531 940 στρώματα
566 889 630 928 καὶ
658 887 730 938 τὴν
759 891 861 939 μνᾶν
897 891 965 927 τοῦ
1000 888 1184 940 ἀργυρίου
1220 889 1464 933 ἐδανείσατο,

142 954 395 1008 ἀφικομένων
418 955 469 997 ὡς
495 958 633 995 τοῦτον
655 954 846 995 Ἀλκέτου
874 955 935 994 καὶ
961 954 1153 997 Ἰάσονος.

210 1021 386 1063 Μέλλων
410 1022 540 1064 τοίνυν
567 1023 784 1072 ἀποδημεῖν
801 1022 852 1063 ὡς
867 1022 1057 1073 βασιλέα,
1078 1023 1139 1063 καὶ
1157 1021 1468 1074 διαπραξάμενος

1215 1088 1224 1102 5

142 1090 358 1131 ἐκπλεῦσαι
406 1089 456 1130 ὡς
502 1093 674 1141 βασιλεῖ
719 1088 1007 1142 στρατηγήσων
1052 1092 1122 1130 τὸν
1163 1091 1213 1129 ἐπ
1267 1091 1468 1141 Αἴγυπτον

82 1171 120 1203 15
141 1157 330 1209 πόλεμον,
385 1158 449 1198 ἵνα
497 1156 550 1208 μὴ
600 1160 651 1212 δῷ
702 1156 842 1198 ἐνθάδε
895 1157 1018 1209 λόγον
1069 1156 1132 1196 καὶ
1186 1156 1348 1198 εὐθύνας
1400 1158 1468 1206 τῆς

142 1224 393 1277 στρατηγίας,
430 1223 793 1277 μεταπεμψάμενος
824 1223 892 1264 τὸν
921 1223 1072 1277 πατέρα
1109 1223 1178 1264 τὸν
1215 1223 1310 1274 ἐμὸν
1343 1224 1399 1265 εἰς
1423 1226 1467 1262 τό

141 1290 348 1344 Παράλιον
388 1296 468 1333 τῶν
506 1308 550 1332 τε
588 1291 923 1344 προϋπηργμένων
961 1293 1016 1334 εἰς
1057 1291 1174 1332 αὑτὸν
1214 1289 1362 1347 ἐπῄνει,
1407 1290 1468 1330 καὶ

141 1359 264 1399 ἐδεῖτο
306 1358 422 1399 αὐτοῦ
464 1358 672 1409 συστήσας
711 1359 935 1405 Φιλώνδαν,
984 1358 1106 1411 ἄνδρα
1147 1358 1191 1399 τὸ
1239 1360 1312 1410 μὲν
1354 1357 1468 1410 γένος

141 1425 343 1479 Μεγαρέα,
392 1429 650 1478 μετοικοῦντα
695 1426 728 1466 δ’
775 1425 1006 1477 Ἀθήνησιν,
1056 1430 1208 1468 πιστῶς
1254 1428 1296 1467 δὲ
1344 1425 1467 1479 τούτῳ

81 1508 120 1531 20
140 1493 384 1544 διακείμενον
413 1494 476 1534 καὶ
507 1495 775 1546 ὑπηρετοῦντα
808 1495 851 1534 ἐν
881 1495 1015 1548 ἐκείνῳ
1049 1498 1102 1548 τῷ
1131 1494 1276 1548 χρόνῳ,
1308 1493 1468 1533 ἐπειδὰν

1490 111 1617 166 [1191]

1491 499 1533 530 24

1488 1040 1530 1076 25

1489 1297 1532 1331 26

140 1560 331 1613 ἀφίκηται
354 1561 398 1601 ἐκ
424 1561 673 1602 Μακεδονίας
699 1561 719 1599 ὁ
745 1561 968 1606 Φιλώνδας,
1004 1560 1047 1601 δν
1078 1562 1244 1610 συνίστη
1276 1560 1388 1601 οὗτος
1412 1563 1465 1614 τῷ
1486 1561 1616 1616 [1192]

1169 1628 1178 1641 (
1219 1627 1229 1641 Χ
1258 1626 1268 1639 5

139 1627 254 1680 πατρὶ
279 1631 331 1682 τῷ
357 1629 449 1683 ἐμῷ,
476 1627 584 1681 ἄγων
607 1627 706 1679 ξύλα
729 1629 777 1667 τὰ
809 1628 973 1668 δοθέντα
1004 1628 1127 1682 τούτῳ
1159 1644 1235 1667 υπο
1273 1627 1465 1677 Αμύντου,

137 1694 183 1735 τὸ
208 1699 354 1736 ναῦλον
378 1699 456 1736 τῶν
481 1694 611 1746 ξύλων
636 1699 860 1748 παρασχεῖν
895 1696 957 1735 καὶ
995 1697 1112 1736 ἐᾶσαι
1149 1694 1386 1745 ἀνακομίσαι
1419 1692 1468 1733 τά

138 1760 240 1812 ξύλα
263 1763 319 1804 εἰς
342 1761 414 1813 τὴν
437 1763 563 1803 οἰκίαν
588 1762 658 1813 τὴν
685 1765 822 1803 ἑαυτοῦ
847 1762 917 1812 τὴν
954 1764 997 1803 ἐν
1022 1765 1213 1814 Πειραιεῖ·
1251 1763 1367 1801 αὑτοῦ
1391 1762 1466 1813 γὰρ

80 1844 117 1876 25
139 1828 240 1870 εῖναι
284 1830 333 1870 τὰ
378 1829 490 1880 ξύλα.
562 1829 643 1881 ἅμα
681 1846 725 1870 τε
762 1836 810 1887 τῇ
851 1829 986 1881 δεήσει
1029 1829 1113 1870 εἶπε
1151 1830 1289 1881 λόγον,
1333 1826 1361 1883 ᾧ
1397 1828 1465 1868 οὐκ
1485 1836 1527 1870 27

139 1896 338 1937 ἀκόλουθα
369 1901 474 1938 ποιεῖ
501 1898 548 1937 τὰ
582 1898 679 1950 ἔργα
709 1898 807 1938 νυνί·
860 1896 936 1949 ἔφη
974 1895 1061 1949 γάρ,
1097 1896 1167 1937 κᾶν
1196 1895 1247 1947 μὴ
1281 1896 1380 1951 τύχῃ
1413 1896 1467 1935 ὧν

139 1963 266 2004 ἐδεῖτο
289 1967 357 2003 τοῦ
383 1965 540 2016 πατρός,
567 1964 635 2004 οὐκ
669 1963 987 2016 ὀργισθήσεσθαι
1011 1964 1147 2016 ὥσπερ
1183 1963 1230 2004 ἂν
1256 1962 1380 2004 ἄλλος
1408 1978 1465 2002 τις

139 2030 360 2084 ἀποτυχών,
388 2031 480 2071 ἀλλ’
505 2033 559 2072 ὧν
596 2033 697 2086 αὑτῷ
729 2031 906 2082 δεηθέντι
935 2030 1188 2083 ὑπηρέτηκεν,
1222 2030 1383 2075 τούτων,
1419 2029 1467 2070 ἄν

1454 2096 1464 2110 t

138 2114 235 2138 ποτε
265 2098 435 2149 δύνηται,
474 2097 591 2152 χάριν
623 2099 862 2139 ἀποδώσειν.
934 2098 1108 2140 ἀκούσας
1141 2099 1183 2139 δὲ
1221 2098 1242 2137 6
1278 2095 1404 2148 πατὴρ
1446 2112 1466 2135 ο

184 2217 198 2237 Ι
224 2206 322 2245 ἧλθεν
338 2207 474 2247 Sauppe
489 2219 494 2238 1
519 2208 619 2246 ἦλθον
635 2208 730 2239 codd.
825 2209 1009 2240 ἐδανείσατο
1024 2207 1055 2237 Α
1208 2217 1227 2245 3
1252 2208 1338 2246 αὐτῷ
1352 2216 1417 2236 om.
1434 2204 1465 2234 A

137 2261 160 2290 9
183 2253 199 2282 ὃ
215 2255 293 2281 ante
309 2253 472 2293 Αἰσχρίων
487 2258 602 2282 servat
620 2252 643 2282 S
661 2252 753 2282 solus
849 2255 864 2283 ὁ
881 2257 959 2282 ante
975 2251 1093 2283 τούτου
1109 2262 1174 2282 om.
1192 2250 1224 2279 A
1341 2259 1376 2279 12
1393 2263 1465 2280 του-

138 2308 204 2326 των
220 2294 244 2324 S
380 2305 419 2333 13
444 2295 692 2338 διαπραξάμενον
710 2296 733 2326 S
747 2294 785 2324 Ρ]
879 2305 916 2334 15
942 2295 1044 2336 λόγον
1062 2295 1171 2327 ἐνθάδε
1188 2294 1218 2323 Α
1235 2306 1242 2324 :
1276 2293 1383 2325 ἐνθάδε
1397 2292 1460 2322 dcl.

141 2337 265 2368 Reiske
341 2341 398 2376 τῆς
413 2337 444 2367 Α
458 2350 466 2370 :
482 2342 540 2378 τῆς
558 2339 666 2371 ἐνθάδε
683 2343 760 2370 cett.
875 2350 915 2369 22
939 2340 1072 2379 ἀγαγὼν
1088 2339 1117 2368 Λ
1200 2338 1278 2378 ξύλα
1296 2338 1336 2368 τὰ
1353 2336 1464 2366 codd-¹

139 2380 205 2422 ξύλ’
224 2382 305 2413 ἅττα
324 2382 456 2412 Dobree
573 2393 614 2421 23
637 2382 790 2424 παρέχειν
806 2381 838 2412 A
952 2392 1055 2422 23-24
1081 2383 1121 2413 τὰ
1138 2382 1217 2422 ξύλα
1233 2381 1418 2420 ἀνακομίσαι
1433 2378 1465 2407 Α

139 2433 181 2464 25
203 2425 256 2466 τε]
274 2425 440 2464 δὲΕΩΙ)
573 2428 615 2457 26
638 2427 739 2458 νῦνΑ
