1763 2778
95 113 235 170 [140⁵]
656 114 709 170 [Δ
721 120 758 156 H
769 119 943 157 ΜΟΣΘ
954 119 1029 156 ΕΝ
1042 113 1176 169 om]
1506 113 1580 170 [m

256 220 381 270 πρᾶον
413 220 486 269 μὲν
521 217 582 258 καὶ
616 217 898 269 φιλάνθρωπον
926 220 1005 257 τοῖς
1037 217 1195 267 ὁρῶσιν,
1222 218 1504 269 μεγαλοπρεπῆ
1538 219 1579 258 δὲ

257 287 319 326 καὶ
345 284 495 336 σεμνὸν
518 289 600 326 τοῖς
625 285 845 335 ὁμιλοῦσιν,
873 284 1052 336 ἀνδρεῖον
1077 286 1119 324 δὲ
1144 283 1207 324 καὶ
1231 283 1424 336 σώφρονα
1457 286 1581 324 πᾶσιν

194 363 235 397 14
256 351 463 402 ἐπιδείξας.
533 351 553 391 ὃ
596 351 659 392 καὶ
698 350 860 403 μάλιστ’
899 350 947 391 ἄν
986 367 1046 393 τις
1086 350 1338 401 θαυμάσειεν·
1387 354 1466 391 τῶν
1506 349 1581 402 γὰρ

256 419 391 459 ἄλλων
417 419 480 459 ἐπὶ
504 421 577 469 μὲν
601 421 669 468 τῆς
695 418 913 470 πραότητος
937 421 1143 464 ταπεινῶν,
1172 417 1236 457 ἐπὶ
1261 419 1301 458 δὲ
1334 420 1404 467 τῆς
1437 417 1579 468 σεμνό-

255 503 369 536 τητος
394 485 572 526 αὐθαδῶν
600 484 1006 536 ὑπολαμβανομένων,
1035 485 1097 525 καὶ
1121 484 1185 525 διὰ
1207 486 1280 535 μὲν
1304 483 1376 534 τὴν
1401 485 1581 536 ἀνδρείαν
1602 498 1620 530 5

256 551 519 605 θρασυτέρων,
545 553 608 593 διὰ
633 554 674 592 δὲ
699 551 769 602 τὴν
789 552 960 605 ἡσυχίαν
980 550 1210 603 ἀβελτέρων
1231 551 1331 592 εἶναι
1348 551 1580 598 δοκούντων,

255 620 451 661 τοσαύτας
476 619 782 660 ὑπεναντιώσεις
810 618 905 670 πρὸς
929 618 1088 669 ἄλληλα
1111 617 1284 669 λαβοῦσ’
1306 618 1330 669 ἡ
1357 619 1456 672 τύχη
1486 617 1583 670 πρὸς

255 686 300 726 τὸ
330 686 419 727 δέον
452 685 592 727 ἅπανθ’
626 685 909 738 ὁμολογούμεν’
940 685 1151 731 ἀπέδωκεν,
1180 686 1316 737 ὥσπερ
1349 685 1470 739 εὐχὴν
1496 686 1579 726 ἐπι-

255 752 415 794 τελοΰσ’
447 749 473 804 ἢ
508 753 756 806 παράδειγμα
791 757 872 794 τοῖς
909 752 1047 794 ἄλλοις
1083 751 1285 803 ὑποδεῖξαι
1319 754 1581 804 βουληθεῖσα,

194 834 233 871 15
256 820 347 861 ἀλλ’
373 820 417 860 οὐ
441 819 600 870 θνητήν,
628 820 679 862 ὡς
704 821 867 869 εἴθιστο,
895 819 1018 872 φύσιν
1044 822 1284 860 συνιστᾶσα.
1354 820 1388 860 εἰ
1412 821 1483 870 μὲν
1514 819 1583 860 οὖν
1606 837 1644 859 ιο

256 889 340 928 οἶόν
364 887 397 928 τ’
424 886 471 937 ἦν
498 886 709 939 ἐφικέσθαι
731 891 785 942 τῷ
809 887 918 942 λόγῳ
942 890 1010 927 τοῦ
1037 886 1204 928 κάλλους
1230 890 1296 926 τοῦ
1321 890 1406 932 σοῦ,
1433 883 1456 936 ἢ
1479 885 1582 926 τοῦτ’

255 954 303 1006 ἧν
326 955 447 1006 μόνον
472 958 550 995 τῶν
575 958 658 995 σῶν
683 953 925 1005 ἀξιέπαινον,
954 953 1065 994 οὐδὲν
1090 953 1138 994 ἂν
1164 956 1401 1005 παραλιπεῖν
1433 952 1584 1008 ᾠόμεθα

256 1026 338 1063 δεῖν
368 1023 619 1064 ἐπαινοῦντες
651 1025 730 1062 τῶν
762 1021 1007 1073 προσόντων·
1045 1024 1115 1061 νῦν
1147 1023 1189 1061 δὲ
1222 1020 1379 1060 δέδοικα
1402 1020 1455 1071 μὴ
1484 1021 1582 1072 πρός

255 1085 333 1141 (τε)
373 1090 421 1129 τὰ
456 1088 564 1130 λοίπ’
600 1089 834 1141 ἀπειρηκόσι
869 1088 1112 1142 χρησώμεθα
1144 1091 1226 1129 τοῖς
1263 1088 1481 1139 ἀκροαταῖς,
1520 1088 1583 1128 καὶ

196 1166 236 1201 16
256 1157 343 1208 περὶ
375 1156 513 1196 τούτου
549 1156 677 1208 μάτην
704 1156 1010 1208 τερθρευώμεθα.
1081 1158 1163 1196 πῶς
1191 1156 1268 1208 γὰρ
1301 1154 1349 1195 ἄν
1378 1172 1436 1196 τις
1463 1155 1581 1207 ὑπερ·
1606 1165 1643 1198 ¹5

92 1219 235 1275 [1406]
256 1224 381 1275 βάλοι
412 1227 465 1278 τῷ
491 1224 599 1278 λόγῳ
629 1222 700 1273 τὴν
731 1222 808 1273 σὴν
839 1224 949 1275 ὄψιν,
976 1222 1021 1273 ἧς
1052 1222 1140 1273 μηδ’
1176 1222 1201 1263 δι
1224 1221 1346 1278 τέχνῃ
1375 1222 1585 1272 πεποίηται

256 1294 333 1331 τῶν
369 1290 495 1343 ἔργων
530 1295 612 1333 τοῖς
648 1291 1109 1342 ἀριστοιςοδημιουργοῖς
1145 1289 1305 1329 δύναται
1339 1290 1581 1341 ὑπερτεῖναι,·

257 1359 319 1399 καὶ
338 1357 565 1409 θαυμαστὸν
589 1357 715 1398 οὐδέν·
753 1358 802 1396 τὰ
819 1359 891 1408 μὲν
911 1358 985 1410 γὰρ
1006 1357 1191 1407 ἀκίνητον
1210 1356 1294 1409 ἔχει
1312 1356 1383 1406 τὴν
1403 1356 1581 1407 θεωρίαν,

255 1425 350 1465 ὥστ’
376 1424 487 1476 ἄδηλ’
514 1425 613 1466 εἶναι
637 1425 678 1465 τί
700 1423 787 1465 ποτ’
811 1423 860 1464 ἂν
884 1426 1020 1478 ψυχῆς
1043 1424 1298 1477 μετασχόντα
1326 1424 1482 1475 φανείη,
1510 1425 1583 1463 σοῦ

255 1494 297 1533 δὲ
321 1492 365 1532 τὸ
389 1495 458 1543 τῆς
484 1493 642 1545 γνώμης
667 1491 762 1542 ἦθος
785 1492 828 1532 ἐν
853 1494 977 1532 πᾶσιν
1001 1491 1058 1533 οἷς
1083 1494 1206 1532 ποιεῖς
1235 1490 1414 1543 μεγάλην
1445 1489 1579 1541 εὐπρέ-
1605 1512 1645 1534 20

255 1576 368 1600 πειαν
404 1558 615 1610 ἐπαυξάνει
646 1562 700 1614 τῷ
739 1559 904 1610 σώματι.
974 1558 1061 1610 περὶ
1097 1561 1168 1609 μὲν
1203 1558 1273 1599 οὗν
1308 1561 1375 1598 τοῦ
1413 1556 1583 1598 κάλλους

256 1628 390 1667 πολλὰ
414 1625 660 1679 παραλιπών,
687 1625 849 1667 τοσαῦτ’
873 1625 1081 1666 ἐπαινέσαι
1105 1625 1197 1679 ἔχω.

194 1708 234 1743 17
322 1695 422 1746 Περὶ
454 1696 495 1735 δὲ
525 1697 594 1745 τῆς
624 1694 890 1746 σωφροσύνης
915 1692 1132 1734 κάλλιστον
1155 1694 1227 1744 μὲν
1251 1690 1355 1733 τοῦτ’
1380 1691 1509 1746 ἔχοιμ’
1536 1691 1584 1732 ἂν

256 1762 392 1808 εἰπεῖν,
419 1762 480 1802 ὅτι
513 1763 582 1812 τῆς
617 1761 772 1812 ἡλικίας
800 1763 870 1811 τῆς
901 1760 1081 1810 τοιαύτης
1117 1758 1361 1810 εὐδιαβόλως
1397 1759 1581 1812 ἐχούσης,

257 1828 324 1868 σοὶ
346 1831 502 1879 μᾶλλον
527 1829 776 1869 ἐπαινεῖσθαι
800 1826 1073 1878 συμβέβηκεν.
1146 1826 1190 1867 οὐ
1215 1828 1290 1879 γὰρ
1319 1827 1439 1877 μόνον
1472 1825 1583 1866 οὐδὲν
1605 1836 1644 1868 ²5

256 1893 548 1947 ἐξαμαρτάνειν,
575 1896 681 1935 ἀλλὰ
707 1894 770 1934 καὶ
796 1894 1090 1947 φρονιμώτερον
1113 1890 1137 1944 ἢ
1166 1895 1261 1933 κατὰ
1287 1893 1357 1943 τὴν
1382 1894 1486 1945 ὤραν
1513 1893 1583 1943 ζῆν

256 1960 491 2019 προῄρησαι.
562 1963 624 2003 καὶ
659 1961 797 2002 τούτου
832 1961 1024 2014 μέγιστον
1060 1959 1268 2013 τεκμήριον
1303 1960 1326 2011 ἡ
1364 1959 1458 2012 πρὸς
1490 1959 1583 2002 τοὺς

299 2081 319 2110 3
343 2073 393 2104 καὶ
408 2082 473 2103 om.
490 2071 532 2102 Y¹
547 2081 562 2102 r
577 2071 607 2101 D
696 2081 715 2109 4
738 2070 797 2110 μὲν
806 2081 869 2102 orn.
886 2070 910 2101 S
1001 2081 1018 2109 7
1041 2069 1118 2113 (τὰ)
1129 2069 1287 2102 τοσαύτας
1299 2067 1440 2112 (ἔχονθ’)
1453 2068 1581 2099 Reiske

255 2116 411 2155 speciose
507 2114 604 2156 ’πρὸς
635 2115 771 2152 ἄλληλα
800 2119 877 2145 ante
908 2117 1057 2150 λαβοῦσα
1089 2114 1212 2145 codd.:
1237 2118 1312 2152 post
1343 2111 1582 2153 ὁμολογούμενα

255 2164 381 2198 transp.
405 2158 568 2190 Schaeser
677 2169 698 2196 9
721 2160 877 2198 ὑποδεῖξαι
904 2158 969 2189 SY
984 2168 999 2188 r
1014 2158 1068 2188 D:
1093 2159 1174 2189 ἐπιδ.
1201 2156 1290 2195 vulg.
1407 2166 1445 2187 10
1468 2160 1580 2193 ηθιστο

255 2203 301 2234 S:
326 2205 458 2235 εἴθισται
475 2201 574 2233 Wolf
625 2204 806 2233 συνιστᾶσα
824 2201 942 2232 Wolf:
966 2202 1087 2233 ἱστᾶσα
1103 2199 1202 2232 codd.
1254 2210 1287 2230 11
1314 2204 1358 2239 τῷ
1378 2199 1468 2240 λόγῳ
1484 2209 1549 2229 om.
1565 2209 1582 2229 r

255 2246 318 2279 οἶός
334 2260 370 2278 τε
387 2245 431 2276 Y¹
444 2256 460 2276 1·
472 2246 502 2276 D
571 2255 609 2275 12
633 2253 839 2286 παραλειπειν
856 2245 880 2276 S
952 2255 990 2284 13
1014 2249 1092 2284 post
1108 2243 1290 2285 προσόντων
1306 2243 1382 2274 add.
1401 2244 1452 2275 σοι’
1467 2243 1556 2281 vu1g.
1571 2253 1580 2272 t

255 2300 320 2321 om.
338 2289 362 2320 S
376 2288 421 2319 Y¹
436 2289 492 2319 rD
586 2299 623 2327 14
646 2303 682 2320 τε
698 2289 774 2319 add.
791 2288 891 2319 Blass
988 2288 1172 2329 χρησόμεθα
1190 2287 1250 2318 SF
1263 2286 1294 2325 Q
1386 2295 1424 2325 15
1448 2285 1578 2325 τούτου]

255 2346 359 2365 τουτω
375 2333 399 2364 S
415 2342 422 2362 τ
446 2335 544 2364 τοῦτο
561 2331 606 2362 Y²
621 2343 636 2362 r
649 2333 678 2362 D
779 2330 1007 2372 τερθρευόμεθα
1031 2331 1056 2363 S
1068 2331 1094 2362 F
1105 2330 1135 2369 Q
1247 2330 1422 2371 ὑπερβάλοι
1446 2329 1470 2360 S
1482 2329 1512 2359 Y
1525 2329 1555 2359 D
1572 2339 1580 2359 :

258 2376 454 2417 ὑπερβάλλω
478 2386 515 2407 r:
535 2375 690 2412 ὑποβάλοι
706 2375 795 2413 vulg.
881 2385 919 2414 19
943 2376 1046 2412 ἄδηλα
1063 2374 1088 2405 S
1107 2376 1176 2415 (me
1192 2375 1295 2413 teste)
1315 2374 1344 2403 Y
1357 2384 1372 2403 r
1387 2373 1436 2403 D:
1462 2373 1581 2410 ἄδηλον

256 2421 343 2459 vulg.
448 2430 489 2449 22
512 2427 714 2460 παραλειπων
745 2418 769 2448 S
873 2428 913 2457 25
938 2418 1043 2458 οὐδὲν]
1074 2421 1126 2450 δεν
1156 2417 1195 2448 5ι
1293 2418 1334 2446 26
1358 2416 1581 2456 ἐξαμαρτάνειν

258 2464 282 2494 S
295 2464 325 2494 Y
339 2473 355 2493 ι·
367 2463 396 2493 D
411 2474 418 2494 :
444 2463 666 2504 ἐξαμαρτάνεις
685 2472 750 2501 mg.
768 2462 820 2491 ed.
841 2461 936 2492 Paris
954 2473 961 2491 :
985 2474 1044 2493 -νει
1061 2462 1151 2500 vulg.
1264 2470 1304 2499 27
1323 2460 1437 2492 τούτου
1455 2458 1485 2490 Y
1500 2468 1515 2488 r
1527 2458 1579 2490 D:

256 2509 350 2539 τοῦτο
368 2506 429 2538 SF
441 2516 528 2537 corr.
549 2505 579 2544 Q
594 2516 602 2537 ε
624 2505 747 2538 τούτων
765 2504 802 2535 F¹
