1763 2778
64 118 207 172 [1264]
646 117 1135 156 ΔΙ>ΙΜΟΣΘΕΝΟΎΣ
1474 114 1549 165 [mv

369 219 386 229 Α
410 213 420 230 ’
461 217 471 231 S

229 216 291 256 καὶ
315 232 409 256 ταυτ
455 215 518 269 εφ’
557 217 611 256 ὧν
646 217 763 258 ἐνίοις
800 215 966 258 θάνατος
1001 217 1023 267 ἡ
1053 217 1166 267 ζημία
1192 220 1325 263 κεῖται,
1351 216 1448 268 μήτε
1473 223 1547 270 φο-

226 286 390 334 βεῖσθαι
413 281 501 334 μήτ’
527 283 803 336 αἰσχύνεσθαι,
830 284 870 323 τί
891 286 1028 324 τοῦτον
1065 283 1132 323 οὐκ
1157 283 1203 324 ἂν
1229 284 1384 325 εἰκότως
1409 287 1549 326 παθεῖν

227 351 378 397 οἵεσθε;
410 351 486 402 ἐγὼ
511 353 584 402 μὲν
610 349 686 403 γὰρ
707 350 877 402 ἡγοῦμαι
901 349 1006 390 ταῦτ’
1038 351 1138 391 εἶναι
1168 354 1312 401 σημεῖα
1347 355 1416 391 τοῦ
1451 354 1548 402 μηδὲ

225 421 364 457 τοῦτον
386 420 454 457 τόν
480 419 617 458 ἑαυτοῦ
642 416 774 469 πατέρ’
801 418 1078 470 αἰσχύνεσθαι·
1119 419 1150 458 εἰ
1175 416 1249 470 γὰρ
1266 419 1416 459 ἐκεῖνον
1435 417 1549 460 αὐτὸς

227 485 342 535 ἐτίμα
365 485 428 525 καὶ
453 485 604 531 ἐδεδίει,
633 484 703 524 κᾶν
730 485 888 526 τούτους
915 484 1032 525 αὑτὸν
1057 483 1181 535 ἠξίου.
1569 499 1587 532 5

162 564 206 598 24
293 553 407 602 Λαβὲ
432 549 477 601 δή
502 569 570 602 μοι
595 552 656 591 καὶ
676 551 764 593 τοὺς
791 552 942 602 νόμους,
971 552 1038 592 τόν
1063 568 1106 593 τε
1128 554 1199 602 τῆς
1222 553 1375 604 ὕβρεως
1403 552 1462 592 καὶ
1482 551 1550 592 τὸν

226 618 313 670 περὶ
338 622 415 658 τῶν
439 621 693 658 λωποδυτῶν·
733 619 794 659 καὶ
823 621 899 671 γὰρ
923 619 1074 660 τούτοις
1112 619 1350 672 ἀμφοτέροις
1388 620 1547 674 ἐνόχους

225 685 382 726 τούτους
407 687 573 738 ὄψεσθε.
643 684 752 738 λέγε.

808 807 954 835 NOMOI.
1542 844 1585 858 ί,

290 869 454 912 Τούτοις
495 874 577 912 τοῖς
613 870 748 922 νόμοις
787 870 1026 923 ἀμφοτέροις
1067 871 1110 911 ἐκ
1150 874 1227 912 τῶν
1264 870 1550 923 πεπραγμένων
1572 889 1611 911 10

225 937 365 990 ἔνοχος
390 938 527 978 Κόνων
549 938 660 978 ἐστὶν
674 938 823 978 οὑτοσί·
860 937 923 978 καὶ
941 939 1019 991 γὰρ
1034 938 1195 990 ὕβριζεν
1215 939 1277 979 καὶ
1297 938 1548 979 ἐλωποδύτει.

225 1005 258 1045 εἶ
277 1006 318 1045 δὲ
341 1004 394 1055 μὴ
420 1006 518 1044 κατὰ
541 1005 699 1045 τούτους
736 1005 988 1057 προειλόμεθ’
1020 1005 1132 1055 ἡμεῖς
1166 1006 1279 1056 δίκην
1309 1004 1547 1056 λαμβάνειν,

223 1071 333 1122 ἡμεῖς
361 1073 433 1123 μὲν
469 1071 716 1124 ἀπράγμονες
751 1073 815 1112 καὶ
848 1071 999 1124 μέτριοι
1035 1071 1257 1124 φαινοίμεθ’
1287 1071 1340 1112 ’ἂν
1378 1072 1546 1118 εἰκότως,

159 1150 202 1187 25
224 1138 335 1180 οὗτος
361 1137 394 1178 δ’
419 1139 562 1189 ὁμοίως
581 1139 762 1192 πονηρός.
834 1139 896 1179 καὶ
919 1139 997 1190 μὴν
1022 1140 1056 1180 εἰ
1078 1141 1219 1180 παθεῖν
1242 1141 1282 1179 τί
1297 1156 1365 1190 μοι
1380 1138 1545 1190 συνέβη,

225 1205 350 1258 φόνου
377 1207 438 1246 καὶ
463 1209 541 1247 τῶν
568 1205 803 1247 δεινοτάτων
828 1205 875 1246 ἂν
901 1206 947 1257 ἦν
977 1207 1174 1247 ὑπόδικος.
1244 1205 1313 1247 τὸν
1347 1210 1444 1259 γοῦν
1479 1209 1548 1257 τῆς
1572 1224 1607 1255 15

225 1274 502 1325 Βραυρωνόθεν
528 1275 669 1326 ἱερείας
698 1271 834 1325 πατέρ’
867 1273 1194 1325 ὁμολογουμένως
1230 1273 1304 1326 οὐχ
1341 1273 1548 1326 ἁψάμενον

222 1343 293 1380 τοῦ
321 1339 645 1390 τελευτήσαντος,
683 1341 743 1380 ὅτι
779 1344 831 1395 τῷ
861 1339 1079 1390 πατάξαντι
1113 1341 1272 1382 τύπτειν
1309 1340 1546 1392 παρεκελεύ-

224 1423 336 1458 σατο,
364 1404 559 1458 ἐξέβαλεν
588 1407 610 1458 ἡ
641 1407 770 1458 βουλὴ
796 1407 818 1458 ἡ
857 1406 903 1458 ἐξ
936 1406 1091 1459 Ἀρείου
1125 1407 1266 1460 πάγου,
1305 1398 1475 1450 ὃικαίως;
1514 1408 1548 1449 εἶ

224 1475 298 1526 γὰρ
335 1475 372 1514 οἱ
405 1474 596 1526 παρόντες
634 1475 721 1514 ἀντὶ
757 1479 824 1514 τοῦ
860 1475 1027 1515 κωλύειν
1058 1473 1152 1517 τοὺς
1185 1471 1211 1525 ἢ
1242 1474 1290 1514 δι’
1316 1474 1424 1515 οἶνον
1448 1472 1471 1525 ἢ
1497 1473 1546 1515 δι’

225 1540 347 1593 ὀργὴν
370 1539 396 1593 ἤ
419 1539 491 1581 τιν’
515 1540 645 1592 ἄλλην
670 1542 798 1581 αἰτίαν
823 1540 1105 1593 ἐξαμαρτάνειν
1122 1541 1419 1595 ἐπιχειροῦντας
1437 1542 1546 1583 αὐτοὶ
1569 1559 1608 1580 20

221 1606 525 1660 παροξυνοῦσιν,
543 1607 693 1659 οὐδεμί’
721 1609 832 1649 ἐστὶν
852 1609 965 1650 ἐλπὶς
985 1609 1181 1661 σωτηρίας
1197 1613 1250 1664 τῷ
1272 1610 1545 1661 περιπίπτοντι

221 1679 302 1716 τοῖς
340 1676 666 1728 ἀσελγαίνουσιν,
705 1675 798 1716 ἀλλ’
837 1676 910 1718 ἕως
942 1673 993 1716 ἂν
1031 1677 1272 1723 ἀπείπωσιν,
1309 1676 1546 1728 ὑβρίζεσθαι

219 1741 398 1794 ὑπάρξει·
432 1743 529 1795 ὅπερ
556 1744 641 1794 ἐμοὶ
667 1742 834 1794 συνέβη.

59 1785 202 1878 [Ωδῗέ
282 1807 335 1849 ’Ἃ
359 1809 506 1857 τοίνυν,
531 1808 592 1851 ὅθ’
616 1810 640 1862 ἡ
665 1812 795 1851 δίαιτα
821 1811 1017 1863 ἐγίγνετο,
1035 1811 1208 1858 ἐποίουν,
1227 1810 1430 1863 βούλομαι
1449 1809 1546 1862 πρὸς

219 1876 318 1926 ὑμᾶς
353 1878 493 1918 εἰπεῖν·
528 1877 592 1918 καὶ
628 1878 703 1930 γὰρ
740 1879 781 1917 ἐκ
817 1877 965 1918 τούτων
1000 1877 1072 1929 τὴν
1107 1877 1325 1930 ἀσέλγειαν
1357 1875 1546 1917 θεάσεσθ’
1568 1895 1606 1924 25

220 1943 359 1985 αὐτῶν.
429 1944 622 1995 ἐποίησαν
653 1946 726 1995 μὲν
761 1946 836 1997 γὰρ
873 1944 947 1996 ἔξω
981 1944 1116 1996 μέσων
1146 1948 1293 1985 νυκτῶν
1320 1943 1392 1994 τὴν
1428 1945 1544 1995 ὥραν,

220 2010 308 2050 οὕτε
331 2011 400 2053 τὰς
422 2013 634 2064 μαρτυρίας
659 2012 974 2064 ἀναγιγνώσκειν
1000 2012 1204 2053 ἐθέλοντες
1221 2010 1300 2050 οὔτ’
1321 2012 1545 2063 ἀντίγραφα

220 2078 382 2124 διδόναι,
408 2082 486 2119 τῶν
510 2095 554 2121 τε
583 2079 791 2131 παρόντων
820 2079 912 2130 ἡμῖν
949 2077 1035 2119 καθ’
1068 2078 1124 2120 ἕν’
1162 2079 1307 2118 οὑτωσὶ
1344 2077 1441 2130 πρὸς
1477 2077 1545 2117 τὸν

263 2197 283 2227 5
306 2187 452 2229 τούτους]
480 2189 606 2222 τούτοις
631 2189 684 2220 D:
707 2189 832 2222 τούτοις
856 2189 896 2222 ἂν
915 2188 947 2219 Α
1101 2189 1122 2218 6
1147 2187 1199 2228 δὴ]
1227 2187 1259 2220 δὲ
1283 2187 1314 2217 Α
1425 2187 1482 2219 τόν
1505 2201 1542 2220 τε

221 2230 389 2271 Dindorf;
412 2233 600 2272 cs.xxi35:
623 2234 698 2265 τοὺς
714 2233 760 2263 Α;
785 2244 853 2265 om.
869 2233 893 2263 S
906 2233 930 2263 F
943 2233 973 2271 Q
988 2233 1016 2263 D
1101 2234 1140 2262 16
1163 2233 1258 2273 ἱεριας
1277 2232 1301 2261 S
1388 2241 1423 2271 17
1447 2244 1540 2272 παρε-

220 2273 415 2314 κελεύσατο]
429 2276 578 2316 ἐπέταξεν
594 2276 626 2306 Α
781 2278 819 2307 18
845 2276 998 2317 ἐξέβαλεν
1015 2275 1080 2306 SA
1097 2288 1103 2306 :
1129 2276 1204 2306 add.
1217 2276 1314 2307 αὐτὸν
1329 2275 1432 2314 vulg.,
1451 2275 1540 2314 quod

221 2319 307 2349 tueri
321 2319 432 2358 possis
499 2330 537 2350 21
558 2323 785 2361 παροξυνοῦσιν
798 2320 839 2351 S:
865 2320 1092 2361 παροξύνουσιν
1105 2323 1205 2350 cett.:
1230 2320 1541 2359 προσ-παροξυνοῦσιν

222 2361 336 2393 Naber
386 2363 477 2395 ἐλπίς
489 2364 578 2395 ἐστιν
588 2363 620 2393 Α
698 2373 740 2402 25
765 2363 915 2395 θεάσεσθε
928 2363 953 2392 F
968 2373 976 2393 ε
1001 2362 1158 2394 θεάσασθε
1171 2366 1250 2392 cett.
1341 2363 1385 2392 26
1399 2363 1462 2403 γὰρ
1473 2371 1538 2393 om.

221 2404 252 2436 Α
333 2407 376 2437 28
399 2409 466 2438 καθ’
482 2406 537 2438 ἕνα
553 2407 626 2447 ἡμῖν
642 2408 758 2439 οὑτωσὶ
776 2409 826 2439 καὶ
844 2409 919 2447 πρὸς
935 2406 1107 2446 Harpocr.
1125 2416 1151 2437 s.
1164 2416 1192 2437 v.
1212 2406 1299 2437 λίθος
