1763 2778
188 109 276 163 m]
542 115 702 152 ΚΑΤΑ
752 115 1093 151 ΣΤΕΦΑΝΟὙ
1130 116 1163 152 Α
1536 109 1665 164 [1107]

187 212 379 265 μέλλοντι
407 212 648 262 δικάζεσθαι,
684 212 872 253 συνειδὼς
904 211 936 252 δ’
965 213 1202 253 ὑπεναντίαν
1233 213 1370 258 οὖσαν,
1406 215 1514 265 εἴπερ

189 280 236 332 ἦν
260 280 431 330 τοιαύτη,
456 284 539 322 τοῖς
564 281 715 334 ἐμαυτῷ
740 278 1027 332 συμφέρουσιν,
1051 280 1295 331 κληρονόμος
1319 279 1352 319 δ’
1373 278 1426 320 ὢν
1453 281 1514 320 καὶ

188 348 343 397 ταύτης,
384 348 492 398 εἴπερ
533 346 580 397 ἦν
618 347 763 397 τούμοῦ
795 347 954 399 πατρός,
996 347 1058 386 καὶ
1111 351 1189 387 τῶν
1226 346 1363 387 ἄλλων
1401 343 1515 399 (τῶν)

188 411 374 470 πατρῴων
416 414 576 465 ὁμοίως;
631 413 770 454 οὐκοῦν
808 418 862 469 τῷ
900 413 1147 467 παρέχεσθαι
1185 416 1258 465 μὲν
1300 414 1512 465 Φορμίωνι,
1535 436 1576 459 22

149 499 166 530 5
187 480 412 534 γεγράφθαι
440 483 483 522 δὲ
511 482 737 528 Πασίωνος,
771 483 926 521 εἰᾶσθαι
956 481 989 521 δ’
1014 480 1083 534 ὑφ’
1108 481 1231 532 ἡμῶν,
1260 480 1514 534 ἐξελέγχεται

188 548 533 600 κατεσκευασμένη
562 551 633 599 μὲν
661 548 685 599 ἡ
719 547 896 599 διαθήκη,
927 547 1080 600 ψευδὴς
1112 548 1144 588 δ’
1174 548 1196 599 ἡ
1231 552 1299 588 τοῦ
1329 551 1512 600 Κηφισο-
1536 551 1669 605 [1108]

188 619 342 668 φῶντος
375 616 577 668 μαρτυρία.
639 614 730 656 ἀλλ’
766 618 815 656 ἐῶ
846 618 1164 668 Κηφισοφῶντα·
1218 616 1306 656 οὔτε
1338 617 1413 668 γὰρ
1447 619 1514 656 νῦν

185 699 252 735 μοι
279 686 376 735 πρὸς
405 683 555 724 ἐκεῖνόν
581 684 693 723 ἐστιν
723 682 802 723 οὔτ’
833 683 1101 735 ἐμαρτύρησεν
1131 684 1278 724 ἐκεῖνος
1314 683 1401 734 περὶ
1437 686 1515 722 τῶν

187 751 230 791 ἐν
248 754 332 792 ταῖς
348 749 548 801 διαθήκαις
567 750 735 791 ἐνόντων
761 749 885 791 οὐδέν.
950 751 1074 790 καίτοι
1101 751 1162 790 καὶ
1178 754 1291 790 τοῦτο
1313 753 1512 795 σκοπεῖτε,
1535 769 1577 801 23

128 835 166 857 10
185 817 282 858 ὅσον
315 817 402 858 ἐστὶ
431 816 650 869 τεκμήριον,
681 815 711 857 ὦ
748 817 885 869 ἄνδρες
918 816 1133 868 Ἀθηναῖοι,
1172 820 1239 857 τοῦ
1274 817 1432 858 τούτους
1468 818 1514 856 τὰ

184 886 312 937 ψευδῆ
340 884 688 937 μεμαρτυρηκέναι.
725 886 760 925 εἶ
789 886 864 938 γὰρ
895 885 914 924 ὁ
943 887 1016 936 μὲν
1046 885 1159 926 αὐτὸς
1190 884 1297 938 ἔχειν
1321 884 1365 923 τὸ
1394 901 1514 937 γραμ-

185 955 344 1003 ματεῖον
376 955 581 1004 μαρτυρῶν
613 952 681 992 οὐκ
712 953 935 1003 ἐτόλμησεν
961 951 1173 1004 ἀντίγραφ’
1200 951 1299 992 εἶναι
1324 952 1347 991 ἒι
1377 952 1510 1003 παρεί-

185 1023 280 1073 χετο
312 1019 498 1070 Φορμίων
525 1023 605 1060 τῶν
628 1018 719 1071 παρ’
750 1020 851 1074 αὐτῷ
880 1022 1139 1072 μαρτυρῆσαι,
1171 1019 1278 1058 οὗτοι
1311 1018 1342 1059 δ’
1368 1017 1445 1058 οὔτ’
1472 1017 1517 1068 ἐξ

186 1087 310 1140 ἀρχῆς
348 1086 397 1128 ὡς
436 1088 620 1140 παρῆσαν
653 1087 784 1141 ἔχοιεν
814 1086 862 1127 ἂν
895 1087 1030 1132 εἰπεῖν,
1070 1086 1150 1126 οὔτ’
1188 1087 1374 1139 ἀνοιχθὲν
1412 1086 1514 1125 εἶδον

129 1172 165 1202 15
187 1152 282 1206 πρὸς
305 1158 358 1209 τῷ
385 1156 560 1211 διἀιτητῇ
584 1154 628 1194 τὸ
648 1157 926 1207 γραμματεῖον,
948 1154 1054 1193 ἀλλὰ
1080 1154 1143 1194 καὶ
1172 1151 1515 1206 μεμαρτυρήκασιν

187 1220 296 1261 αὐτοὶ
329 1220 382 1272 μὴ
419 1220 564 1261 ’θέλειν
597 1219 658 1272 ἔμ’
695 1222 884 1274 ἀνοίγειν,
923 1219 1030 1260 ταῦθ’
1069 1220 1119 1263 ὡς
1156 1219 1366 1273 ἀντίγραφ’
1405 1219 1515 1259 ἐστὶν

187 1288 345 1328 ἐκείνων
377 1289 715 1341 μεμαρτυρηκότες
747 1288 787 1328 τί
816 1286 908 1328 ἄλλ’
942 1285 964 1338 ἦ
991 1292 1109 1340 σφῶν
1145 1288 1273 1328 αὐτῶν
1308 1285 1515 1339 κατήγοροι

166 1355 402 1407 -γεγόνασιν
427 1356 486 1395 ὅτι
510 1357 745 1408 ψεύδονται,·

248 1420 340 1463 Ἔτι
366 1424 511 1469 τοίνυν,
547 1421 575 1462 ὦ
610 1422 747 1476 ἄνδρες
780 1421 996 1473 Ἀθηναῖοι,
1032 1422 1082 1464 ὡς
1119 1421 1343 1475 γέγραπταί
1375 1439 1433 1464 τις
1469 1420 1516 1462 ἂν
1537 1438 1579 1471 24

128 1509 168 1532 20
187 1487 379 1540 ἐξετάσας
415 1489 487 1540 τὴν
517 1491 730 1542 μαρτυρίαν
762 1491 873 1543 γνοίη
909 1493 1114 1532 παντελῶς
1143 1493 1255 1529 τοῦτο
1287 1505 1515 1542 μεμηχανη-

186 1555 328 1608 μένους
352 1556 503 1607 αὐτούς,
531 1558 636 1599 ὅπως
662 1558 818 1598 δικαίως
844 1558 905 1598 καὶ
931 1558 1072 1598 ἀδίκως
1097 1555 1203 1606 δόξει
1227 1556 1335 1596 ταῦθ’
1352 1557 1371 1595 ὁ
1391 1555 1516 1608 πατὴρ

187 1623 304 1675 οὑμὸς
341 1623 560 1664 διαθέσθαι.
617 1627 725 1676 λαβὲ
757 1623 789 1664 δ’
823 1624 943 1674 αὐτὴν
974 1624 1046 1674 τὴν
1077 1624 1303 1676 μαρτυρίαν,
1337 1624 1398 1663 καὶ
1429 1621 1517 1675 λέγ’

154 1701 157 1703 ’
189 1691 368 1745 ἐπισχὼν
392 1691 436 1732 οὗ
461 1690 509 1732 ἄν
533 1709 582 1733 σε
607 1692 767 1738 κελεύω,
794 1691 843 1732 ἵν’
871 1691 917 1742 ἐξ
938 1691 1056 1742 αὐτῆς
1081 1690 1253 1731 δεικνύω.

745 1784 954 1811 ΜΑΡΤΎῬῙΑ.

130 1854 167 1885 25
242 1837 485 1885 Μαρτυροῦσι
512 1836 680 1885 παρεῖναι
708 1835 799 1884 πρὸς
825 1838 875 1886 τῷ
905 1835 1073 1885 διαιτητῇ
1101 1835 1241 1885 Τεισίᾳ,
1267 1833 1329 1872 ὅτε
1356 1834 1516 1883 προύκα-

187 1891 289 1928 λεῖτο
309 1891 479 1940 Φορμίων
499 1890 802 1940 Ἀπολλόδωρον,
823 1892 853 1928 εἰ
872 1890 924 1940 μή
945 1894 1065 1939 φησιν
1091 1890 1301 1941 ἀντίγραφα
1329 1887 1419 1927 εἶναι
1445 1890 1517 1926 τῶν

188 1944 369 1994 διαθηκῶν
386 1948 459 1983 τῶν
478 1945 729 1985 Πασίωνος-

254 2031 464 2087 Ἐπίσχες.
523 2033 748 2085 ἐνθυμεῖσθ’
788 2034 848 2074 ὅτι
888 2035 996 2074 ’τῶν
1038 2031 1258 2083 διαθηκῶν’
1298 2031 1516 2084 γέγραπται
1537 2045 1578 2081 25

192 2101 298 2141 ίτῶν
323 2099 575 2144 Πασίωνος’.
637 2103 764 2141 καίτοι
799 2103 901 2154 χρῆν
930 2100 1020 2141 τοὺς
1056 2099 1328 2151 βουλομένους
1364 2099 1515 2148 τάληθῆ

238 2215 251 2235 1
279 2206 305 2238 δ’
324 2206 509 2238 ὑπεναντίαν
525 2206 557 2246 ο]
577 2206 610 2236 in
628 2216 693 2236 ras.
709 2205 733 2236 S
866 2216 885 2244 3
908 2209 973 2237 τῶν
988 2205 1065 2235 add.
1086 2203 1183 2235 Blass
1318 2213 1354 2242 17
1377 2204 1410 2235 τί
1433 2204 1517 2235 ἄλλο

191 2249 222 2288 Q
238 2262 289 2290 γρ.
307 2260 314 2280 :
337 2251 370 2282 τί
386 2251 489 2282 ἄλλον
507 2248 546 2280 Sl
564 2261 571 2280 ε
594 2251 689 2281 τίνων
707 2251 816 2282 ἄλλων
829 2248 853 2279 S
867 2259 951 2279 corr.
967 2249 1056 2288 vulg.
1191 2257 1230 2277 21
1257 2249 1379 2279 δικαίως
1396 2246 1491 2277 codd.
1510 2257 1517 2277 :

192 2294 242 2325 καὶ
259 2294 385 2325 δικαίως
405 2293 503 2324 Blass
525 2293 602 2324 coll.
623 2293 693 2323 xliv
713 2302 768 2331 35,
789 2293 920 2322 Andoc.
941 2293 949 2322 i
975 2302 1034 2330 135
1062 2296 1152 2322 recte
1170 2292 1245 2321 fort.
1268 2292 1318 2322 καὶ
1340 2290 1434 2320 facile
1458 2300 1517 2320 ex-

192 2337 312 2367 cxderit
329 2342 406 2376 post
424 2347 460 2375 53
485 2336 527 2368 cf.
545 2342 658 2367 tamen
676 2337 733 2366 xvi
751 2347 773 2375 9
789 2336 857 2376 (S),
879 2336 963 2366 Plat.
984 2335 1089 2374 Legg.
1110 2344 1173 2374 743
1188 2345 1219 2373 Β,
1234 2334 1291 2365 Ατ.
1311 2334 1371 2372 Eq.
1391 2334 1456 2364 800
1472 2332 1513 2364 al.

193 2379 268 2422 δόξῃ
282 2379 308 2410 F
323 2380 352 2410 D
367 2380 391 2410 S
408 2390 494 2411 corr.
607 2390 649 2419 23
672 2381 712 2412 ἂν
730 2390 795 2410 om.
814 2379 845 2418 Q
861 2393 915 2419 γρ.
1021 2388 1062 2417 25
1086 2379 1178 2420 Τισίᾳ
1194 2378 1292 2408 codd.
1311 2377 1365 2407 hic
1383 2382 1416 2407 et
1433 2376 1517 2407 infra

194 2426 236 2454 26
251 2425 279 2455 εἴ
295 2426 339 2464 μὴ
355 2423 393 2455 S¹
411 2435 416 2456 :
442 2424 461 2462 ἧ
478 2425 541 2464 μὴν
556 2422 581 2454 S
596 2433 680 2454 corr.
699 2434 724 2454 s.
740 2434 769 2453 v.
789 2422 814 2453 F
830 2423 860 2461 Q
875 2423 903 2452 D
998 2423 1106 2461 28-29
1131 2423 1264 2462 ἐπίσχες
1282 2443 1289 2451 .
1306 2444 1313 2450 .
1326 2444 1333 2452 .
1355 2420 1518 2452 Πασίωνος

193 2477 260 2498 om.
277 2467 300 2497 S
