1763 2778
428 134 757 172 HPOOIMIA.
828 137 1108 175 xxm-xxv
1459 126 1597 181 [1435]

110 232 428 286 ἀσελγεστέρους
457 232 602 286 λόγους
633 230 805 284 λέγοντα
834 231 929 284 πρὸς
954 232 1065 282 ὑμᾶς,
1094 230 1224 282 ἱκέτην
1249 230 1436 283 ὑμέτερον

109 298 373 352 γεγενημένον
399 299 582 352 εὐτύχημ’
609 299 708 340 εῖναι
732 299 876 350 νομίζω
901 301 969 348 τῆς
994 299 1161 340 πόλεως·
1199 298 1243 338 τὸ
1277 300 1316 338 δὲ
1346 297 1435 339 τοὺς

111 365 296 417 ἀνοήτους
312 367 470 408 τούτους
489 365 585 417 μήτε
601 370 714 406 τοῦτο
733 366 978 418 λογίζεσθαι,
996 365 1120 417 παρὸν
1135 367 1256 406 οὕτως
1274 366 1437 417 ἐναργὲς

111 435 220 480 ἰδεῖν,
262 433 353 484 μήθ’
396 434 455 473 ὅτι
493 431 687 474 πολλάκις
730 432 814 473 καθ’
853 432 908 473 ἕν’
951 432 1078 473 αὐτῶν
1118 433 1288 473 ἕκαστον
1327 433 1437 483 ὑμεῖς

71 514 89 545 5
111 498 324 556 σεσῴκατε,
347 500 408 540 καὶ
434 501 558 541 πλείω
584 499 779 553 πράγματ’
799 498 997 552 ἐσχήκατε
1021 499 1091 550 τὴν
1116 499 1264 539 τούτων
1289 499 1435 551 θρασύ-

108 584 207 619 τητα
239 568 302 608 καὶ
333 567 635 619 κακοδαιμονίαν
663 569 981 620 ἐπανορθοῦντες,
1019 568 1178 608 ἐπειδὰν
1202 566 1250 607 δι’
1277 566 1437 608 ἑαυτοὺς

109 634 330 676 ἀνέλωνται
358 635 548 685 πόλεμον,
576 631 599 685 ἢ
633 636 681 675 τὰ
708 634 863 687 ὑμέτερ’
890 634 1018 675 αὐτῶν
1043 633 1294 686 πράττοντες,
1322 636 1436 673 τοῦτο

109 702 352 753 παμπόλλην
384 703 474 752 ὑμῖν
507 703 630 754 ὀργὴν
660 702 819 744 εἰκότως
848 701 897 742 ἂν
926 701 1186 754 παραστῆσαί
1214 718 1279 752 μοι
1316 704 1433 741 δοκεῖ.

108 768 155 809 οὔ
185 768 262 820 μὴν
287 767 380 809 ἀλλ’
404 770 502 810 ἴσως
534 770 687 811 τούτοις
716 771 787 819 μὲν
815 770 993 822 εἵμαρται
1024 767 1210 819 μηδέποτ’
1238 768 1279 808 εὖ
1311 767 1432 819 πράτ-
1455 781 1478 814 4

52 853 89 874 10
107 852 247 877 τουσιν
272 836 313 876 εῧ
338 839 552 888 φρονῆσαι·
589 835 680 887 ἡμῖν
707 838 747 876 δὲ
774 836 967 887 προσήκει
998 835 1058 875 καὶ
1092 835 1140 875 δι’
1164 835 1265 886 ἡμᾶς
1298 834 1437 876 αὐτοὺς

110 903 172 943 καὶ
197 904 258 943 διὰ
282 902 397 942 τᾶλλ’
415 903 439 943 ἃ
463 902 682 954 πέπρακται
707 908 753 959 τῇ
774 903 902 949 πόλει,
926 902 1151 944 σπουδάσαι
1171 901 1295 952 δεῖξαι
1315 904 1438 942 πᾶσιν

109 970 329 1022 ἀνθρώποις
358 970 419 1010 ὅτι
449 970 510 1010 καὶ
544 970 736 1022 πρότερον
772 970 834 1010 καὶ
865 974 932 1010 νῦν
965 971 1027 1010 καὶ
1061 970 1121 1009 ἀεὶ
1151 969 1261 1020 ἡμεῖς
1294 971 1366 1019 μὲν
1389 970 1438 1008 τὰ

109 1037 238 1077 δίκαια
253 1036 543 1089 προαιρούμεθα
558 1036 756 1089 πράττειν,
775 1037 903 1089 ἕτεροι
919 1036 961 1077 δέ
977 1053 1079 1078 τινες
1101 1038 1438 1076 καταδουλοῦσθαι

107 1104 350 1156 βουλόμενοι
372 1104 462 1146 τοὺς
488 1105 615 1145 αὑτῶν
639 1105 805 1146 πολίτας
831 1103 1126 1155 διαβάλλουσιν
1151 1103 1248 1156 πρὸς
1271 1103 1384 1154 ἡμᾶς.

52 1241 86 1272 15
733 1225 803 1262 ΚΕ

176 1306 224 1346 Εἰ
248 1307 347 1357 μετὰ
370 1307 440 1356 τῆς
465 1304 584 1356 αὐτῆς
612 1305 783 1358 γνώμης,
811 1302 840 1345 ὦ
875 1304 1011 1357 ἄνδρες
1035 1304 1252 1356 Ἀθηναῖοι,
1278 1305 1369 1346 τούς
1394 1321 1438 1345 τε

107 1372 253 1426 λόγους
277 1373 439 1423 ἠκούετε
463 1377 541 1413 τῶν
567 1373 925 1424 συμβουλευόντων
953 1374 1014 1413 καὶ
1040 1375 1087 1413 τὰ
1113 1371 1308 1425 πράγματ’
1335 1372 1436 1424 ἐκρί-

109 1457 210 1486 νετε,
236 1439 395 1481 πάντων
424 1439 742 1492 ἀσφαλέστατον
771 1439 818 1490 ἦν
847 1439 896 1480 ἂν
925 1439 968 1480 τὸ
999 1440 1303 1491 συμβουλεύειν.
1376 1439 1438 1479 καὶ

110 1508 187 1560 γὰρ
211 1507 382 1560 εὐτυχῶς
403 1507 465 1547 καὶ
485 1506 618 1549 ἄλλως
639 1505 812 1558 πράξασι
836 1506 985 1559 (λέγειν
1005 1509 1079 1559 γὰρ
1106 1505 1292 1559 εὐφήμως
1311 1506 1440 1547 πάντα

52 1590 92 1612 20
111 1571 185 1626 δεῖ)
208 1573 304 1614 κοίν’
329 1573 378 1614 ἂν
403 1573 450 1625 ἦν
474 1574 522 1614 τὰ
546 1577 614 1625 τῆς
645 1575 772 1616 αἰτίας
806 1575 896 1625 ὑμῖν
922 1574 984 1614 καὶ
1017 1578 1069 1629 τῷ
1104 1576 1302 1614 πείσαντι.
1372 1577 1439 1614 νῦν

111 1640 143 1682 δ’
168 1642 328 1682 ἀκούετε
352 1643 424 1693 μὲν
448 1645 526 1682 τῶν
556 1642 581 1681 ἃ
613 1642 818 1692 βούλεσθε
850 1640 1052 1693 λέγοντων
1076 1642 1231 1692 ἥδιστα,
1259 1642 1442 1681 αἰτιᾶσθε

110 1710 153 1749 δὲ
189 1707 383 1750 πολλάκις
419 1707 618 1759 ἐξαπατᾶν
653 1709 753 1760 ὑμᾶς
790 1708 940 1754 αὐτούς,
980 1708 1048 1749 ἐὰν
1084 1708 1136 1759 μὴ
1173 1707 1289 1749 πάνθ’
1315 1707 1360 1748 ὃν
1392 1707 1440 1748 ἂν

109 1776 219 1826 ὑμεῖς
250 1776 397 1828 τρόπον
431 1775 642 1827 βούλησθε
676 1775 849 1828 γένηται,
889 1775 932 1815 οὐ
967 1776 1216 1828 λογιζόμενοι
1251 1774 1356 1815 τοῦθ’
1382 1776 1441 1814 ὅτι
1461 1757 1605 1848 ἷ1436]

110 1845 179 1882 τοῦ
201 1844 274 1894 μὲν
300 1843 465 1893 ζητῆσαι
490 1843 553 1883 καὶ
577 1843 824 1895 λογίσασθαι
844 1845 892 1882 τὰ
911 1841 1124 1894 βέλτιστα,
1153 1842 1203 1884 ὡς
1223 1841 1439 1894 ἄνθρωπος,

51 1931 89 1963 25
113 1909 176 1949 καὶ
207 1909 303 1961 πρὸς
334 1910 433 1960 ὑμᾶς
466 1911 592 1950 εἰπεῖν
625 1910 741 1951 αὐτὸς
778 1910 945 1951 ἕκαστός
982 1911 1092 1950 ἐστιν
1122 1909 1264 1962 κύριος,
1299 1913 1366 1949 τοῦ
1400 1910 1441 1949 δὲ

111 1978 336 2030 πραχθῆναι
367 1980 487 2016 ταῦτα
522 1976 584 2016 καὶ
615 1980 865 2029 συνενεγκεῖν
898 1978 939 2017 ἐν
968 1982 1015 2034 τῇ
1048 1976 1147 2032 τύχῃ
1177 1975 1220 2016 τὸ
1250 1979 1442 2016 πλεῖστον

111 2042 229 2095 μέρος
275 2044 466 2095 γίγνεται.
537 2043 649 2084 ἔστιν
687 2042 719 2083 δ’
759 2043 968 2095 ἄνθρωπον
1011 2042 1091 2084 ὄντ’
1131 2042 1335 2095 ἀγαπητὸν
1373 2044 1442 2092 τῆς

113 2111 232 2150 αὑτοῦ
258 2113 432 2152 διανοίας
456 2111 580 2163 λόγον
598 2109 776 2163 ὑπέχειν·
814 2113 886 2161 τῆς
910 2113 950 2151 δὲ
976 2111 1098 2164 τύχης
1124 2110 1221 2162 πρὸς
1245 2111 1442 2163 ὑποσχεῖν

160 2228 180 2257 3
205 2219 352 2260 ἐναργὲς]
383 2221 521 2261 ἐναργῶς
549 2219 732 2259 Swoboda,
764 2219 803 2250 cf.
834 2219 987 2250 Prooem.
1014 2219 1097 2250 xlvii
1122 2229 1141 2258 3
1262 2221 1282 2250 8
1307 2219 1346 2252 ἂν
1374 2221 1443 2259 ὑμῖν

114 2262 243 2295 εἰκότως
256 2263 383 2304 ὄργὴνι·
496 2273 533 2293 12
559 2264 608 2295 καὶ
628 2268 704 2303 post
721 2265 769 2295 ὅτι
787 2273 850 2293 om.
872 2263 896 2294 S
914 2265 947 2294 in
965 2264 1032 2294 fine
1049 2264 1196 2303 paginae
1304 2273 1341 2302 14
1365 2264 1443 2302 πρὸς

115 2306 179 2337 del.
195 2306 294 2337 Wolf
331 2307 413 2347 ἡμᾶς
426 2307 588 2339 αὐτούςτι
613 2308 726 2339 αὐτοὺς
740 2307 820 2346 ἡμᾶς
833 2307 861 2336 D
877 2307 903 2338 C
997 2318 1034 2346 15
1054 2308 1118 2347 ΚΕ]
1135 2307 1180 2339 μεθ’
1193 2306 1217 2338 S
1231 2307 1256 2337 F
1348 2307 1385 2336 18
1406 2307 1445 2338 ἂν

114 2359 179 2380 om.
198 2349 224 2380 F
329 2361 367 2389 19
392 2352 500 2383 ἄλλως
517 2350 673 2382 Dobree:
698 2353 806 2382 καλῶς
822 2351 918 2381 codd.
1016 2361 1058 2381 20
1082 2351 1121 2389 ἧν
1139 2356 1213 2389 post
1231 2353 1302 2390 ὑμῖν
1318 2351 1412 2389 ponit
1429 2359 1445 2379 r

114 2403 156 2432 24
182 2395 222 2425 ὡς
238 2394 394 2434 ἄνθρωπος
412 2393 470 2424 SY
487 2406 494 2426 :
519 2396 560 2426 ὣς
577 2396 615 2427 ἂν
632 2396 789 2436 ἅνθρωπος
806 2404 822 2424 r
837 2405 844 2425 :
869 2396 908 2426 ὣς
925 2395 1095 2435 ἀνθρώποις
1112 2394 1201 2433 vulg.
1279 2395 1320 2424 28
1345 2392 1445 2433 λόγον

115 2439 186 2477 ὑμῖν
203 2436 334 2478 ὑπέχειν
346 2447 363 2468 r
450 2439 525 2479 πρὸς
542 2441 699 2479 ὑποσχεῖν
716 2439 846 2469 divifflm
865 2438 986 2477 scripsi
1000 2447 1075 2468 cum
1093 2437 1118 2468 S
