1746 2774
113 119 253 175 [1484]

208 434 248 467 41

115 755 253 811 [1485]

207 972 252 1005 42

206 1311 251 1345 43

206 1843 252 1877 44

689 122 1179 161 ΔΗΜΟΣΘΕΝΟΎΣ

273 221 327 261 ῶν
351 233 450 272 μετα
473 223 547 272 μὲν
572 223 641 272 τῆς
665 221 854 274 ὑμετέρας
880 222 1034 263 εὐνοίας
1055 222 1298 274 ἀφικόμενος
1321 221 1452 273 μέρος,
1480 223 1514 262 εἷ
1539 221 1603 262 καὶ

272 288 324 339 μὴ
351 287 490 334 πάντα,
518 289 614 331 ἴσως
637 288 686 329 ἂν
713 290 964 340 κομισαίμην,
992 290 1098 329 ὥστε
1129 291 1251 339 μηδὲν
1283 289 1530 342 ἀσχημονεῖν
1557 289 1602 329 τὸ

273 359 417 395 λοιπὸν
446 359 516 397 τοῦ
544 357 649 407 βίου,
685 356 733 396 ἂν
766 355 799 396 δ’
837 356 887 397 ὡς
924 358 959 397 οἱ
995 360 1117 396 ταῦτα
1150 355 1338 407 λέγοντες
1375 355 1534 406 ἀξιοῦσί
1561 355 1602 407 μ’

274 422 390 468 ἔλθω,
409 422 474 473 ἅμ’
501 422 638 477 ἀδοξίᾳ
663 424 725 463 καὶ
749 424 892 477 ἀπορίᾳ
919 424 980 464 καὶ
1010 424 1129 477 φόβῳ
1161 422 1387 473 συνέξομαι.
1459 424 1513 463 ὧν
1536 423 1600 462 οὐ-

274 491 340 529 δὲν
368 491 476 540 ὑμεῖς
503 491 806 542 συλλογίζεσθε,
835 492 941 531 ἀλλὰ
971 489 1156 543 ῥημάτων
1188 507 1255 541 μοι
1281 491 1342 530 καὶ
1373 493 1600 542 φιλανθρω-

273 558 364 598 πίας
394 560 646 609 φθονοῦντες,
672 556 720 597 ἂν
751 558 850 597 οὕτω
883 559 994 614 τύχῃ,
1023 556 1071 597 δι’
1104 558 1203 609 ὑμᾶς
1232 557 1470 610 περιόψεσθ’
1504 558 1600 598 ἀπο-

272 624 454 674 λόμενον·
493 624 538 664 οὐ
575 626 649 676 γὰρ
695 623 744 665 ἂν
779 627 958 675 δεηθείην
995 625 1129 665 ἄλλων
1165 621 1188 675 ἢ
1223 626 1341 675 ὑμῶν.
1416 625 1478 665 καὶ
1512 625 1603 665 τότε

275 689 427 743 φήσετε
463 693 571 731 δεινὰ
607 690 845 732 πεπονθέναι
881 709 943 742 με,
975 693 1148 744 ἀκριβῶς
1186 692 1283 738 οἶδα,
1313 691 1370 731 ὅτ’
1408 691 1487 732 οὔτ’
1517 691 1602 743 ἐμοὶ

1623 507 1640 539 5

275 757 397 798 πλέον
422 757 535 798 οὐδὲν
559 758 641 798 οὔθ’
665 759 755 809 ὑμῖν
780 759 906 799 ἔσται.
979 759 1022 799 οὐ
1053 758 1127 811 γὰρ
1153 758 1198 809 δὴ
1225 758 1408 812 χρήματά
1440 758 1477 812 γ’
1503 759 1604 800 εἶναι
1639 795 1644 797 .

272 841 339 875 μοι
363 823 602 876 προσδοκᾶτ’
634 824 709 876 ἔξω
734 830 811 866 τῶν
838 830 1033 879 φανερῶν,
1061 827 1116 866 ὧν
1149 827 1387 878 ἀφίσταμαι.
1460 826 1522 866 καὶ
1553 827 1603 866 τὰ

272 893 393 932 λοιπὰ
425 892 625 943 βούλομαι
662 897 917 945 συναγαγεῖν,
955 894 1023 934 ἐάν
1051 910 1117 944 μοι
1152 893 1204 944 μὴ
1241 895 1471 946 φιλονίκως,
1509 891 1602 934 ἀλλ’

273 959 526 1011 ἀνθρωπίνως
551 962 649 1001 δῶτε
674 960 719 1000 τὸ
745 960 841 1012 πρὸς
866 961 1016 1002 τούτοις
1051 962 1247 1012 ἀσφαλῶς
1272 960 1384 1002 εἶναι.
1457 961 1501 1001 οὐ
1525 960 1603 1012 μὴν

273 1025 361 1066 οὐδὲ
386 1026 476 1079 παρ’
500 1026 706 1080 Ἁρπάλου
720 1045 769 1079 με
788 1029 972 1079 λαβόντα
991 1026 1151 1077 δείξετε·
1191 1028 1279 1068 οὔτε
1298 1030 1375 1080 γὰρ
1397 1027 1603 1080 ἠλέγχθην

273 1092 351 1133 οὔτ’
379 1093 541 1145 ἔλαβον.
613 1096 647 1135 εἰ
672 1097 713 1135 δὲ
738 1095 780 1135 τὸ
801 1097 1015 1148 περιφανὲς
1040 1094 1191 1146 ἀξίωμα
1215 1098 1284 1145 τῆς
1303 1097 1455 1146 βουλῆς
1476 1092 1514 1146 [ἢ
1535 1094 1603 1135 τὸν

265 1159 428 1213 Ἀρειον
456 1158 599 1214 πάγον]
631 1161 928 1214 προσβλέπετε,
964 1165 1032 1213 τῆς
1065 1162 1407 1214 Ἀριστογείτονος
1437 1163 1603 1214 κρίσεως

273 1228 589 1279 ἀναμνησθέντες
610 1230 910 1282 ἐγκαλύψασθε·
943 1229 987 1269 οὐ
1012 1231 1088 1282 γάρ
1117 1231 1197 1282 ἔχω
1222 1230 1361 1270 τούτου
1385 1230 1603 1282 πραότερον

274 1295 508 1347 πρόσταγμα
540 1300 622 1338 τοῖς
658 1295 804 1336 τοιαῦτ’
845 1296 1161 1349 ἐξημαρτηκόσιν
1201 1297 1256 1338 εἷς
1292 1296 1372 1347 ἐμέ.
1445 1296 1488 1336 οὐ
1527 1298 1602 1349 γὰρ

272 1360 396 1412 δήπου
426 1366 507 1405 τοῖς
544 1363 675 1406 αὐτοῖς
711 1381 758 1417 γε
789 1364 926 1416 λόγοις
957 1364 1032 1405 ὑπὸ
1064 1366 1133 1414 τῆς
1162 1364 1279 1413 αὐτῆς
1316 1366 1468 1415 βουλῆς
1503 1364 1600 1404 ἀπο-

273 1429 460 1482 φανθέντ’
486 1431 638 1471 ἐκεῖνον
661 1433 734 1482 μὲν
759 1432 951 1483 ἀφεῖσθαι
976 1432 1126 1471 δίκαιον
1153 1430 1252 1472 εἶναι
1283 1430 1447 1483 φήσετε,
1473 1432 1542 1481 ἐμὲ
1569 1429 1602 1470 δ’

272 1496 538 1538 ἀπολωλέναι·
577 1497 650 1552 οὐχ
676 1499 797 1540 οὕτως
827 1500 937 1549 ὑμεῖς
962 1499 1189 1551 ἀλογίστως
1218 1498 1343 1551 ἔχετε.
1415 1498 1503 1538 οὔτε
1528 1499 1602 1550 γὰρ

271 1561 379 1613 ἄξιος
404 1563 483 1604 οὔτ’
510 1564 729 1616 ἐπιτήδειος
755 1567 843 1607 οὔτε
880 1567 1037 1619 χείρων,
1068 1565 1216 1619 ἀτυχὴς
1247 1564 1382 1616 μέντοι
1415 1564 1464 1605 δι’
1487 1566 1600 1616 ὑμᾶς,

271 1632 468 1683 ὁμολογῶ·
507 1636 587 1673 πῶς
612 1635 689 1685 γὰρ
719 1633 788 1673 οὐκ
821 1632 980 1686 ἀτυχής,
1009 1631 1036 1688 ᾧ
1063 1636 1160 1686 πρὸς
1192 1636 1273 1674 τοῖς
1303 1632 1444 1674 ἄλλοις
1471 1636 1602 1674 κακοῖς

273 1699 335 1739 καὶ
371 1698 466 1751 πρὸς
500 1698 812 1752 Ἀριστογείτον’
848 1702 1014 1751 ἐμαυτὸν
1047 1699 1243 1751 ἐξετάζειν
1280 1701 1506 1751 συμβαίνει,
1539 1700 1602 1740 καὶ

272 1764 379 1805 ταῦτ’
405 1767 634 1807 ἀπολωλότι
658 1767 755 1819 πρὸς
782 1768 978 1820 σωτηρίας
1003 1768 1266 1821 τετυχηκότας

342 1833 417 1873 Καὶ
441 1831 494 1883 μή
518 1833 557 1884 μ’
583 1834 881 1886 ὑπολαμβάνετ’
911 1835 1140 1887 ὀργίζεσθαι
1169 1837 1250 1875 τοῖς
1274 1832 1412 1886 λόγοις
1435 1834 1600 1874 τούτοις·

273 1899 318 1939 οὐ
351 1900 424 1951 γὰρ
453 1899 502 1940 ἂν
529 1899 694 1952 πάθοιμι
722 1906 837 1942 τοῦτο
875 1901 973 1954 πρὸς
1009 1903 1108 1953 ὑμᾶς
1145 1902 1236 1954 ἐγώ·
1275 1901 1368 1941 ἀλλ’
1401 1902 1485 1955 ἔχει
1513 1903 1601 1941 τινὰ

273 1969 356 2008 τοῖς
380 1967 647 2018 ἀδικουμένοις
671 1969 880 2023 ῥᾳστώνην
913 1969 958 2009 τὸ
982 1969 1117 2022 λέγειν
1143 1969 1166 2009 ἃ
1196 1968 1437 2022 πάσχουσιν,
1465 1968 1600 2020 ὥσπερ

273 2035 353 2073 τοῖς
381 2034 550 2086 ἀλγοῧσι
574 2035 618 2075 τὸ
645 2035 814 2081 στένειν,
841 2036 926 2077 ἐπεὶ
951 2037 996 2093 τῇ
1022 2036 1059 2089 γ’
1090 2036 1220 2090 εὐνοίᾳ
1247 2037 1367 2076 οὕτως
1399 2036 1479 2088 ἔχω
1505 2035 1600 2087 πρὸς

317 2154 337 2174 2
360 2145 400 2176 ἃν
431 2145 624 2185 κομισαῖμην
657 2145 808 2176 Reiske:
846 2146 1099 2185 ἆνακομισαίμην
1132 2146 1229 2176 codd.
1379 2156 1399 2184 4
1423 2148 1524 2185 αδοξα,
1548 2145 1598 2176 καὶ

274 2201 373 2228 απορα
392 2188 426 2223 S,
447 2188 555 2218 littera
574 2202 582 2219 ι
599 2193 675 2227 post
691 2202 793 2229 απορα
812 2199 907 2220 erasa
997 2192 1018 2219 6
1041 2189 1241 2229 ἀπολόμενον
1257 2188 1440 2219 Schaeser:
1464 2188 1600 2220 ἀπολού-

273 2245 369 2271 μενον
383 2232 479 2262 codd.
589 2241 624 2262 11
650 2234 692 2271 μὴ
710 2243 776 2262 orn.
793 2232 830 2263 S¹
902 2235 1089 2273 φιλονείκως
1106 2233 1201 2263 codd.
1317 2242 1355 2271 14
1379 2233 1417 2263 τὺ
1433 2232 1601 2274 περιφανὲς

275 2275 436 2313 Hermog.
463 2276 537 2313 256.
567 2286 586 2314 4
613 2275 752 2313 (Βεὼρ).
782 2275 940 2308 Aristeid.
975 2277 1008 2306 ix
1035 2279 1099 2314 360
1136 2275 1296 2316 ⁸WaltzN:
1328 2275 1470 2316 τᾶφανὲς
1501 2275 1597 2305 codd.

274 2327 376 2357 14—15
401 2320 419 2356 ἢ
447 2320 503 2350 τὸν
529 2319 654 2359 Ἀρειον
677 2319 782 2359 πάγον
809 2321 921 2358 codd„
952 2320 1126 2358 Hermog..
1158 2318 1346 2350 Aristeid.:
1377 2319 1445 2349 del.
1471 2318 1599 2348 Reiske

277 2364 315 2392 16
336 2362 452 2393 τούτου
467 2372 532 2392 om.
551 2361 714 2392 Aristeid.
791 2372 826 2399 17
852 2363 1045 2403 πρόσταγμα
1062 2364 1160 2394 codd.
1177 2375 1184 2393 :
1208 2363 1419 2405 πρόσφθεγμα
1434 2361 1595 2392 Aristeid.

271 2406 391 2437 τοιαῦτ’
410 2415 475 2435 om.
493 2404 655 2435 Aristeid.
677 2406 729 2445 ἐμὲ
748 2406 844 2437 αὐτὸν
858 2407 956 2438 εἰπεῖν
967 2406 1128 2438 Aristeid.
1328 2416 1369 2445 24
1391 2405 1599 2448 τετυχηκότα

270 2448 415 2479 Aldina:
438 2448 635 2489 τετυχηκότι
655 2449 677 2478 S
694 2449 718 2479 F
732 2448 762 2487 Q
896 2451 938 2480 28
961 2451 1001 2492 τῇ
1017 2451 1118 2492 εὐνοίᾳ
1135 2452 1168 2491 ’γ’
1187 2449 1282 2481 Blass

1627 841 1664 864 10

1625 1178 1662 1210 15

1625 1516 1664 1537 ΖΟ
