1763 2778
149 119 278 175 [1187]
699 117 752 173 [Δ
764 123 801 160 H
814 123 855 160 M
867 115 1222 172 οΣΘΕΝοΎΣ]
1525 89 1630 170 [mx

303 223 527 274 Εὐμηλίδου
581 219 842 271 καθειστήκει,
897 219 1090 271 ἑξήκοντα
1153 221 1195 260 δὲ
1245 218 1496 273 τριηράρχοις
1549 223 1630 261 τοῖς

303 289 651 331 συνεκπλεύσασιν
690 288 790 343 αὐτῷ
830 290 928 329 ἑπτὰ
969 291 1077 339 μνῶν
1119 286 1272 341 ἑκάστῳ
1309 287 1332 337 ἡ
1369 287 1472 338 ἄλλη
1515 286 1630 326 οὐσία

301 357 495 404 ὑπέκειτο,
522 357 566 398 ἃς
592 356 703 397 οὗτος
728 355 868 397 αὐτοὺς
892 358 1126 408 στρατηγῶν
1144 353 1347 406 ἠνάγκασε
1367 357 1448 396 τοῖς
1472 354 1630 395 ναύταις

243 445 282 470 12
303 424 457 478 τροφὴν
480 427 693 464 διαδοῦναι·
749 422 881 472 ἐπειδὴ
909 424 949 462 δὲ
975 422 1349 475 ἀποχειροτονηθεὶς
1375 422 1417 461 ἐν
1443 425 1496 476 τῷ
1521 421 1629 475 λόγῳ

304 491 522 544 ἀπήνεγκεν
561 491 602 531 ἐκ
638 494 716 531 τῶν
746 493 1036 542 στρατιωτικῶν
1067 488 1280 542 χρημάτων
1317 487 1431 530 αὐτὸς
1454 488 1632 530 δεδωκὼς
1651 507 1668 538 5

304 560 358 601 εἷς
394 558 463 600 τὰς
500 561 591 599 ναῦς
627 556 696 599 τὰς
734 556 833 597 ἑπτὰ
867 559 967 608 μνᾶς
1001 556 1144 597 ταύτας
1169 556 1273 602 τότε,
1300 555 1554 609 φοβούμενος
1578 554 1630 606 μὴ

306 623 710 678 καταμαρτυρήσωσιν
751 625 870 664 αὑτοῦ
910 625 948 664 οἱ
995 622 1222 676 τριήραρχοι
1262 622 1322 663 καὶ
1369 621 1632 675 ἐξελέγχηται

152 690 282 745 [1188]
303 693 560 746 ψευδόμενος,
587 692 783 743 δάνεισμα
805 694 975 732 ποιεῖται
1001 691 1079 745 ἰδίᾳ
1102 689 1191 742 παρ’
1222 689 1392 731 ἑκάστου
1414 689 1543 730 αὐτῶν
1561 688 1631 731 τὰς

304 759 403 801 ἑπτὰ
425 762 525 811 μνᾶς
550 760 612 800 καὶ
636 760 872 809 ὑποτίθησιν
896 758 1028 800 αὐτοῖς
1052 757 1124 808 τὴν
1149 756 1302 804 οὐσίαν,
1328 757 1374 799 δις
1397 759 1468 798 νῦν
1493 756 1632 798 αὐτοὺς

243 842 283 875 13
305 828 520 880 ἀποστερεῖ
550 827 613 867 καὶ
637 826 727 868 τοὺς
759 827 872 879 ὅρους
902 822 1154 875 ἀνέσπακεν),
1190 824 1441 877 πανταχόθεν
1465 826 1507 865 δὲ
1532 824 1628 864 ἀπο-
1654 841 1693 864 10

303 895 506 948 ρούμενος,
544 894 608 934 καὶ
640 895 683 934 ἐν
715 894 839 946 ἀγῶνι
862 896 914 948 τῷ
947 893 1123 947 μεγίστῳ
1160 891 1412 942 καθεστηκὼς
1441 891 1528 944 περὶ
1564 893 1633 930 τοῦ

305 962 486 1012 σώματος
513 960 576 1002 διὰ
598 960 644 1001 τὸ
671 959 973 1012 συμβεβηκέναι
997 965 1045 1016 τῇ
1077 959 1192 1000 πόλει
1224 962 1383 999 τοιαῦτα
1408 957 1630 1011 πράγματα,

305 1029 474 1080 ἄμισθον
509 1030 580 1080 μὲν
616 1027 663 1068 τὸ
704 1027 930 1081 στράτευμα
977 1026 1272 1067 καταλελύσθαι
1308 1027 1350 1066 ἐν
1393 1026 1631 1079 Καλαυρείᾳ,

306 1098 606 1149 πολιορκεῖσθαι
642 1097 684 1136 δὲ
719 1095 810 1137 τοὺς
836 1095 924 1147 περὶ
960 1094 1279 1144 Πελοπόννησον
1300 1092 1533 1146 συμμάχους
1556 1094 1632 1133 ὑπὸ

305 1163 638 1215 Λακεδαιμονίων,
677 1162 1000 1215 κατηγορούντων
1036 1163 1078 1202 δὲ
1110 1164 1250 1202 τοῦτον
1282 1161 1408 1201 αἴτιον
1439 1160 1538 1201 εἶναι
1566 1161 1634 1210 τῆς
1658 1178 1693 1209 15

306 1226 510 1284 παρούσης
545 1231 710 1285 ἀτυχίας
751 1228 1002 1283 Ἰφικράτους
1038 1228 1101 1269 καὶ
1138 1226 1459 1281 Καλλιστράτου,
1498 1228 1556 1268 ἔτι
1593 1228 1633 1267 δὲ

306 1302 383 1339 τῶν
408 1297 709 1351 ἀφικνουμένων
733 1297 810 1338 ἀπὸ
837 1296 1130 1349 στρατεύματος
1148 1295 1490 1348 ἀπαγγελλόντων
1515 1295 1556 1335 εἰ·
1580 1297 1633 1349 τῷ

306 1365 412 1421 δήμῳ
454 1365 528 1417 τὴν
564 1369 767 1418 παροῦσαν
811 1364 963 1405 ἔνδειαν
1003 1363 1066 1404 καὶ
1107 1363 1287 1415 ἀπορίαν,
1325 1364 1373 1403 τὰ
1410 1365 1451 1404 δὲ
1489 1361 1550 1403 καὶ
1585 1360 1634 1402 δι’

306 1435 533 1474 ἐπιστολῶν
569 1432 741 1474 ἑκάστου
775 1430 1072 1483 πυνθανομένου
1109 1432 1216 1484 παρὰ
1255 1434 1334 1471 τῶν
1375 1430 1528 1470 οἰκείων
1572 1428 1635 1469 καὶ

307 1501 537 1551 ἐπιτηδείων
572 1500 623 1543 ὡς
659 1500 848 1541 διέκειντο
884 1498 953 1551 (ῶν
989 1499 1196 1540 ἀκούοντες
1231 1498 1340 1548 ὑμεῖς
1375 1498 1419 1538 ἐν
1445 1497 1498 1552 τῷ
1527 1495 1634 1552 δήμῳ
1657 1515 1696 1537 20

307 1568 398 1610 τότε
431 1566 712 1618 ἀναμνήσθητε
751 1571 835 1610 πῶς
875 1567 1043 1609 ἕκαστος
1085 1566 1173 1618 περὶ
1210 1565 1330 1605 αὐτοῦ
1364 1563 1437 1615 τὴν
1476 1564 1636 1617 γνώμην

245 1652 287 1686 14
308 1635 430 1689 εἶχεν·
465 1635 510 1676 οὗ
537 1637 612 1689 γὰρ
638 1636 816 1687 ἀγνοεῖτε
841 1633 889 1674 τὰ
918 1630 1142 1686 λεγόμενα),
1175 1632 1339 1684 μέλλων
1360 1632 1491 1673 τοίνυν
1517 1647 1632 1671 κατα-

308 1706 424 1743 πλεῖν
471 1701 539 1744 ἐπὶ
581 1702 653 1753 τὴν
695 1703 838 1754 κρίσιν,
890 1703 932 1742 ἐν
980 1700 1206 1754 Καλαυρείᾳ
1252 1700 1468 1750 δανείζεται
1503 1699 1636 1752 χιλίας

307 1770 486 1823 δραχμὰς
527 1770 632 1821 παρὰ
673 1767 937 1822 Ἀντιφάνους
977 1771 1047 1808 τοῦ
1084 1766 1342 1819 Λαμπτρέως,
1381 1765 1424 1809 ὃς
1471 1764 1636 1806 ἐπέπλει

307 1837 448 1887 ταμίας
481 1837 669 1891 Φιλίππῳ
703 1840 756 1891 τῷ
786 1833 1005 1890 ναυκλήρῳ,
1037 1835 1102 1875 ἵνα
1133 1835 1280 1884 διαδοίη
1315 1836 1396 1875 τοῖς
1434 1834 1637 1874 Βοιωτίοις
1659 1852 1696 1883 25

308 1903 572 1958 τριηράρχοις,
599 1904 661 1944 καὶ
685 1902 966 1955 παραμένωσιν
993 1903 1066 1945 ἕως
1089 1901 1139 1943 ἂν
1157 1900 1294 1956 αὐτῷἡ
1317 1902 1444 1953 κρίσις
1459 1900 1634 1953 γένηται,

310 1970 372 2011 καὶ
406 1971 459 2022 μὴ
489 1972 784 2011 καταλυθεισῶν
821 1970 1010 2022 πρότερον
1046 1972 1124 2010 τῶν
1160 1969 1358 2009 Βοιωτίων
1381 1966 1549 2020 τριήρων
1576 1966 1637 2007 καὶ

309 2039 603 2078 διαπελθόντων
649 2041 726 2078 τῶν
776 2041 1028 2089 στρατιωτῶν
1075 2039 1233 2088 μᾶλλον
1281 2035 1382 2090 αὐτῷ
1426 2034 1637 2087 ὀργίζησθε

248 2120 286 2157 15
308 2105 429 2156 ὑμεῖς.
499 2105 539 2146 οἱ
569 2107 642 2157 μὲν
678 2106 752 2157 γὰρ
788 2108 950 2146 πολῖται
983 2103 1190 2158 ἠνείχοντο
1228 2104 1539 2143 κακοπαθοῦντες
1575 2100 1637 2142 καὶ

352 2224 373 2253 3
397 2215 507 2246 αὐτοὺς
519 2226 588 2256 στρ.
604 2213 628 2244 S
645 2225 652 2244 :
678 2227 748 2254 στρ.
767 2215 879 2247 αὐτοὺς
894 2213 940 2243 ΛῙ
959 2214 1100 2254 (transp.
1120 2212 1151 2244 A
1168 2211 1270 2253 corr.)
1289 2222 1297 2243 τ
1321 2212 1415 2244 αὐτὸς
1432 2224 1504 2253 στρ.
1520 2209 1547 2240 F
1561 2208 1592 2248 Q
1606 2209 1637 2240 D

311 2270 329 2296 4
352 2261 398 2298 τῷ
414 2258 579 2288 Schaeser
593 2268 600 2288 ι
619 2256 641 2298 ᾧ
659 2258 755 2288 codd.
848 2266 911 2296 4-5
929 2257 1018 2298 λόγῳ
1035 2258 1216 2297 ἀπήνεγκεν
1233 2255 1256 2286 S
1269 2256 1358 2295 vulg.
1373 2266 1381 2286 :
1399 2256 1451 2287 ἀπ.
1465 2254 1554 2295 λόγῳ
1569 2255 1636 2285 ἐλο-

309 2302 426 2342 γίσατο
445 2301 477 2330 Α
566 2301 586 2331 8
608 2302 666 2333 τὰς
682 2311 746 2331 om.
762 2300 793 2330 Α
929 2311 966 2339 13
993 2301 1164 2342 Καλευρείᾳ
1183 2300 1206 2330 S
1224 2310 1231 2330 Ζ
1257 2300 1417 2341 Καλαυρίᾳ
1430 2297 1532 2337 vulg„
1547 2306 1633 2328 corr.

313 2344 463 2375 Dindors
475 2344 528 2375 hic
546 2348 581 2375 et
597 2344 682 2374 infra
813 2354 854 2374 22
878 2344 1052 2385 λεγόμενα]
1071 2343 1226 2385 ’γενόμενα
1244 2342 1357 2373 Naber
1488 2352 1530 2380 24
1553 2346 1637 2381 Λαμ-

310 2388 410 2430 πρέως
434 2388 542 2425 codd.‚
568 2398 654 2419 corr.
681 2388 778 2419 Turr.
937 2389 980 2418 26
1003 2387 1222 2429 παραμένωσιν
1247 2385 1399 2416 Reiske:
1432 2384 1638 2427 περιμένωσιν

312 2432 407 2463 codd.
522 2431 564 2461 28
588 2431 741 2473 πρότερον
759 2435 837 2471 post
853 2431 1091 2464 διαπελθόντων
1106 2431 1208 2470 vulgo
1226 2431 1380 2461 iteratum
1398 2429 1496 2459 omisi
1511 2438 1586 2459 cum
1606 2427 1638 2458 D
