1763 2778
89 150 230 205 [1330]

649 150 1167 206 [ΔΗΜΟΣΘΕΝΟΎΣ]
1473 150 1576 205 [ινα]

248 253 344 304 νήθη
370 258 447 294 τῶν
468 255 786 308 ἐπιχειροτονιῶν
804 255 950 301 οὐσῶν,
969 255 1078 295 ἀλλὰ
1102 254 1165 295 καὶ
1184 254 1255 304 τὴν
1272 254 1399 307 ἀρχὴν
1415 254 1575 295 ἅπασαν

248 322 455 371 ἐποίησεν;
495 323 557 362 καὶ
587 323 619 361 εἰ
652 321 704 372 μὴ
738 320 933 372 δεομένων
967 321 1093 361 αὐτῶν
1126 322 1188 361 καὶ
1222 322 1484 368 ἱκετευόντων,
1512 322 1574 362 καὶ

246 388 448 439 λεγόντων
472 388 524 430 ὡς
560 388 686 428 οὐκέτι
720 389 931 440 πρόσεισιν
962 389 1179 441 Θεοκρίνης
1207 388 1304 440 πρὸς
1336 388 1408 438 τὴν
1432 387 1572 441 ἀρχήν,

248 455 450 505 ἐπείσθηθ’
475 456 584 505 ὑμεῖς
616 455 679 496 καὶ
710 454 832 496 πάλιν
857 455 1024 496 ἀπέδοτε
1049 455 1140 497 τοὺς
1173 454 1396 506 στεφάνους
1430 455 1572 501 αὐτοῖς,

183 533 227 568 28
247 521 405 562 πάντων
430 522 478 562 ἂν
496 524 690 575 αἴσχιστα
715 524 749 562 οἱ
775 521 1042 574 συνάρχοντες
1065 523 1358 569 ἐπεπόνθεσαν;
1396 522 1460 563 καὶ
1483 522 1571 562 τού-
1595 537 1612 569 5

96 928 224 983 [1331]

181 1070 227 1105 29

181 1745 226 1779 30

246 605 325 628 των
348 588 460 629 οὐδέν
483 606 532 639 με
565 592 626 629 δεῖ
647 588 845 641 μάρτυρας
875 589 968 639 ὑμῖν
990 588 1286 642 παρασχέσθαι·
1325 589 1467 630 πάντες
1500 591 1576 641 γὰρ

247 656 335 696 ἴστε
357 656 447 698 τοὺς
471 656 534 696 ἐπὶ
561 657 756 696 Λυκίσκου
781 655 976 708 ἄρχοντος
999 655 1240 706 θεσμοθέτας
1266 656 1573 709 ἀποχειροτονη-

247 721 385 763 θέντας
411 723 452 762 ἐν
471 726 524 776 τῷ
548 722 654 777 δήμῳ
680 725 742 762 διὰ
767 726 917 763 τοῦτον.
963 723 1019 763 ὧν
1039 722 1454 779 ἀναμιμνῃσκομένους
1477 724 1576 774 ὑμᾶς

246 788 323 841 χρὴ
355 788 424 829 τὸν
447 789 565 829 αὐτὸν
589 789 891 841 ὑπολαμβάνειν
916 788 1016 830 εἶναι
1043 794 1180 830 τοῦτον
1207 789 1270 830 καὶ
1297 790 1488 842 πρότερον
1513 789 1576 830 καὶ

246 859 326 896 νῦν.
378 855 423 897 οὐ
454 860 592 911 πολλῷ
625 857 757 898 τοίνυν
780 857 911 911 χρόνῳ
936 858 1107 909 ὕστερον
1134 859 1204 907 τῆς
1238 857 1573 909 ἀποχειροτονίας,

245 921 556 973 τελευτήσαντος
592 924 695 979 αὐτῷ
730 927 798 964 τοῦ
833 925 1011 976 ἀδελφοῦ
1046 925 1167 979 βιαίῳ
1202 923 1370 978 θανάτῳ,
1402 927 1576 965 τοιοῦτος

246 989 404 1042 ἐγένετο
430 990 517 1042 περὶ
543 990 658 1031 αὐτὸν
684 990 809 1037 οὗτος,
831 991 933 1032 ὥστε
961 990 1132 1042 ζητήσας
1156 990 1245 1032 τοὺς
1270 990 1492 1043 δράσαντας
1513 991 1575 1031 καὶ

246 1057 465 1108 πυθόμενος
487 1058 628 1099 οἵτινες
647 1056 763 1108 ἦσαν,
785 1058 970 1110 ἀργύριον
988 1060 1131 1109 λαβὼν
1152 1057 1381 1110 ἀπηλλάγη.
1425 1058 1486 1098 καὶ
1503 1057 1576 1108 τὴν

245 1127 317 1175 μὲν
337 1124 464 1178 ἀρχὴν
482 1123 531 1175 ἢν
551 1126 698 1167 ἐκεῖνος
716 1125 850 1178 ἄρχων
870 1125 1143 1175 ἐτελεύτησεν,
1164 1124 1359 1178 ἱεροποιὸς
1383 1125 1449 1171 ὤν,
1471 1126 1576 1177 παρὰ

246 1191 336 1233 τοὺς
359 1192 504 1242 νόμους
528 1190 652 1245 ἦρχεν
678 1191 802 1238 οὗτος,
829 1192 918 1233 οὔτε
945 1193 1083 1245 λαχὼν
1109 1191 1189 1232 οὔτ’
1213 1192 1431 1245 ἐπιλαχών·
1479 1193 1576 1244 ὑπὲρ
1619 1212 1633 1241 g

246 1259 301 1299 ὧν
324 1257 357 1298 δ’
381 1259 528 1300 ἔπαθεν
557 1260 718 1306 ἐκεῖνος,
748 1258 867 1313 μέχρι
893 1259 1032 1300 τούτου
1061 1258 1308 1313 σχετλιάζων
1332 1257 1481 1316 περιῄει
1512 1260 1575 1300 καὶ

247 1325 415 1377 φάσκων
445 1327 500 1368 εἷς
519 1325 678 1378 Ἀρειον
707 1326 837 1379 πάγον
868 1326 1112 1380 Δημοχάρην
1140 1329 1471 1379 προσκαλεῖσθαι,
1501 1326 1575 1368 ἕως

247 1392 458 1433 διελύσατο
490 1393 587 1446 πρὸς
619 1392 709 1435 τοὺς
740 1393 811 1444 τὴν
838 1395 966 1434 αἰτίαν
992 1394 1171 1447 ἔχοντας.
1216 1394 1394 1447 χρηστός
1427 1393 1463 1446 γ’
1490 1393 1576 1433 ἐστὶ

247 1459 310 1499 καὶ
335 1459 477 1501 πιστὸς
503 1460 566 1500 καὶ
591 1462 776 1512 κρείττων
800 1460 1026 1513 χρημάτων.
1075 1460 1156 1501 οὐδ’
1180 1460 1230 1501 ἂν
1254 1460 1370 1503 αὐτὸς
1393 1459 1575 1513 φήσειεν.

245 1526 290 1566 οὗ
315 1528 391 1579 γὰρ
415 1527 617 1568 τοσούτων
637 1529 796 1568 δεῖσθαί
819 1534 923 1580 φασι
948 1531 1030 1569 δεῖν
1047 1527 1116 1568 τὸν
1141 1529 1298 1570 δικαίως
1323 1527 1385 1567 καὶ
1410 1528 1577 1580 μετρίως

244 1597 323 1634 τῶν
362 1598 501 1635 κοινῶν
542 1595 899 1646 ἐπιμελησόμενον,
942 1595 1050 1635 ἀλλὰ
1088 1595 1247 1636 πάντων
1287 1596 1435 1635 τούτων
1477 1593 1578 1635 εῖναι

247 1661 405 1712 κρείττω
443 1661 491 1701 δι’
523 1662 575 1701 ὧν
613 1663 903 1702 ἀναλίσκουσιν
940 1663 994 1704 εἷς
1032 1662 1190 1703 ἑαυτοὺς
1222 1662 1247 1702 δι
1277 1661 1571 1712 λαμβάνουσιν.

246 1728 309 1768 καὶ
346 1730 395 1768 τὰ
430 1730 502 1779 μὲν
539 1728 634 1781 πρὸς
668 1728 738 1769 τὸν
775 1728 952 1781 ἀδελφὸν
989 1730 1089 1783 αὐτῷ
1126 1728 1381 1781 πεπραγμένα
1416 1727 1576 1768 τοιαῦτά

246 1796 371 1835 ἐστιν·
399 1795 424 1835 ἃ
453 1797 495 1836 δὲ
525 1795 622 1847 πρὸς
651 1795 723 1846 τὴν
745 1796 865 1836 πόλιν
890 1797 1124 1848 προσελθὼν
1148 1794 1329 1851 διῴκηται
1360 1794 1576 1847 (δευτέρους

244 1863 320 1914 γὰρ
345 1863 443 1913 ὑμᾶς
478 1861 601 1914 φήσει
634 1866 769 1914 φιλεῖν
800 1865 899 1913 μετὰ
929 1862 1018 1905 τοὺς
1050 1861 1230 1913 οἰκείους)
1260 1861 1370 1913 ἄξιον
1392 1863 1572 1903 ἀκοῦσαι.

246 1927 411 1980 ἄρξομαι
436 1928 468 1968 δ’
488 1929 564 1969 ἀπὸ
587 1933 665 1969 τῶν
684 1929 780 1981 πρὸς
803 1929 904 1980 ἡμᾶς
930 1929 1031 1984 αὐτῷ
1058 1929 1358 1981 πεπραγμένων.
1405 1932 1474 1968 τοῦ
1497 1930 1574 1982 γὰρ

245 1998 392 2046 πατρὸς
425 1999 664 2048 κατηγορῶν,
699 1994 728 2036 ὦ
764 1995 899 2048 ἄνδρες
931 1997 1126 2042 δικασταί,
1160 1997 1224 2037 ὅτε
1251 1995 1322 2046 τὴν
1350 1999 1426 2036 τῶν
1451 2012 1574 2047 παρα-

246 2062 376 2112 νόμων
402 2062 519 2102 αὐτὸν
545 2064 680 2104 ἐδίωκε
703 2062 876 2116 γραφήν,
903 2064 1043 2116 ἔλεγεν
1067 2063 1118 2106 ὡς
1143 2062 1530 2114 ἐπιβεβουλευμένος
1555 2064 1575 2102 ὁ

247 2132 336 2170 παῖς
370 2130 426 2179 εἴη
460 2129 547 2182 περὶ
579 2129 623 2169 οὗ
654 2129 700 2170 τὸ
730 2129 928 2182 ψήφισμα
964 2129 1238 2183 γεγραμμένον
1270 2128 1329 2180 ἣν,
1364 2131 1407 2170 ἐν
1441 2127 1471 2169 ὧ
1504 2129 1575 2180 τὴν

1451 2171 1460 2185 ί

293 2248 307 2268 1
335 2239 437 2270 οὐσῶν
453 2248 517 2269 om.
538 2238 561 2268 S
576 2238 602 2269 F
615 2238 645 2276 Q
733 2249 753 2278 3
777 2237 964 2280 πρόσεισιΑ
978 2238 1020 2268 Dl
1039 2250 1046 2270 ι
1069 2239 1243 2281 πρόεισιζν)
1256 2243 1333 2270 cett.
1425 2249 1445 2276 4
1470 2239 1574 2270 αὐτοῖς

246 2285 322 2320 post
337 2281 434 2313 πάλιν
450 2282 544 2321 ponit
560 2281 592 2311 A
679 2283 700 2312 6
717 2285 765 2314 δεῖ
778 2296 815 2320 με
832 2281 864 2311 Α
952 2283 972 2312 8
997 2295 1293 2322 αναμνησκομενους
1311 2281 1335 2313 S
1423 2292 1445 2321 9
1459 2284 1575 2314 τοῦτον

245 2324 323 2356 εῖναι
352 2324 384 2355 Α
541 2335 579 2355 12
604 2324 745 2365 ζητήσας
775 2325 896 2356 Turr.:
928 2324 1064 2364 ζητῆσαι
1098 2326 1121 2356 S
1138 2325 1276 2364 FQD:
1313 2324 1514 2364 ἀναζητήσας
1543 2324 1575 2354 Α

249 2377 286 2407 15
303 2367 404 2409 ἦρχεν
414 2378 480 2400 om.
496 2367 520 2399 S
629 2370 667 2398 16
684 2371 802 2401 ἐκεῖνος
813 2367 905 2401 οὗτος
921 2368 952 2397 Α
1059 2379 1095 2408 17
1113 2382 1202 2410 προκ.
1223 2368 1246 2399 S
1260 2368 1285 2398 F
1301 2368 1330 2406 Q
1344 2369 1373 2398 D
1481 2369 1519 2398 18
1541 2367 1574 2409 ’γ’

246 2422 311 2442 om.
329 2411 361 2441 A
474 2421 579 2451 19-22
602 2411 666 2444 οὐδ’
685 2435 691 2442 .
707 2412 969 2452 ..λαμβάνουσιν
994 2411 1057 2443 del.
1078 2412 1254 2442 Thalheim
1367 2421 1474 2442 ’.η-22
1495 2411 1574 2443 εἶναι

246 2457 379 2495 κρείττω
397 2455 519 2487 τούτων
537 2454 569 2484 Α
674 2465 715 2493 25
739 2462 820 2495 φησι
836 2455 867 2484 Α
978 2465 1018 2494 27
1042 2458 1106 2487 τῶν
1123 2466 1187 2487 om.
1208 2456 1231 2486 S
1246 2455 1274 2485 D
1385 2457 1426 2485 28
1449 2456 1575 2496 ’γραφὴν

247 2500 374 2530 ἐδίωκεν
390 2499 486 2530 αὐτόν
502 2498 534 2528 Α
624 2498 933 2538 ἐπιβεβουλευμένος
949 2497 980 2528 Α
996 2510 1001 2529 :
1028 2499 1312 2539 ἐπιβουλευόμενος
1328 2498 1353 2529 S
1369 2498 1394 2529 F
1405 2498 1435 2537 Q
1448 2498 1479 2528 D

1600 875 1637 896 10

1598 1546 1638 1568 20

1599 1882 1637 1913 25
