<?xml version="1.0" encoding="UTF-8"?>
<!DOCTYPE html PUBLIC "-//W3C//DTD XHTML 1.0 Transitional//EN"
    "http://www.w3.org/TR/xhtml1/DTD/xhtml1-transitional.dtd">
<html xmlns="http://www.w3.org/1999/xhtml" xml:lang="en" lang="en">
 <head>
  <title>
</title>
<meta http-equiv="Content-Type" content="text/html;charset=utf-8" />
  <meta name='ocr-system' content='tesseract 3.04.00' />
  <meta name='ocr-capabilities' content='ocr_page ocr_carea ocr_par ocr_line ocrx_word'/>
</head>
<body>
  <div class='ocr_page' id='page_1' title='image "./orationesrecog03demouoft_0428.png"; bbox 0 0 1746 2774; ppageno 0'>
   <div class='ocr_carea' id='block_1_1' title="bbox 100 92 242 151">
    <p class='ocr_par' dir='ltr' id='par_1_1' title="bbox 100 92 242 151">
     <span class='ocr_line' id='line_1_1' title="bbox 100 92 242 151; baseline 0.035 -7"><span class='ocrx_word' id='word_1_1' title='bbox 100 92 242 151; x_wconf 83' lang='lat'>[1464]</span> 
     </span>
    </p>
   </div>
   <div class='ocr_carea' id='block_1_2' title="bbox 688 96 1176 135">
    <p class='ocr_par' dir='ltr' id='par_1_2' title="bbox 688 96 1176 135">
     <span class='ocr_line' id='line_1_2' title="bbox 688 96 1176 135; baseline -0.002 0"><span class='ocrx_word' id='word_1_2' title='bbox 688 96 1176 135; x_wconf 74' lang='grc' dir='ltr'>ΔΙἸΜΟΣΘΕΝΟΎΣ</span> 
     </span>
    </p>
   </div>
   <div class='ocr_carea' id='block_1_3' title="bbox 267 195 1590 345">
    <p class='ocr_par' dir='ltr' id='par_1_3' title="bbox 267 195 1590 345">
     <span class='ocr_line' id='line_1_3' title="bbox 267 195 1590 248; baseline 0 -12"><span class='ocrx_word' id='word_1_3' title='bbox 267 198 308 237; x_wconf 81' lang='grc' dir='ltr'>δὲ</span> <span class='ocrx_word' id='word_1_4' title='bbox 341 199 410 236; x_wconf 81' lang='grc' dir='ltr'>τοῦ</span> <span class='ocrx_word' id='word_1_5' title='bbox 434 195 544 238; x_wconf 84' lang='grc' dir='ltr'>δέους</span> <span class='ocrx_word' id='word_1_6' title='bbox 573 195 712 236; x_wconf 82' lang='grc' dir='ltr'>τούτου</span> <span class='ocrx_word' id='word_1_7' title='bbox 743 196 886 238; x_wconf 84' lang='grc' dir='ltr'>πάντες</span> <span class='ocrx_word' id='word_1_8' title='bbox 919 195 1129 248; x_wconf 84' lang='grc' dir='ltr'>ἠπιώτεροι</span> <span class='ocrx_word' id='word_1_9' title='bbox 1154 195 1406 248; x_wconf 89' lang='grc' dir='ltr'>γενήσονται.</span> <span class='ocrx_word' id='word_1_10' title='bbox 1476 199 1590 237; x_wconf 86' lang='grc' dir='ltr'>τοῦτο</span> 
     </span>
     <span class='ocr_line' id='line_1_4' title="bbox 267 263 1590 317; baseline 0 -14"><span class='ocrx_word' id='word_1_11' title='bbox 267 263 299 304; x_wconf 86' lang='grc' dir='ltr'>δ’</span> <span class='ocrx_word' id='word_1_12' title='bbox 326 263 370 303; x_wconf 84' lang='grc' dir='ltr'>οὐ</span> <span class='ocrx_word' id='word_1_13' title='bbox 393 265 536 315; x_wconf 77' lang='grc' dir='ltr'>μικρὰν</span> <span class='ocrx_word' id='word_1_14' title='bbox 561 263 761 316; x_wconf 87' lang='grc' dir='ltr'>ὠφέλειαν</span> <span class='ocrx_word' id='word_1_15' title='bbox 787 264 884 317; x_wconf 81' lang='grc' dir='ltr'>ἔχει.</span> <span class='ocrx_word' id='word_1_16' title='bbox 933 265 1030 303; x_wconf 80' lang='grc' dir='ltr'>κατὰ</span> <span class='ocrx_word' id='word_1_17' title='bbox 1054 266 1127 315; x_wconf 81' lang='grc' dir='ltr'>μὲν</span> <span class='ocrx_word' id='word_1_18' title='bbox 1147 263 1191 314; x_wconf 79' lang='grc' dir='ltr'>δὴ</span> <span class='ocrx_word' id='word_1_19' title='bbox 1217 265 1354 305; x_wconf 85' lang='grc' dir='ltr'>πόλεις</span> <span class='ocrx_word' id='word_1_20' title='bbox 1379 265 1427 304; x_wconf 83' lang='grc' dir='ltr'>τὰ</span> <span class='ocrx_word' id='word_1_21' title='bbox 1447 263 1590 304; x_wconf 83' lang='grc' dir='ltr'>τοιαῦτ’</span> 
     </span>
     <span class='ocr_line' id='line_1_5' title="bbox 946 329 1036 345; baseline 0.022 -2"><span class='ocrx_word' id='word_1_22' title='bbox 946 329 993 344; x_wconf 50' lang='lat' dir='ltr'>&#39;N&#39;</span> <span class='ocrx_word' id='word_1_23' title='bbox 1027 332 1036 345; x_wconf 64' lang='grc'><strong>9</strong></span> 
     </span>
    </p>
   </div>
   <div class='ocr_carea' id='block_1_4' title="bbox 268 330 1591 451">
    <p class='ocr_par' dir='ltr' id='par_1_4' title="bbox 268 330 1591 451">
     <span class='ocr_line' id='line_1_6' title="bbox 268 330 1591 385; baseline 0 -14"><span class='ocrx_word' id='word_1_24' title='bbox 268 330 402 381; x_wconf 76' lang='grc' dir='ltr'>εὔηθες</span> <span class='ocrx_word' id='word_1_25' title='bbox 426 330 648 383; x_wconf 85' lang='grc' dir='ltr'>προλέγειν,</span> <span class='ocrx_word' id='word_1_26' title='bbox 675 334 831 382; x_wconf 75' lang='grc' dir='ltr'>μᾶλλον</span> <span class='ocrx_word' id='word_1_27' title='bbox 855 330 888 371; x_wconf 86' lang='grc' dir='ltr'>δ’</span> <span class='ocrx_word' id='word_1_28' title='bbox 914 345 980 370; x_wconf 83' lang='lat' dir='ltr'>ovo</span> <span class='ocrx_word' id='word_1_29' title='bbox 1020 348 1063 371; x_wconf 93' lang='grc' dir='ltr'>εν</span> <span class='ocrx_word' id='word_1_30' title='bbox 1087 333 1250 385; x_wconf 83' lang='grc' dir='ltr'>δυνατῷ·</span> <span class='ocrx_word' id='word_1_31' title='bbox 1288 330 1340 373; x_wconf 83' lang='grc' dir='ltr'>ὡς</span> <span class='ocrx_word' id='word_1_32' title='bbox 1371 330 1404 371; x_wconf 82' lang='grc' dir='ltr'>δ’</span> <span class='ocrx_word' id='word_1_33' title='bbox 1429 331 1477 371; x_wconf 79' lang='grc' dir='ltr'>ἂν</span> <span class='ocrx_word' id='word_1_34' title='bbox 1501 332 1591 382; x_wconf 84' lang='grc' dir='ltr'>ὑμῖν</span> 
     </span>
     <span class='ocr_line' id='line_1_7' title="bbox 268 397 1591 451; baseline -0.001 -13"><span class='ocrx_word' id='word_1_35' title='bbox 268 398 400 440; x_wconf 85' lang='grc' dir='ltr'>αὐτοῖς</span> <span class='ocrx_word' id='word_1_36' title='bbox 439 398 591 451; x_wconf 85' lang='grc' dir='ltr'>ὀφθῆτε</span> <span class='ocrx_word' id='word_1_37' title='bbox 631 398 840 451; x_wconf 82' lang='grc' dir='ltr'>χρώμενοι,</span> <span class='ocrx_word' id='word_1_38' title='bbox 885 398 1068 448; x_wconf 74' lang='grc' dir='ltr'>τοιαύτην</span> <span class='ocrx_word' id='word_1_39' title='bbox 1106 398 1168 438; x_wconf 85' lang='grc' dir='ltr'>καὶ</span> <span class='ocrx_word' id='word_1_40' title='bbox 1211 399 1308 438; x_wconf 73' lang='grc' dir='ltr'>κατὰ</span> <span class='ocrx_word' id='word_1_41' title='bbox 1343 401 1420 438; x_wconf 88' lang='grc' dir='ltr'>τῶν</span> <span class='ocrx_word' id='word_1_42' title='bbox 1456 397 1591 438; x_wconf 79' lang='grc' dir='ltr'>ἄλλων</span> 
     </span>
    </p>
   </div>
   <div class='ocr_carea' id='block_1_5' title="bbox 227 464 1629 518">
    <p class='ocr_par' dir='ltr' id='par_1_5' title="bbox 227 464 1629 518">
     <span class='ocr_line' id='line_1_8' title="bbox 227 464 1629 518; baseline -0.002 -11"><span class='ocrx_word' id='word_1_43' title='bbox 227 473 247 507; x_wconf 86' lang='grc'><strong>8</strong></span> <span class='ocrx_word' id='word_1_44' title='bbox 268 466 510 517; x_wconf 83' lang='grc' dir='ltr'>προσδοκίαν</span> <span class='ocrx_word' id='word_1_45' title='bbox 546 464 818 516; x_wconf 85' lang='grc' dir='ltr'>παραστήσεθ’</span> <span class='ocrx_word' id='word_1_46' title='bbox 851 464 1046 506; x_wconf 82' lang='grc' dir='ltr'>ἑκάστοις.</span> <span class='ocrx_word' id='word_1_47' title='bbox 1119 465 1220 518; x_wconf 84' lang='grc' dir='ltr'>φημὶ</span> <span class='ocrx_word' id='word_1_48' title='bbox 1245 465 1290 515; x_wconf 76' lang='grc' dir='ltr'>δὴ</span> <span class='ocrx_word' id='word_1_49' title='bbox 1318 467 1462 518; x_wconf 83' lang='grc' dir='ltr'>χρῆναι</span> <span class='ocrx_word' id='word_1_50' title='bbox 1493 464 1591 516; x_wconf 91' lang='grc' dir='ltr'>μήτε</span> <span class='ocrx_word' id='word_1_51' title='bbox 1613 484 1629 515; x_wconf 89' lang='lat'>5</span> 
     </span>
    </p>
   </div>
   <div class='ocr_carea' id='block_1_6' title="bbox 109 593 246 648">
    <p class='ocr_par' dir='ltr' id='par_1_6' title="bbox 109 593 246 648">
     <span class='ocr_line' id='line_1_9' title="bbox 109 593 246 648; baseline 0.007 -2"><span class='ocrx_word' id='word_1_52' title='bbox 109 593 246 648; x_wconf 62' lang='lat' dir='ltr'><strong>U4sss]</strong></span> 
     </span>
    </p>
   </div>
   <div class='ocr_carea' id='block_1_7' title="bbox 227 1147 248 1182">
    <p class='ocr_par' dir='ltr' id='par_1_7' title="bbox 227 1147 248 1182">
     <span class='ocr_line' id='line_1_10' title="bbox 227 1147 248 1182; baseline 0 0"><span class='ocrx_word' id='word_1_53' title='bbox 227 1147 248 1182; x_wconf 90' lang='lat'><strong>9</strong></span> 
     </span>
    </p>
   </div>
   <div class='ocr_carea' id='block_1_8' title="bbox 208 1614 250 1638">
    <p class='ocr_par' dir='ltr' id='par_1_8' title="bbox 208 1614 250 1638">
     <span class='ocr_line' id='line_1_11' title="bbox 208 1614 250 1638; baseline 0 0"><span class='ocrx_word' id='word_1_54' title='bbox 208 1614 250 1638; x_wconf 93' lang='lat'>10</span> 
     </span>
    </p>
   </div>
   <div class='ocr_carea' id='block_1_9' title="bbox 208 2079 245 2104">
    <p class='ocr_par' dir='ltr' id='par_1_9' title="bbox 208 2079 245 2104">
     <span class='ocr_line' id='line_1_12' title="bbox 208 2079 245 2104; baseline 0.027 -1"><span class='ocrx_word' id='word_1_55' title='bbox 208 2079 245 2104; x_wconf 89' lang='lat'>11</span> 
     </span>
    </p>
   </div>
   <div class='ocr_carea' id='block_1_10' title="bbox 266 531 1658 2312">
    <p class='ocr_par' dir='ltr' id='par_1_10' title="bbox 266 531 1658 2062">
     <span class='ocr_line' id='line_1_13' title="bbox 269 531 1592 588; baseline 0.001 -17"><span class='ocrx_word' id='word_1_56' title='bbox 269 535 476 586; x_wconf 78' lang='grc' dir='ltr'>στρατηγῷ</span> <span class='ocrx_word' id='word_1_57' title='bbox 510 531 607 582; x_wconf 90' lang='grc' dir='ltr'>μήτε</span> <span class='ocrx_word' id='word_1_58' title='bbox 636 531 772 584; x_wconf 80' lang='grc' dir='ltr'>ῥήτορι</span> <span class='ocrx_word' id='word_1_59' title='bbox 795 531 884 583; x_wconf 89' lang='grc' dir='ltr'>μήτ’</span> <span class='ocrx_word' id='word_1_60' title='bbox 919 532 1051 588; x_wconf 82' lang='grc' dir='ltr'>ἰδιώτῃ</span> <span class='ocrx_word' id='word_1_61' title='bbox 1084 532 1220 583; x_wconf 86' lang='grc' dir='ltr'>μηδενὶ</span> <span class='ocrx_word' id='word_1_62' title='bbox 1250 535 1327 572; x_wconf 90' lang='grc' dir='ltr'>τῶν</span> <span class='ocrx_word' id='word_1_63' title='bbox 1352 534 1400 572; x_wconf 77' lang='grc' dir='ltr'>τὰ</span> <span class='ocrx_word' id='word_1_64' title='bbox 1425 531 1499 584; x_wconf 84' lang='grc' dir='ltr'>πρὸ</span> <span class='ocrx_word' id='word_1_65' title='bbox 1523 535 1592 572; x_wconf 84' lang='grc' dir='ltr'>τοῦ</span> 
     </span>
     <span class='ocr_line' id='line_1_14' title="bbox 268 598 1589 651; baseline 0.001 -13"><span class='ocrx_word' id='word_1_66' title='bbox 268 615 313 651; x_wconf 90' lang='grc' dir='ltr'>γε</span> <span class='ocrx_word' id='word_1_67' title='bbox 352 599 573 639; x_wconf 86' lang='grc' dir='ltr'>δοκούντων</span> <span class='ocrx_word' id='word_1_68' title='bbox 609 600 905 651; x_wconf 84' lang='grc' dir='ltr'>συνηγωνίσθαι</span> <span class='ocrx_word' id='word_1_69' title='bbox 940 602 1021 641; x_wconf 86' lang='grc' dir='ltr'>τοῖς</span> <span class='ocrx_word' id='word_1_70' title='bbox 1059 600 1325 649; x_wconf 85' lang='grc' dir='ltr'>καθεστηκόσι</span> <span class='ocrx_word' id='word_1_71' title='bbox 1360 598 1457 650; x_wconf 89' lang='grc' dir='ltr'>μήτε</span> <span class='ocrx_word' id='word_1_72' title='bbox 1492 598 1589 650; x_wconf 86' lang='grc' dir='ltr'>μέμ-</span> 
     </span>
     <span class='ocr_line' id='line_1_15' title="bbox 267 664 1591 719; baseline 0.002 -15"><span class='ocrx_word' id='word_1_73' title='bbox 267 668 418 717; x_wconf 88' lang='grc' dir='ltr'>φεσθαι</span> <span class='ocrx_word' id='word_1_74' title='bbox 453 664 542 716; x_wconf 84' lang='grc' dir='ltr'>μήτ’</span> <span class='ocrx_word' id='word_1_75' title='bbox 581 667 762 716; x_wconf 78' lang='grc' dir='ltr'>ἐπιτιμᾶν</span> <span class='ocrx_word' id='word_1_76' title='bbox 797 666 945 716; x_wconf 86' lang='grc' dir='ltr'>μηδένα</span> <span class='ocrx_word' id='word_1_77' title='bbox 979 668 1101 717; x_wconf 83' lang='grc' dir='ltr'>μηδὲν</span> <span class='ocrx_word' id='word_1_78' title='bbox 1138 668 1252 712; x_wconf 85' lang='grc' dir='ltr'>ὅλως,</span> <span class='ocrx_word' id='word_1_79' title='bbox 1291 667 1397 706; x_wconf 71' lang='grc' dir='ltr'>ἀλλὰ</span> <span class='ocrx_word' id='word_1_80' title='bbox 1433 683 1591 719; x_wconf 84' lang='grc' dir='ltr'>συγχω-</span> 
     </span>
     <span class='ocr_line' id='line_1_16' title="bbox 266 732 1590 790; baseline 0.001 -18"><span class='ocrx_word' id='word_1_81' title='bbox 266 734 388 783; x_wconf 82' lang='grc' dir='ltr'>ρῆσαι</span> <span class='ocrx_word' id='word_1_82' title='bbox 422 735 546 773; x_wconf 81' lang='grc' dir='ltr'>πᾶσιν</span> <span class='ocrx_word' id='word_1_83' title='bbox 582 736 664 774; x_wconf 83' lang='grc' dir='ltr'>τοῖς</span> <span class='ocrx_word' id='word_1_84' title='bbox 701 734 743 773; x_wconf 91' lang='grc' dir='ltr'>ἐν</span> <span class='ocrx_word' id='word_1_85' title='bbox 778 739 825 790; x_wconf 78' lang='grc' dir='ltr'>τῇ</span> <span class='ocrx_word' id='word_1_86' title='bbox 862 733 976 773; x_wconf 83' lang='grc' dir='ltr'>πόλει</span> <span class='ocrx_word' id='word_1_87' title='bbox 1013 735 1325 774; x_wconf 75' lang='grc' dir='ltr'>πεπολιτεῦσθαι</span> <span class='ocrx_word' id='word_1_88' title='bbox 1363 732 1407 773; x_wconf 79' lang='grc' dir='ltr'>τὰ</span> <span class='ocrx_word' id='word_1_89' title='bbox 1441 733 1590 779; x_wconf 88' lang='grc' dir='ltr'>δέοντα,</span> 
     </span>
     <span class='ocr_line' id='line_1_17' title="bbox 267 798 1654 855; baseline 0.001 -17"><span class='ocrx_word' id='word_1_90' title='bbox 267 798 477 851; x_wconf 84' lang='grc' dir='ltr'>ἐπειδήπερ</span> <span class='ocrx_word' id='word_1_91' title='bbox 511 801 547 840; x_wconf 85' lang='grc' dir='ltr'>οἱ</span> <span class='ocrx_word' id='word_1_92' title='bbox 583 801 678 848; x_wconf 85' lang='grc' dir='ltr'>θεοί,</span> <span class='ocrx_word' id='word_1_93' title='bbox 710 804 839 842; x_wconf 89' lang='grc' dir='ltr'>καλῶς</span> <span class='ocrx_word' id='word_1_94' title='bbox 874 804 1088 846; x_wconf 77' lang='grc' dir='ltr'>ποιοῦντες,</span> <span class='ocrx_word' id='word_1_95' title='bbox 1128 798 1334 855; x_wconf 68' lang='grc' dir='ltr'>σῴσαντες</span> <span class='ocrx_word' id='word_1_96' title='bbox 1367 800 1440 850; x_wconf 78' lang='grc' dir='ltr'>τὴν</span> <span class='ocrx_word' id='word_1_97' title='bbox 1474 801 1592 841; x_wconf 89' lang='grc' dir='ltr'>πόλιν</span> <span class='ocrx_word' id='word_1_98' title='bbox 1616 819 1654 840; x_wconf 78' lang='grc' dir='ltr'>ιο</span> 
     </span>
     <span class='ocr_line' id='line_1_18' title="bbox 267 866 1590 921; baseline 0.001 -15"><span class='ocrx_word' id='word_1_99' title='bbox 267 866 567 907; x_wconf 82' lang='grc' dir='ltr'>ἀποδεδώκασιν</span> <span class='ocrx_word' id='word_1_100' title='bbox 595 867 686 917; x_wconf 80' lang='grc' dir='ltr'>ὑμῖν</span> <span class='ocrx_word' id='word_1_101' title='bbox 715 867 738 907; x_wconf 80' lang='grc' dir='ltr'>ὅ</span> <span class='ocrx_word' id='word_1_102' title='bbox 770 883 808 907; x_wconf 76' lang='grc' dir='ltr'>τι</span> <span class='ocrx_word' id='word_1_103' title='bbox 837 867 884 907; x_wconf 80' lang='grc' dir='ltr'>ἂν</span> <span class='ocrx_word' id='word_1_104' title='bbox 916 866 1115 918; x_wconf 84' lang='grc' dir='ltr'>βούλησθ’</span> <span class='ocrx_word' id='word_1_105' title='bbox 1142 866 1188 918; x_wconf 79' lang='grc' dir='ltr'>ἐξ</span> <span class='ocrx_word' id='word_1_106' title='bbox 1217 868 1342 921; x_wconf 81' lang='grc' dir='ltr'>ἀρχῆς</span> <span class='ocrx_word' id='word_1_107' title='bbox 1365 867 1590 919; x_wconf 85' lang='grc' dir='ltr'>βουλεύσα-</span> 
     </span>
     <span class='ocr_line' id='line_1_19' title="bbox 269 933 1594 989; baseline 0.001 -16"><span class='ocrx_word' id='word_1_108' title='bbox 269 936 374 979; x_wconf 90' lang='grc' dir='ltr'>σθαι,</span> <span class='ocrx_word' id='word_1_109' title='bbox 404 933 466 973; x_wconf 84' lang='grc' dir='ltr'>καὶ</span> <span class='ocrx_word' id='word_1_110' title='bbox 495 935 679 985; x_wconf 75' lang='grc' dir='ltr'>νομίζειν,</span> <span class='ocrx_word' id='word_1_111' title='bbox 709 934 844 987; x_wconf 84' lang='grc' dir='ltr'>ὥσπερ</span> <span class='ocrx_word' id='word_1_112' title='bbox 870 934 918 975; x_wconf 75' lang='grc' dir='ltr'>ἂν</span> <span class='ocrx_word' id='word_1_113' title='bbox 945 936 986 975; x_wconf 86' lang='grc' dir='ltr'>ἐν</span> <span class='ocrx_word' id='word_1_114' title='bbox 1013 935 1136 989; x_wconf 81' lang='grc' dir='ltr'>πλοίῳ</span> <span class='ocrx_word' id='word_1_115' title='bbox 1162 939 1240 976; x_wconf 92' lang='grc' dir='ltr'>τῶν</span> <span class='ocrx_word' id='word_1_116' title='bbox 1261 936 1336 987; x_wconf 81' lang='grc' dir='ltr'>μὲν</span> <span class='ocrx_word' id='word_1_117' title='bbox 1363 936 1489 989; x_wconf 81' lang='grc' dir='ltr'>ἱστίῳ,</span> <span class='ocrx_word' id='word_1_118' title='bbox 1516 938 1594 975; x_wconf 91' lang='grc' dir='ltr'>τῶν</span> 
     </span>
     <span class='ocr_line' id='line_1_20' title="bbox 269 1000 1593 1054; baseline 0.002 -14"><span class='ocrx_word' id='word_1_119' title='bbox 269 1002 309 1040; x_wconf 82' lang='grc' dir='ltr'>δὲ</span> <span class='ocrx_word' id='word_1_120' title='bbox 347 1000 494 1042; x_wconf 81' lang='grc' dir='ltr'>κώπαις</span> <span class='ocrx_word' id='word_1_121' title='bbox 531 1001 862 1053; x_wconf 78' lang='grc' dir='ltr'>ἀποφαινομένων</span> <span class='ocrx_word' id='word_1_122' title='bbox 905 1002 1143 1053; x_wconf 78' lang='grc' dir='ltr'>κομίζεσθαι,</span> <span class='ocrx_word' id='word_1_123' title='bbox 1187 1001 1381 1054; x_wconf 88' lang='grc' dir='ltr'>λέγεσθαι</span> <span class='ocrx_word' id='word_1_124' title='bbox 1416 1004 1489 1054; x_wconf 82' lang='grc' dir='ltr'>μὲν</span> <span class='ocrx_word' id='word_1_125' title='bbox 1529 1000 1593 1042; x_wconf 83' lang='grc' dir='ltr'>ὑπ’</span> 
     </span>
     <span class='ocr_line' id='line_1_21' title="bbox 269 1066 1594 1122; baseline 0.001 -15"><span class='ocrx_word' id='word_1_126' title='bbox 269 1066 504 1120; x_wconf 81' lang='grc' dir='ltr'>ἀμφοτέρων</span> <span class='ocrx_word' id='word_1_127' title='bbox 535 1067 676 1108; x_wconf 77' lang='grc' dir='ltr'>ἅπαντ’</span> <span class='ocrx_word' id='word_1_128' title='bbox 705 1068 770 1109; x_wconf 88' lang='grc' dir='ltr'>ἐπὶ</span> <span class='ocrx_word' id='word_1_129' title='bbox 803 1070 989 1121; x_wconf 78' lang='grc' dir='ltr'>σωτηρίᾳ,</span> <span class='ocrx_word' id='word_1_130' title='bbox 1020 1071 1262 1122; x_wconf 84' lang='grc' dir='ltr'>γεγενῆσθαι</span> <span class='ocrx_word' id='word_1_131' title='bbox 1295 1069 1432 1120; x_wconf 77' lang='grc' dir='ltr'>δὲτὴν</span> <span class='ocrx_word' id='word_1_132' title='bbox 1454 1070 1594 1122; x_wconf 82' lang='grc' dir='ltr'>χρείαν</span> 
     </span>
     <span class='ocr_line' id='line_1_22' title="bbox 268 1134 1654 1189; baseline -0.001 -14"><span class='ocrx_word' id='word_1_133' title='bbox 268 1134 365 1186; x_wconf 88' lang='grc' dir='ltr'>πρὸς</span> <span class='ocrx_word' id='word_1_134' title='bbox 396 1137 444 1174; x_wconf 82' lang='grc' dir='ltr'>τὰ</span> <span class='ocrx_word' id='word_1_135' title='bbox 478 1134 675 1186; x_wconf 83' lang='grc' dir='ltr'>συμβάντ’</span> <span class='ocrx_word' id='word_1_136' title='bbox 707 1136 784 1176; x_wconf 83' lang='grc' dir='ltr'>ἀπὸ</span> <span class='ocrx_word' id='word_1_137' title='bbox 808 1140 887 1177; x_wconf 90' lang='grc' dir='ltr'>τῶν</span> <span class='ocrx_word' id='word_1_138' title='bbox 916 1139 1027 1176; x_wconf 90' lang='grc' dir='ltr'>θεῶν.</span> <span class='ocrx_word' id='word_1_139' title='bbox 1099 1138 1168 1177; x_wconf 77' lang='grc' dir='ltr'>ἐὰν</span> <span class='ocrx_word' id='word_1_140' title='bbox 1192 1139 1330 1177; x_wconf 84' lang='grc' dir='ltr'>τοῦτον</span> <span class='ocrx_word' id='word_1_141' title='bbox 1355 1136 1423 1178; x_wconf 86' lang='grc' dir='ltr'>τὸν</span> <span class='ocrx_word' id='word_1_142' title='bbox 1445 1137 1594 1189; x_wconf 86' lang='grc' dir='ltr'>τρόπον</span> <span class='ocrx_word' id='word_1_143' title='bbox 1617 1152 1654 1185; x_wconf 86' lang='lat'>15</span> 
     </span>
     <span class='ocr_line' id='line_1_23' title="bbox 267 1201 1594 1255; baseline 0.001 -12"><span class='ocrx_word' id='word_1_144' title='bbox 267 1201 357 1254; x_wconf 85' lang='grc' dir='ltr'>περὶ</span> <span class='ocrx_word' id='word_1_145' title='bbox 385 1206 464 1243; x_wconf 87' lang='grc' dir='ltr'>τῶν</span> <span class='ocrx_word' id='word_1_146' title='bbox 494 1203 828 1255; x_wconf 83' lang='grc' dir='ltr'>παρεληλυθότων</span> <span class='ocrx_word' id='word_1_147' title='bbox 861 1204 1077 1255; x_wconf 82' lang='grc' dir='ltr'>ἐγνωκότες</span> <span class='ocrx_word' id='word_1_148' title='bbox 1110 1202 1190 1254; x_wconf 79' lang='grc' dir='ltr'>ἦτε,</span> <span class='ocrx_word' id='word_1_149' title='bbox 1227 1203 1290 1244; x_wconf 77' lang='grc' dir='ltr'>καὶ</span> <span class='ocrx_word' id='word_1_150' title='bbox 1325 1203 1460 1244; x_wconf 86' lang='grc' dir='ltr'>πιστοὶ</span> <span class='ocrx_word' id='word_1_151' title='bbox 1497 1206 1594 1244; x_wconf 81' lang='grc' dir='ltr'>πᾶσι</span> 
     </span>
     <span class='ocr_line' id='line_1_24' title="bbox 266 1268 1595 1323; baseline 0.002 -14"><span class='ocrx_word' id='word_1_152' title='bbox 266 1268 504 1321; x_wconf 80' lang='grc' dir='ltr'>γενήσεσθε,</span> <span class='ocrx_word' id='word_1_153' title='bbox 538 1269 602 1310; x_wconf 88' lang='grc' dir='ltr'>καὶ</span> <span class='ocrx_word' id='word_1_154' title='bbox 636 1274 767 1310; x_wconf 86' lang='grc' dir='ltr'>καλῶν</span> <span class='ocrx_word' id='word_1_155' title='bbox 798 1271 979 1322; x_wconf 81' lang='grc' dir='ltr'>κάγαθῶν</span> <span class='ocrx_word' id='word_1_156' title='bbox 1015 1271 1167 1323; x_wconf 82' lang='grc' dir='ltr'>ἀνδρῶν</span> <span class='ocrx_word' id='word_1_157' title='bbox 1197 1271 1293 1323; x_wconf 88' lang='grc' dir='ltr'>ἔργα</span> <span class='ocrx_word' id='word_1_158' title='bbox 1323 1269 1502 1323; x_wconf 79' lang='grc' dir='ltr'>πράξετε,</span> <span class='ocrx_word' id='word_1_159' title='bbox 1531 1271 1595 1312; x_wconf 86' lang='grc' dir='ltr'>καὶ</span> 
     </span>
     <span class='ocr_line' id='line_1_25' title="bbox 266 1335 1595 1389; baseline 0.002 -13"><span class='ocrx_word' id='word_1_160' title='bbox 266 1335 316 1376; x_wconf 83' lang='grc' dir='ltr'>τὰ</span> <span class='ocrx_word' id='word_1_161' title='bbox 348 1335 544 1389; x_wconf 84' lang='grc' dir='ltr'>πράγματ’</span> <span class='ocrx_word' id='word_1_162' title='bbox 574 1336 798 1389; x_wconf 84' lang='grc' dir='ltr'>ὠφελήσετ’</span> <span class='ocrx_word' id='word_1_163' title='bbox 832 1338 876 1378; x_wconf 80' lang='grc' dir='ltr'>οὐ</span> <span class='ocrx_word' id='word_1_164' title='bbox 904 1337 1033 1389; x_wconf 87' lang='grc' dir='ltr'>μικρά,</span> <span class='ocrx_word' id='word_1_165' title='bbox 1070 1339 1132 1379; x_wconf 88' lang='grc' dir='ltr'>καὶ</span> <span class='ocrx_word' id='word_1_166' title='bbox 1164 1338 1254 1379; x_wconf 82' lang='grc' dir='ltr'>τοὺς</span> <span class='ocrx_word' id='word_1_167' title='bbox 1291 1337 1595 1379; x_wconf 86' lang='grc' dir='ltr'>ἐναντιωθέντας</span> 
     </span>
     <span class='ocr_line' id='line_1_26' title="bbox 268 1401 1595 1462; baseline 0.001 -19"><span class='ocrx_word' id='word_1_168' title='bbox 268 1405 310 1443; x_wconf 90' lang='grc' dir='ltr'>ἐν</span> <span class='ocrx_word' id='word_1_169' title='bbox 342 1407 427 1445; x_wconf 84' lang='grc' dir='ltr'>ταῖς</span> <span class='ocrx_word' id='word_1_170' title='bbox 460 1404 632 1445; x_wconf 89' lang='grc' dir='ltr'>πόλεσιν</span> <span class='ocrx_word' id='word_1_171' title='bbox 664 1401 688 1454; x_wconf 83' lang='grc' dir='ltr'>ἢ</span> <span class='ocrx_word' id='word_1_172' title='bbox 720 1408 967 1457; x_wconf 88' lang='grc' dir='ltr'>μεταγνῶναι</span> <span class='ocrx_word' id='word_1_173' title='bbox 1004 1404 1193 1455; x_wconf 87' lang='grc' dir='ltr'>ποιήσετε</span> <span class='ocrx_word' id='word_1_174' title='bbox 1217 1404 1367 1447; x_wconf 86' lang='grc' dir='ltr'>πάντας</span> <span class='ocrx_word' id='word_1_175' title='bbox 1397 1401 1422 1455; x_wconf 85' lang='grc' dir='ltr'>ἢ</span> <span class='ocrx_word' id='word_1_176' title='bbox 1457 1406 1595 1462; x_wconf 83' lang='grc' dir='ltr'>κομιδῇ</span> 
     </span>
     <span class='ocr_line' id='line_1_27' title="bbox 268 1470 1658 1525; baseline 0.001 -16"><span class='ocrx_word' id='word_1_177' title='bbox 268 1470 427 1522; x_wconf 81' lang='grc' dir='ltr'>ὀλίγους</span> <span class='ocrx_word' id='word_1_178' title='bbox 459 1473 567 1513; x_wconf 73' lang='grc' dir='ltr'>τινας</span> <span class='ocrx_word' id='word_1_179' title='bbox 603 1470 741 1513; x_wconf 83' lang='grc' dir='ltr'>αὐτοὺς</span> <span class='ocrx_word' id='word_1_180' title='bbox 771 1471 860 1514; x_wconf 84' lang='grc' dir='ltr'>τοὺς</span> <span class='ocrx_word' id='word_1_181' title='bbox 894 1473 1040 1515; x_wconf 83' lang='grc' dir='ltr'>αἰτίους</span> <span class='ocrx_word' id='word_1_182' title='bbox 1073 1474 1399 1525; x_wconf 87' lang='grc' dir='ltr'>καταλειφθῆναι.</span> <span class='ocrx_word' id='word_1_183' title='bbox 1471 1488 1592 1524; x_wconf 90' lang='grc' dir='ltr'>μεγα-</span> <span class='ocrx_word' id='word_1_184' title='bbox 1617 1488 1658 1511; x_wconf 90' lang='lat'>20</span> 
     </span>
     <span class='ocr_line' id='line_1_28' title="bbox 267 1538 1596 1596; baseline 0.002 -20"><span class='ocrx_word' id='word_1_185' title='bbox 267 1538 462 1590; x_wconf 81' lang='grc' dir='ltr'>λοψύχως</span> <span class='ocrx_word' id='word_1_186' title='bbox 486 1539 619 1579; x_wconf 90' lang='grc' dir='ltr'>τοίνυν</span> <span class='ocrx_word' id='word_1_187' title='bbox 645 1538 706 1578; x_wconf 89' lang='grc' dir='ltr'>καὶ</span> <span class='ocrx_word' id='word_1_188' title='bbox 733 1543 944 1581; x_wconf 88' lang='grc' dir='ltr'>πολιτικῶς</span> <span class='ocrx_word' id='word_1_189' title='bbox 969 1541 1016 1579; x_wconf 77' lang='grc' dir='ltr'>τὰ</span> <span class='ocrx_word' id='word_1_190' title='bbox 1047 1541 1156 1596; x_wconf 78' lang='grc' dir='ltr'>κοινῇ</span> <span class='ocrx_word' id='word_1_191' title='bbox 1187 1538 1445 1592; x_wconf 88' lang='grc' dir='ltr'>συμφέροντα</span> <span class='ocrx_word' id='word_1_192' title='bbox 1475 1538 1596 1592; x_wconf 84' lang='grc' dir='ltr'>πράτ-</span> 
     </span>
     <span class='ocr_line' id='line_1_29' title="bbox 269 1602 1595 1660; baseline 0.001 -16"><span class='ocrx_word' id='word_1_193' title='bbox 269 1621 366 1650; x_wconf 83' lang='grc' dir='ltr'>τετε,</span> <span class='ocrx_word' id='word_1_194' title='bbox 396 1605 458 1645; x_wconf 79' lang='grc' dir='ltr'>καὶ</span> <span class='ocrx_word' id='word_1_195' title='bbox 482 1609 559 1645; x_wconf 91' lang='grc' dir='ltr'>τῶν</span> <span class='ocrx_word' id='word_1_196' title='bbox 580 1606 688 1646; x_wconf 84' lang='grc' dir='ltr'>ἰδίων</span> <span class='ocrx_word' id='word_1_197' title='bbox 712 1602 801 1657; x_wconf 79' lang='grc' dir='ltr'>&lt;μὴ&gt;</span> <span class='ocrx_word' id='word_1_198' title='bbox 820 1606 1037 1658; x_wconf 87' lang='grc' dir='ltr'>μέμνησθε.</span> <span class='ocrx_word' id='word_1_199' title='bbox 1110 1610 1324 1660; x_wconf 84' lang='grc' dir='ltr'>παρακαλῶ</span> <span class='ocrx_word' id='word_1_200' title='bbox 1349 1605 1382 1647; x_wconf 89' lang='grc' dir='ltr'>δ’</span> <span class='ocrx_word' id='word_1_201' title='bbox 1409 1607 1464 1649; x_wconf 88' lang='grc' dir='ltr'>εἷς</span> <span class='ocrx_word' id='word_1_202' title='bbox 1489 1605 1595 1646; x_wconf 80' lang='grc' dir='ltr'>ταῦτ’</span> 
     </span>
     <span class='ocr_line' id='line_1_30' title="bbox 269 1670 1593 1727; baseline 0.003 -17"><span class='ocrx_word' id='word_1_203' title='bbox 269 1670 313 1710; x_wconf 80' lang='grc' dir='ltr'>οὐ</span> <span class='ocrx_word' id='word_1_204' title='bbox 353 1672 484 1725; x_wconf 76' lang='grc' dir='ltr'>τυχὼν</span> <span class='ocrx_word' id='word_1_205' title='bbox 525 1671 641 1715; x_wconf 84' lang='grc' dir='ltr'>αὐτὸς</span> <span class='ocrx_word' id='word_1_206' title='bbox 677 1675 744 1723; x_wconf 83' lang='grc' dir='ltr'>τῆς</span> <span class='ocrx_word' id='word_1_207' title='bbox 781 1675 962 1724; x_wconf 85' lang='grc' dir='ltr'>τοιαύτης</span> <span class='ocrx_word' id='word_1_208' title='bbox 999 1676 1302 1727; x_wconf 86' lang='grc' dir='ltr'>φιλανθρωπίας</span> <span class='ocrx_word' id='word_1_209' title='bbox 1337 1673 1428 1725; x_wconf 82' lang='grc' dir='ltr'>παρ’</span> <span class='ocrx_word' id='word_1_210' title='bbox 1467 1674 1593 1720; x_wconf 88' lang='grc' dir='ltr'>ἐνίων,</span> 
     </span>
     <span class='ocr_line' id='line_1_31' title="bbox 269 1737 1593 1795; baseline 0.002 -18"><span class='ocrx_word' id='word_1_211' title='bbox 269 1737 361 1777; x_wconf 83' lang='grc' dir='ltr'>ἀλλ’</span> <span class='ocrx_word' id='word_1_212' title='bbox 390 1739 532 1781; x_wconf 85' lang='grc' dir='ltr'>ἀδίκως</span> <span class='ocrx_word' id='word_1_213' title='bbox 567 1739 629 1779; x_wconf 86' lang='grc' dir='ltr'>καὶ</span> <span class='ocrx_word' id='word_1_214' title='bbox 664 1745 962 1782; x_wconf 86' lang='grc' dir='ltr'>στασιαστικῶς</span> <span class='ocrx_word' id='word_1_215' title='bbox 996 1743 1051 1783; x_wconf 86' lang='grc' dir='ltr'>εἷς</span> <span class='ocrx_word' id='word_1_216' title='bbox 1080 1741 1151 1792; x_wconf 77' lang='grc' dir='ltr'>τὴν</span> <span class='ocrx_word' id='word_1_217' title='bbox 1187 1740 1330 1793; x_wconf 81' lang='grc' dir='ltr'>ἑτέρων</span> <span class='ocrx_word' id='word_1_218' title='bbox 1355 1741 1472 1795; x_wconf 84' lang='grc' dir='ltr'>χάριν</span> <span class='ocrx_word' id='word_1_219' title='bbox 1497 1757 1593 1792; x_wconf 86' lang='grc' dir='ltr'>προ-</span> 
     </span>
     <span class='ocr_line' id='line_1_32' title="bbox 267 1805 1654 1864; baseline 0 -20"><span class='ocrx_word' id='word_1_220' title='bbox 267 1805 415 1848; x_wconf 85' lang='grc' dir='ltr'>ποθείς.</span> <span class='ocrx_word' id='word_1_221' title='bbox 485 1805 578 1846; x_wconf 85' lang='grc' dir='ltr'>ἀλλ’</span> <span class='ocrx_word' id='word_1_222' title='bbox 614 1807 703 1847; x_wconf 83' lang='grc' dir='ltr'>οὔτε</span> <span class='ocrx_word' id='word_1_223' title='bbox 738 1806 809 1857; x_wconf 78' lang='grc' dir='ltr'>τὴν</span> <span class='ocrx_word' id='word_1_224' title='bbox 846 1808 948 1848; x_wconf 85' lang='grc' dir='ltr'>ἰδίαν</span> <span class='ocrx_word' id='word_1_225' title='bbox 983 1808 1104 1860; x_wconf 72' lang='grc' dir='ltr'>ὀργὴν</span> <span class='ocrx_word' id='word_1_226' title='bbox 1135 1809 1376 1861; x_wconf 83' lang='grc' dir='ltr'>ἀποπληρῶν</span> <span class='ocrx_word' id='word_1_227' title='bbox 1407 1807 1452 1848; x_wconf 83' lang='grc' dir='ltr'>τὸ</span> <span class='ocrx_word' id='word_1_228' title='bbox 1486 1807 1594 1864; x_wconf 85' lang='grc' dir='ltr'>κοινῇ</span> <span class='ocrx_word' id='word_1_229' title='bbox 1615 1823 1654 1854; x_wconf 88' lang='lat'>25</span> 
     </span>
     <span class='ocr_line' id='line_1_33' title="bbox 268 1871 1596 1928; baseline 0.004 -17"><span class='ocrx_word' id='word_1_230' title='bbox 268 1871 474 1925; x_wconf 82' lang='grc' dir='ltr'>συμφέρον</span> <span class='ocrx_word' id='word_1_231' title='bbox 514 1873 620 1924; x_wconf 75' lang='grc' dir='ltr'>οἶμαι</span> <span class='ocrx_word' id='word_1_232' title='bbox 662 1876 743 1914; x_wconf 81' lang='grc' dir='ltr'>δεῖν</span> <span class='ocrx_word' id='word_1_233' title='bbox 784 1873 996 1926; x_wconf 79' lang='grc' dir='ltr'>βλάπτειν,</span> <span class='ocrx_word' id='word_1_234' title='bbox 1039 1875 1127 1915; x_wconf 79' lang='grc' dir='ltr'>οὔτε</span> <span class='ocrx_word' id='word_1_235' title='bbox 1167 1877 1352 1928; x_wconf 78' lang='grc' dir='ltr'>μείγνυμι</span> <span class='ocrx_word' id='word_1_236' title='bbox 1391 1876 1459 1925; x_wconf 82' lang='grc' dir='ltr'>τῆς</span> <span class='ocrx_word' id='word_1_237' title='bbox 1497 1875 1596 1916; x_wconf 82' lang='grc' dir='ltr'>ἰδίας</span> 
     </span>
     <span class='ocr_line' id='line_1_34' title="bbox 267 1938 1595 1997; baseline 0.003 -18"><span class='ocrx_word' id='word_1_238' title='bbox 267 1938 413 1992; x_wconf 80' lang='grc' dir='ltr'>ἔχθρας</span> <span class='ocrx_word' id='word_1_239' title='bbox 449 1941 503 1981; x_wconf 85' lang='grc' dir='ltr'>εἷς</span> <span class='ocrx_word' id='word_1_240' title='bbox 538 1939 586 1980; x_wconf 85' lang='grc' dir='ltr'>τὰ</span> <span class='ocrx_word' id='word_1_241' title='bbox 623 1941 732 1997; x_wconf 83' lang='grc' dir='ltr'>κοινῇ</span> <span class='ocrx_word' id='word_1_242' title='bbox 769 1941 1011 1994; x_wconf 85' lang='grc' dir='ltr'>συμφέροντ’</span> <span class='ocrx_word' id='word_1_243' title='bbox 1049 1942 1174 1989; x_wconf 79' lang='grc' dir='ltr'>οὐδέν,</span> <span class='ocrx_word' id='word_1_244' title='bbox 1211 1942 1302 1983; x_wconf 80' lang='grc' dir='ltr'>ἀλλ’</span> <span class='ocrx_word' id='word_1_245' title='bbox 1339 1941 1404 1995; x_wconf 89' lang='grc' dir='ltr'>ἐφ’</span> <span class='ocrx_word' id='word_1_246' title='bbox 1440 1942 1464 1982; x_wconf 74' lang='grc' dir='ltr'><em>ἃ</em></span> <span class='ocrx_word' id='word_1_247' title='bbox 1505 1941 1595 1983; x_wconf 79' lang='grc' dir='ltr'>τοὺς</span> 
     </span>
     <span class='ocr_line' id='line_1_35' title="bbox 267 2005 1546 2062; baseline 0.003 -17"><span class='ocrx_word' id='word_1_248' title='bbox 267 2005 417 2049; x_wconf 86' lang='grc' dir='ltr'>ἄλλους</span> <span class='ocrx_word' id='word_1_249' title='bbox 441 2012 668 2058; x_wconf 88' lang='grc' dir='ltr'>παρακαλῶ,</span> <span class='ocrx_word' id='word_1_250' title='bbox 695 2008 802 2048; x_wconf 76' lang='grc' dir='ltr'>ταῦτ’</span> <span class='ocrx_word' id='word_1_251' title='bbox 827 2008 942 2050; x_wconf 82' lang='grc' dir='ltr'>αὐτὸς</span> <span class='ocrx_word' id='word_1_252' title='bbox 968 2010 1098 2061; x_wconf 82' lang='grc' dir='ltr'>οἴομαι</span> <span class='ocrx_word' id='word_1_253' title='bbox 1121 2012 1203 2050; x_wconf 83' lang='grc' dir='ltr'>δεῖν</span> <span class='ocrx_word' id='word_1_254' title='bbox 1229 2014 1381 2062; x_wconf 85' lang='grc' dir='ltr'>πρῶτος</span> <span class='ocrx_word' id='word_1_255' title='bbox 1406 2012 1546 2049; x_wconf 84' lang='grc' dir='ltr'>ποιεῖν.</span> 
     </span>
    </p>

    <p class='ocr_par' dir='ltr' id='par_1_11' title="bbox 335 2074 1594 2128">
     <span class='ocr_line' id='line_1_36' title="bbox 335 2074 1594 2128; baseline 0.001 -15"><span class='ocrx_word' id='word_1_256' title='bbox 335 2074 385 2114; x_wconf 79' lang='grc' dir='ltr'>Αἱ</span> <span class='ocrx_word' id='word_1_257' title='bbox 419 2076 492 2125; x_wconf 81' lang='grc' dir='ltr'>μὲν</span> <span class='ocrx_word' id='word_1_258' title='bbox 529 2074 596 2114; x_wconf 68' lang='grc' dir='ltr'>οὖν</span> <span class='ocrx_word' id='word_1_259' title='bbox 632 2076 876 2126; x_wconf 87' lang='grc' dir='ltr'>παρασκευαὶ</span> <span class='ocrx_word' id='word_1_260' title='bbox 914 2076 975 2116; x_wconf 86' lang='grc' dir='ltr'>καὶ</span> <span class='ocrx_word' id='word_1_261' title='bbox 1013 2077 1036 2116; x_wconf 70' lang='grc' dir='ltr'>ἃ</span> <span class='ocrx_word' id='word_1_262' title='bbox 1073 2079 1135 2116; x_wconf 80' lang='grc' dir='ltr'>δεῖ</span> <span class='ocrx_word' id='word_1_263' title='bbox 1169 2076 1437 2128; x_wconf 80' lang='grc' dir='ltr'>φυλάξασθαι,</span> <span class='ocrx_word' id='word_1_264' title='bbox 1476 2075 1538 2116; x_wconf 87' lang='grc' dir='ltr'>καὶ</span> <span class='ocrx_word' id='word_1_265' title='bbox 1570 2074 1594 2114; x_wconf 78' lang='grc' dir='ltr'>ἃ</span> 
     </span>
    </p>

    <p class='ocr_par' dir='ltr' id='par_1_12' title="bbox 267 2181 1595 2312">
     <span class='ocr_line' id='line_1_37' title="bbox 312 2181 1594 2226; baseline 0.001 -14"><span class='ocrx_word' id='word_1_266' title='bbox 312 2191 331 2220; x_wconf 88' lang='grc'>5</span> <span class='ocrx_word' id='word_1_267' title='bbox 357 2183 395 2220; x_wconf 82' lang='grc' dir='ltr'>δὴ</span> <span class='ocrx_word' id='word_1_268' title='bbox 413 2181 596 2214; x_wconf 81' lang='lat' dir='ltr'>Schaeser:</span> <span class='ocrx_word' id='word_1_269' title='bbox 622 2183 655 2215; x_wconf 86' lang='grc' dir='ltr'>δὲ</span> <span class='ocrx_word' id='word_1_270' title='bbox 672 2184 772 2216; x_wconf 83' lang='lat' dir='ltr'>codd.</span> <span class='ocrx_word' id='word_1_271' title='bbox 842 2184 924 2224; x_wconf 79' lang='grc' dir='ltr'>μήτε</span> <span class='ocrx_word' id='word_1_272' title='bbox 941 2184 1034 2216; x_wconf 81' lang='grc' dir='ltr'>πόλει</span> <span class='ocrx_word' id='word_1_273' title='bbox 1048 2189 1129 2215; x_wconf 78' lang='lat' dir='ltr'><strong>ante</strong></span> <span class='ocrx_word' id='word_1_274' title='bbox 1146 2185 1227 2225; x_wconf 81' lang='grc' dir='ltr'>μήτε</span> <span class='ocrx_word' id='word_1_275' title='bbox 1245 2188 1418 2226; x_wconf 74' lang='grc' dir='ltr'>στρατηγῷ</span> <span class='ocrx_word' id='word_1_276' title='bbox 1435 2184 1594 2214; x_wconf 73' lang='lat' dir='ltr'><strong>exhibent</strong></span> 
     </span>
     <span class='ocr_line' id='line_1_38' title="bbox 268 2225 1595 2269; baseline 0.001 -13"><span class='ocrx_word' id='word_1_277' title='bbox 268 2226 390 2258; x_wconf 87' lang='lat' dir='ltr'>codd.:</span> <span class='ocrx_word' id='word_1_278' title='bbox 413 2226 477 2256; x_wconf 84' lang='lat' dir='ltr'>del.</span> <span class='ocrx_word' id='word_1_279' title='bbox 499 2225 598 2257; x_wconf 84' lang='lat' dir='ltr'>Turr.</span> <span class='ocrx_word' id='word_1_280' title='bbox 644 2228 707 2266; x_wconf 90' lang='lat'>6—7</span> <span class='ocrx_word' id='word_1_281' title='bbox 733 2230 791 2259; x_wconf 80' lang='grc' dir='ltr'>τοῦ</span> <span class='ocrx_word' id='word_1_282' title='bbox 806 2228 860 2269; x_wconf 69' lang='grc' dir='ltr'>γε]</span> <span class='ocrx_word' id='word_1_283' title='bbox 883 2228 976 2259; x_wconf 79' lang='grc' dir='ltr'>τοῦδε</span> <span class='ocrx_word' id='word_1_284' title='bbox 995 2228 1121 2259; x_wconf 78' lang='lat' dir='ltr'>Fcolr.</span> <span class='ocrx_word' id='word_1_285' title='bbox 1172 2238 1209 2258; x_wconf 89' lang='lat'>12</span> <span class='ocrx_word' id='word_1_286' title='bbox 1233 2232 1297 2260; x_wconf 84' lang='grc' dir='ltr'>τῶν</span> <span class='ocrx_word' id='word_1_287' title='bbox 1309 2228 1382 2269; x_wconf 52' lang='grc' dir='ltr'>μὲν-1</span> <span class='ocrx_word' id='word_1_288' title='bbox 1396 2232 1441 2268; x_wconf 79' lang='grc' dir='ltr'>τῷ</span> <span class='ocrx_word' id='word_1_289' title='bbox 1453 2227 1512 2267; x_wconf 83' lang='grc' dir='ltr'>μὲν</span> <span class='ocrx_word' id='word_1_290' title='bbox 1530 2227 1554 2257; x_wconf 87' lang='lat' dir='ltr'>S</span> <span class='ocrx_word' id='word_1_291' title='bbox 1569 2226 1595 2257; x_wconf 84' lang='lat' dir='ltr'>F</span> 
     </span>
     <span class='ocr_line' id='line_1_39' title="bbox 267 2269 1595 2312; baseline 0.002 -13"><span class='ocrx_word' id='word_1_292' title='bbox 267 2269 337 2309; x_wconf 71' lang='lat' dir='ltr'>(me</span> <span class='ocrx_word' id='word_1_293' title='bbox 355 2270 456 2308; x_wconf 83' lang='lat' dir='ltr'>teste)</span> <span class='ocrx_word' id='word_1_294' title='bbox 545 2273 611 2302; x_wconf 83' lang='grc' dir='ltr'>τῶν</span> <span class='ocrx_word' id='word_1_295' title='bbox 627 2270 660 2302; x_wconf 86' lang='grc' dir='ltr'>δὲ</span> <span class='ocrx_word' id='word_1_296' title='bbox 678 2270 821 2302; x_wconf 85' lang='lat' dir='ltr'>Aldina:</span> <span class='ocrx_word' id='word_1_297' title='bbox 843 2274 890 2312; x_wconf 75' lang='grc' dir='ltr'>τῷ</span> <span class='ocrx_word' id='word_1_298' title='bbox 908 2272 940 2303; x_wconf 84' lang='grc' dir='ltr'>δὲ</span> <span class='ocrx_word' id='word_1_299' title='bbox 959 2271 982 2302; x_wconf 90' lang='lat' dir='ltr'>S</span> <span class='ocrx_word' id='word_1_300' title='bbox 998 2271 1063 2310; x_wconf 80' lang='lat' dir='ltr'>FQ</span> <span class='ocrx_word' id='word_1_301' title='bbox 1172 2282 1214 2302; x_wconf 83' lang='lat'>20</span> <span class='ocrx_word' id='word_1_302' title='bbox 1238 2272 1367 2312; x_wconf 74' lang='grc' dir='ltr'>ὀλίγους</span> <span class='ocrx_word' id='word_1_303' title='bbox 1389 2275 1466 2311; x_wconf 85' lang='lat' dir='ltr'>post</span> <span class='ocrx_word' id='word_1_304' title='bbox 1482 2272 1595 2312; x_wconf 76' lang='grc' dir='ltr'>κομιδῇ</span> 
     </span>
    </p>
   </div>
   <div class='ocr_carea' id='block_1_11' title="bbox 267 2312 1595 2401">
    <p class='ocr_par' dir='ltr' id='par_1_13' title="bbox 267 2312 1595 2401">
     <span class='ocr_line' id='line_1_40' title="bbox 267 2312 1595 2356; baseline 0.002 -14"><span class='ocrx_word' id='word_1_305' title='bbox 267 2313 344 2344; x_wconf 83' lang='lat' dir='ltr'>add.</span> <span class='ocrx_word' id='word_1_306' title='bbox 358 2312 495 2351; x_wconf 81' lang='lat' dir='ltr'><strong>Reiske‚</strong></span> <span class='ocrx_word' id='word_1_307' title='bbox 509 2319 586 2344; x_wconf 89' lang='lat' dir='ltr'>ante</span> <span class='ocrx_word' id='word_1_308' title='bbox 600 2316 713 2356; x_wconf 84' lang='grc' dir='ltr'>κομιδῇ</span> <span class='ocrx_word' id='word_1_309' title='bbox 727 2314 823 2345; x_wconf 78' lang='lat' dir='ltr'>Blass</span> <span class='ocrx_word' id='word_1_310' title='bbox 912 2317 998 2348; x_wconf 85' lang='grc' dir='ltr'>τινὰς</span> <span class='ocrx_word' id='word_1_311' title='bbox 1011 2325 1075 2346; x_wconf 88' lang='lat' dir='ltr'>orn.</span> <span class='ocrx_word' id='word_1_312' title='bbox 1092 2314 1122 2353; x_wconf 83' lang='lat' dir='ltr'>Q</span> <span class='ocrx_word' id='word_1_313' title='bbox 1255 2326 1297 2345; x_wconf 77' lang='lat'>22</span> <span class='ocrx_word' id='word_1_314' title='bbox 1316 2317 1361 2354; x_wconf 76' lang='grc' dir='ltr'>μὴ</span> <span class='ocrx_word' id='word_1_315' title='bbox 1374 2315 1451 2346; x_wconf 84' lang='lat' dir='ltr'>add.</span> <span class='ocrx_word' id='word_1_316' title='bbox 1467 2314 1595 2345; x_wconf 80' lang='lat' dir='ltr'>Reiske</span> 
     </span>
     <span class='ocr_line' id='line_1_41' title="bbox 267 2356 1581 2401; baseline 0 -13"><span class='ocrx_word' id='word_1_317' title='bbox 267 2365 308 2395; x_wconf 86' lang='lat'>25</span> <span class='ocrx_word' id='word_1_318' title='bbox 333 2359 406 2388; x_wconf 77' lang='grc' dir='ltr'>οὔτε</span> <span class='ocrx_word' id='word_1_319' title='bbox 425 2356 580 2389; x_wconf 84' lang='lat' dir='ltr'><strong>Bekker:</strong></span> <span class='ocrx_word' id='word_1_320' title='bbox 606 2358 676 2390; x_wconf 84' lang='grc' dir='ltr'>οὐδὲ</span> <span class='ocrx_word' id='word_1_321' title='bbox 696 2358 793 2389; x_wconf 90' lang='lat' dir='ltr'>codd.</span> <span class='ocrx_word' id='word_1_322' title='bbox 886 2358 1080 2400; x_wconf 82' lang='grc' dir='ltr'>ἀποπληρῶν</span> <span class='ocrx_word' id='word_1_323' title='bbox 1097 2358 1253 2389; x_wconf 86' lang='lat' dir='ltr'>Dobree:</span> <span class='ocrx_word' id='word_1_324' title='bbox 1278 2359 1468 2401; x_wconf 81' lang='grc' dir='ltr'>ἀναπληρῶν</span> <span class='ocrx_word' id='word_1_325' title='bbox 1485 2359 1581 2389; x_wconf 90' lang='lat' dir='ltr'>codd.</span> 
     </span>
    </p>
   </div>
  </div>
 </body>
</html>
