1763 2778
169 98 272 154 mx]
537 103 699 140 ΠΡΟΣ
746 102 1095 141 ΤΙΜΟΘΕΟΝ
1517 97 1655 152 [1199]

169 197 521 255 (παραλήψεσθαι)
554 200 636 241 οὔθ’
671 201 692 241 6
724 201 921 243 ὑποτιθεὶς
953 201 1022 242 τὸν
1054 201 1206 254 χαλκὸν
1231 202 1493 253 παραδώσειν,

171 268 250 310 οὐδ’
276 269 323 309 αὖ
347 270 368 308 6
393 268 520 321 πατὴρ
545 269 713 319 ἔμελλεν
739 268 855 310 αὐτὸς
880 269 970 309 οὔτε
993 270 1122 309 οἴσειν
1137 272 1205 309 τόι*
1230 269 1382 322 χαλκὸν
1407 269 1495 309 οὔτε
1518 267 1661 321 [1200]

171 335 409 387 στήσεσθαι,
447 336 539 377 ἀλλ’
578 335 723 377 οἰκέται
769 335 871 386 ἦσαν
909 335 1028 391 αὐτῷ,
1062 337 1098 376 οἳ
1134 335 1181 376 τὰ
1218 336 1384 390 ἐνέχυρα
1419 340 1497 376 τῶν

170 403 441 456 δανεισμάτων
472 403 797 457 παρελάμβανον.
868 403 1050 455 θαυμάζω
1082 403 1114 444 δ’
1141 403 1268 456 ἔγωγε
1305 405 1366 444 καὶ
1393 405 1498 446 τίνος
1520 418 1560 453 53

131 482 148 514 5
170 471 270 512 ἕνεκ’
306 471 352 512 ἄν
389 488 485 512 ποτε
520 472 694 512 ὑπετίθει
728 470 796 511 τὸν
832 470 984 524 χαλκὸν
1021 473 1073 526 τῷ
1110 472 1226 520 πατρὶ
1267 474 1319 526 τῷ
1359 473 1438 526 ἐμῷ
1476 471 1497 510 ὁ

170 538 356 580 Βοιώτιος
401 538 609 592 ναύαρχος,
658 538 847 592 Φιλίππῳ
899 538 1076 591 ὀφείλων
1122 540 1258 592 χιλίας
1305 537 1494 591 δραχμάς.

170 606 338 658 πότερον
364 605 415 648 ὡς
440 607 642 648 Φίλιππος
667 605 736 646 οὐκ
761 604 809 646 ἂν
834 604 956 656 ἡδέως
980 606 1097 647 τόκον
1122 605 1364 657 ἐλάμβανεν,
1388 607 1496 658 εἴπερ

169 674 366 725 ἀσφαλῶς
407 673 455 724 ἦν
501 673 603 727 αὐτῷ
652 672 695 712 τὸ
743 673 927 725 ἀργύριον
976 672 1279 724 δεδανεισμένον
1326 673 1388 713 καὶ
1436 672 1496 714 ἐπ’

169 740 361 795 ἐνεχύρῳ;
398 737 422 791 ἢ
459 739 509 782 ὡς
546 741 614 781 οὐκ
652 739 697 790 ἦν
733 744 785 795 τῷ
826 741 1014 795 Φιλίππῳ
1057 740 1262 793 ἀργύριον;
1316 741 1422 781 ὥστε
1459 734 1503 781 τι

110 823 149 845 10
168 807 249 848 ἔδει
286 811 356 849 τοῦ
393 807 540 860 πατρὸς
577 811 646 848 τοῦ
687 809 780 858 ἐμοῦ
821 810 1006 858 δεηθῆναι
1043 810 1223 848 δανεῖσαι
1259 809 1328 850 τὰς
1363 809 1495 861 χιλίας

169 876 346 928 δραχμὰς
387 874 455 915 τὸν
493 875 682 915 Βοιώτιον
716 874 915 927 ναύαρχον
953 875 1015 914 καὶ
1052 876 1267 915 ἀποδοῦναι
1308 875 1498 930 Φιλίππῳ

167 944 325 994 μᾶλλον
347 939 371 993 ἦ
397 942 441 982 οὐ
464 945 533 983 τόν
557 942 710 996 χαλκὸν
734 943 938 982 ὑποθεῖναι
962 943 1015 996 τῷ
1037 943 1251 997 (Ι)ιλίππῳ;
1289 942 1383 983 ἀλλ’
1408 943 1498 983 οὔτε
1518 960 1560 996 54

169 1010 190 1049 6
226 1008 377 1063 χαλκὸς
414 1009 595 1060 ὑπετέθη,
640 1008 669 1050 ὦ
707 1009 846 1061 ἄνδρες
889 1011 1084 1057 δικασταί,
1124 1010 1212 1050 οὔτε
1249 1011 1269 1049 ὁ
1310 1011 1498 1052 Βοιώτιος

168 1077 362 1130 ναύαρχος
388 1077 620 1118 ἐδανείσατο
645 1076 715 1118 τὰς
739 1078 872 1130 χιλίας
905 1076 1084 1130 δραχμὰς
1112 1076 1217 1128 παρὰ
1249 1081 1317 1117 τοῦ
1353 1081 1498 1130 πατρὸς

111 1157 147 1189 15
167 1148 236 1184 τοῦ
261 1146 366 1196 ἐμοῦ,
393 1145 500 1184 ἀλλὰ
522 1145 718 1195 Τιμόθεος
743 1145 877 1185 οὑτοσὶ
904 1145 946 1185 ἐι·
970 1145 1115 1199 ἀπορία
1140 1143 1194 1185 ὢν
1218 1150 1365 1202 πολλῇ·
1425 1145 1497 1196 τὴν

167 1213 210 1252 δὲ
246 1213 396 1265 χρείαν,
435 1212 489 1254 εἰς
524 1209 574 1262 ἢν
609 1210 883 1265 κατεχρήσατο
919 1215 971 1267 τῷ
1001 1212 1187 1267 ἀργυρίῳ,
1226 1214 1361 1264 εἴρηκα
1391 1213 1495 1263 ὑμῖν.

167 1279 254 1319 ἀντὶ
279 1281 320 1320 δὲ
344 1281 412 1319 τοῦ
435 1277 552 1333 χάριν
575 1279 791 1320 ἀποδοῦναι
816 1280 870 1320 ὧν
896 1281 1110 1331 ἐπιστεύθη
1137 1280 1199 1320 καὶ
1225 1280 1377 1332 ἔλαβεν
1393 1281 1497 1331 παρὰ

167 1350 236 1387 τοῦ
259 1345 405 1399 πατρὸς
428 1350 496 1387 τοῦ
520 1348 625 1398 ἐμοῦ,
648 1348 772 1389 οἴεται
794 1349 876 1388 δεῖν
903 1347 966 1388 καὶ
988 1347 1037 1388 τὰ
1062 1348 1221 1402 ἀρχαῖα,
1247 1347 1296 1389 ἂν
1321 1348 1494 1399 δύνηται,

166 1414 452 1465 ἀποστερῆσαι.

109 1495 149 1517 20
237 1481 336 1534 Περὶ
358 1483 430 1533 μὲν
454 1482 585 1522 τοίνυν
608 1485 690 1524 τῶν
713 1486 871 1535 φιαλῶν
898 1483 961 1524 καὶ
986 1484 1056 1533 τῆς
1079 1485 1180 1534 μνᾶς
1203 1486 1273 1523 τοῦ
1297 1483 1494 1535 ἀργυρίου,
1519 1502 1558 1540 55

167 1546 218 1599 ἢν
254 1549 485 1589 ἐδανείσατο
528 1548 634 1601 παρὰ
672 1554 741 1590 τοῦ
779 1550 925 1603 πατρὸς
967 1550 1129 1602 πέμψας
1171 1550 1240 1591 τὸν
1278 1551 1497 1590 ἀκόλουθον

167 1615 238 1656 τὸν
263 1618 402 1657 ἑαυτοῦ
425 1618 659 1671 Αἰσχρίωνα
681 1619 752 1668 τῆς
776 1617 914 1659 νυκτὸς
940 1617 991 1660 ὡς
1014 1619 1083 1658 τὸν
1118 1617 1268 1669 πατέρα
1292 1617 1361 1658 τὸν
1388 1618 1494 1669 ἐμόν,

168 1683 318 1736 ἠρόμην
366 1683 483 1725 αὐτὸν
533 1684 630 1737 πρὸς
676 1689 728 1740 τῷ
777 1688 951 1742 διαιτητῇ
1000 1686 1032 1725 εἰ
1080 1685 1139 1725 ἔτι
1181 1687 1321 1727 δοῦλος
1370 1686 1427 1736 εἴη
1476 1686 1497 1724 ὁ

168 1751 386 1804 Αἰσχρίων,
427 1751 488 1791 καὶ
524 1750 658 1802 ἠξίουν
694 1751 811 1792 αὐτὸν
848 1754 890 1793 ἐν
926 1756 978 1807 τῷ
1015 1751 1177 1804 δέρματι
1222 1752 1289 1793 τὸν
1326 1753 1497 1806 ἔλεγχον

109 1833 148 1865 25
169 1818 330 1860 διδόναι.
402 1818 716 1871 ἀποκριναμένου
749 1819 792 1860 δέ
820 1836 886 1871 μοι
919 1819 1057 1860 τούτου
1093 1821 1154 1861 ὅτι
1190 1820 1397 1873 ἐλεύθερος
1422 1821 1493 1870 ε’ίη,

167 1887 237 1935 τ’ἣς
269 1887 342 1937 μὲν
379 1885 617 1937 ἐξαιτήσεως
653 1886 841 1941 ἐπέσχον,
879 1888 1094 1940 μαρτυρίαν
1135 1885 1169 1928 δ’
1209 1887 1328 1928 αὐτὸν
1364 1886 1498 1938 ἠξίουν
1519 1932 1562 1976 56

170 1952 422 2004 ἐμβαλέσθαι
457 1957 526 1994 τοῦ
562 1954 811 2007 Αἰσχρίωνος
847 1954 899 1996 ὡς
935 1954 1144 2007 ἐλευθέρου
1192 1956 1316 1997 ὄντος.
1390 1955 1410 1995 ὁ
1456 1957 1498 1995 δὲ
1519 1976 1650 2032 [1201]

171 2019 260 2061 οὔτε
295 2020 346 2062 ὡς
375 2020 585 2073 ἐλευθέρου
612 2023 724 2064 ὄντος
755 2025 824 2062 τοῦ
854 2023 1104 2075 Αἰσχρίωνος
1134 2023 1351 2075 μαρτυρίαν
1375 2021 1495 2074 παρέ-

215 2138 229 2158 Ῑ
256 2129 500 2171 παραλήψεσθαι
523 2131 598 2161 add.
618 2129 757 2171 Reiske‚
778 2131 982 2172 ὑποδέξεσθαι
1006 2131 1098 2163 malit
1118 2132 1301 2172 Lortzing;
1338 2132 1378 2164 cf.
1402 2131 1496 2163 Stahl

169 2172 228 2203 Gr.
245 2173 347 2204 Verb.
366 2183 397 2213 p.
415 2175 481 2213 649
571 2185 634 2213 3-4
657 2176 697 2207 τὰ
714 2201 721 2207 .
741 2199 749 2206 .
769 2199 775 2206 .
795 2176 1013 2214 δανεισμάτων
1029 2186 1096 2207 orn.
1109 2175 1133 2206 S
1227 2187 1245 2215 5
1263 2175 1344 2208 ἕνεκ’
1363 2177 1401 2208 ἄν
1417 2190 1497 2207 ποτε

170 2216 200 2245 D
217 2228 224 2247 2
249 2218 352 2249 οὕνεκ’
369 2218 408 2249 ἄν
424 2231 503 2249 ποτε
516 2217 539 2248 S
550 2218 576 2248 F
590 2218 620 2256 Q
637 2229 644 2249 ε
662 2219 700 2251 ἄν
710 2232 788 2250 ποτε
806 2220 910 2251 εἵνεκα
926 2219 957 2248 Α
1020 2229 1037 2259 7
1057 2219 1110 2260 ὡς]
1124 2221 1164 2252 ὡς
1181 2222 1196 2251 ὃ
1211 2219 1242 2249 Α
1303 2221 1321 2249 8
1338 2220 1377 2258 ἧν
1393 2221 1497 2259 ἀσφα-

169 2263 233 2292 λῶς
253 2260 286 2290 Α
396 2271 431 2291 11
458 2263 507 2293 καὶ
526 2272 592 2293 om.
610 2261 634 2292 S
724 2273 766 2293 20
787 2262 848 2303 μὲν
865 2273 929 2295 οιῃ.
948 2262 980 2292 A
1083 2274 1125 2302 24
1148 2268 1226 2303 post
1242 2264 1403 2304 Αἰσχρίων
1419 2264 1495 2293 add.

169 2305 264 2335 αὐτοῦ
283 2304 306 2334 S
322 2303 410 2344 vulg.
428 2316 436 2335 :
460 2315 524 2337 om.
542 2304 574 2335 A
711 2311 791 2337 ante
808 2306 938 2348 δέρματι
954 2306 1031 2338 add.
1051 2310 1145 2339 αὑτοῦ
1162 2308 1213 2337 vel
1232 2309 1328 2338 αὐτοῦ
1346 2306 1370 2337 S
1387 2307 1496 2345 vulg.:

168 2357 234 2378 om·
250 2346 283 2376 A
415 2349 457 2378 26
481 2349 624 2390 ἐπέσχον
639 2347 671 2378 Α
687 2360 695 2380 t
720 2350 863 2391 ἐπέσχον
880 2351 976 2382 αὐτὸν
992 2355 1071 2382 cett.
1209 2360 1249 2389 27
1277 2353 1315 2382 ὡς
1333 2350 1497 2391 ἐλευθέρον

170 2390 262 2423 ὄντος
273 2401 337 2422 om.
354 2391 380 2421 F
397 2391 426 2421 D
494 2394 603 2432 27—28
620 2395 636 2424 ὁ
647 2393 682 2424 δὲ
693 2397 767 2425 οὔτε
779 2404 842 2424 om.
859 2394 896 2424 F¹
913 2394 942 2424 D
961 2405 968 2424 t
986 2395 1003 2426 ὅ
1015 2407 1053 2434 γε
1066 2396 1138 2425 οὔτε
1150 2394 1225 2425 hab.
1239 2395 1268 2424 D
1281 2407 1331 2435 γρ.
1399 2393 1440 2423 28
1458 2396 1497 2425 ὡς

171 2457 180 2466 .
195 2456 203 2463 .
223 2458 230 2464 .
247 2435 443 2477 Αἰσχρίωνος
460 2435 484 2467 S
499 2436 528 2474 Q
543 2437 572 2466 D
589 2450 640 2479 γρ.
662 2448 669 2468 :
687 2448 751 2470 om.
769 2437 835 2467 AF
852 2438 881 2467 D
950 2438 1135 2479 παρέσχετο
1152 2437 1183 2467 A
1201 2449 1207 2468 :
1224 2438 1401 2479 παρέχεται
1418 2441 1496 2467 cett.
