1746 2774
97 109 243 164 [1490]
493 111 978 150 AMMOEQENOTE
1035 111 1356 148 ΕΠιΣτοΛιι

261 217 339 253 τῶν
364 212 529 263 πρώτων
561 211 629 251 οὐκ
663 209 785 260 ἐσμέν
817 227 888 255 πω,
915 210 1079 261 λόγισαι
1109 210 1169 249 ὅτι
1200 210 1262 249 καὶ
1289 208 1340 248 σύ
1371 209 1457 249 ποτ’
1482 209 1587 260 ἦσθα

260 279 347 322 νέος
374 280 437 319 καὶ
461 278 532 328 τὴν
556 278 714 328 ἡλικίαν
740 277 844 329 εἶχες
874 275 922 327 ἣν
941 277 1052 328 ἡμεῖς
1079 279 1159 322 νῦν,
1182 277 1224 316 ἐκ
1249 278 1290 317 δὲ
1315 279 1382 315 τοῦ
1407 280 1584 327 συμβου-

259 347 391 388 λεύειν
418 345 479 386 καὶ
506 345 690 396 πράττειν
716 343 935 397 γεγένησαι
959 348 1202 394 τηλικοῦτος.
1267 342 1337 384 κᾶν
1356 343 1448 394 ἡμῖν
1472 347 1588 383 τοῦτο

261 415 454 465 συμβαίη.
526 416 569 453 τὸ
605 414 678 462 μὲν
715 413 787 463 γὰρ
825 411 866 451 εὗ
901 411 1170 462 βουλεύεσθαι
1206 410 1409 462 πάρεστιν,
1449 413 1516 460 τῆς
1549 413 1589 451 δὲ

259 482 380 535 τύχης
406 479 776 530 συλλαμβαιὌύσης
804 478 866 518 καὶ
890 479 1055 530 τοῦργον
1086 477 1229 530 γένοιτ’
1254 478 1314 519 ἄν.
1377 477 1497 520 καλὸς
1520 478 1590 518 οὖν
1611 494 1627 525 5

103 576 237 630 [1491]
260 547 396 601 ἔρανος
420 546 535 601 χάρις
561 547 701 586 δικαία·
740 544 787 595 ἢν
809 545 870 586 καὶ
896 545 946 586 σὺ
966 546 1130 595 ποίησαι
1147 544 1244 598 πρὸς
1265 544 1345 595 ἐμέ.
1417 545 1478 585 καὶ
1503 544 1590 596 μηδ’

260 615 326 667 ὑφ’
353 615 440 656 ἑνὸς
465 618 542 654 τῶν
569 617 644 653 σοῦ
674 613 928 666 φρονούντων
954 616 1088 667 χεῖρον
1118 612 1216 665 ἄγου
1244 612 1333 664 μηδ’
1357 613 1472 663 ἡττῶ,
1500 611 1590 652 ἀλλ’

261 683 431 724 ἐκείνους
456 680 519 733 ἄγ’
549 681 612 721 ἐπὶ
645 682 692 720 τὰ
724 681 788 720 σοὶ
820 683 1021 720 δοκοῦντα·
1061 682 1123 722 καὶ
1157 684 1302 733 πρᾶττε
1331 681 1451 721 οὕτως
1486 680 1590 720 ὅπως

259 749 427 800 μηδενὸς
464 752 542 789 τῶν
583 746 912 800 ὁμολογηθέντων
961 751 1226 799 στερηθῶμεν,
1267 747 1358 788 ἀλλ’
1398 747 1589 801 Ἐπιτίμῳ

261 816 422 869 γένηται
448 815 624 867 σωτηρία
656 831 714 857 τις
751 814 813 854 καὶ
846 814 1062 867 ἀπαλλαγὴ
1083 819 1165 856 τῶν
1200 816 1401 856 κινδύνων.
1472 812 1589 866 παρέ-
1615 829 1655 852 10

263 900 386 935 σομαι
417 882 450 924 δ’
484 884 538 924 εἰς
572 885 640 923 τὸν
672 882 818 936 χρόνον
853 882 972 934 κάγώ,
1002 881 1085 922 καθ’
1105 881 1149 923 ὃν
1173 879 1260 934 (ἂν)
1285 882 1336 923 σὺ
1361 887 1440 939 φῇς
1460 881 1595 933 καιρὸν

263 951 374 991 εἶναι.
448 949 608 1003 γράψας
634 949 676 991 δέ
700 966 767 1001 μοι
797 948 972 1002 πέμψον,
999 945 1022 999 ἢ
1059 950 1120 990 καὶ
1147 950 1196 990 ὡς
1230 951 1336 1004 φίλῳ
1364 950 1592 990 ἐπίστελλε.

263 1018 429 1072 εὐτύχει.

305 1151 326 1179 3
344 1141 402 1172 κᾶν
416 1139 440 1170 S
455 1150 463 1170 ε
481 1140 532 1172 καὶ
545 1138 636 1178 vulg.
714 1148 732 1177 5
750 1137 869 1178 γένοιτ’
884 1138 907 1169 S
921 1147 1008 1168 corr.
1032 1137 1057 1168 F
1071 1138 1101 1177 Q
1119 1150 1125 1169 :
1147 1138 1294 1180 γεγονότ’
1309 1137 1346 1169 5¹
1426 1147 1443 1177 7
1459 1150 1559 1178 oeyouv
1572 1138 1596 1168 S

267 1194 300 1214 11
328 1185 367 1216 ἂν
384 1189 460 1223 post
475 1185 512 1217 ιὸν
527 1183 605 1213 add.
625 1182 723 1213 Blass
858 1192 896 1212 12
921 1182 940 1219 ἢ
956 1182 1038 1213 secl.
1059 1183 1156 1214 Blass
1280 1193 1317 1221 13
1342 1181 1472 1224 εὐτύχει
1488 1192 1552 1213 om.
1573 1180 1597 1211 S

312 1227 350 1259 In
369 1228 393 1259 S
410 1228 636 1268 subscriptum

695 1284 801 1313 ΠΡΟΣ
826 1282 1167 1313 ἨΡΑΚΛΕΟΔΩΡΟΝ

861 1343 888 1368 Δ
903 1342 929 1367 Δ
945 1343 971 1368 Δ
988 1343 1013 1368 Δ

762 1389 792 1432 (ἶ
802 1388 817 1423 Ϊ
828 1388 845 1422 ἶ
860 1391 938 1421 add.
960 1390 1104 1429 Burger)
