1763 2778
126 124 268 178 [1407]
678 118 779 173 [ΔΗ
793 119 1200 174 ΜΟΣΘΕΝΟΎΣ]
1543 119 1620 175 [Lx1

289 222 461 273 τοσαύτη
497 221 621 263 πειθὼ
659 222 719 263 καὶ
755 221 868 275 χάρις
906 222 969 263 καὶ
1004 222 1046 262 ἐν
1071 223 1129 264 οἷς
1163 222 1395 273 σπουδάζεις
1437 224 1528 264 ἐστι’
1555 241 1620 265 σοι

290 289 353 329 καὶ
378 290 418 329 ἐν
446 290 504 332 οἷς
528 289 690 339 παίζεις.
751 289 811 329 καὶ
837 290 912 341 γὰρ
937 287 1076 339 εὐήθης
1102 289 1380 341 ἀναμαρτήτως
1407 291 1468 330 καὶ
1495 290 1620 333 δεινὸς

289 355 333 396 οὐ
359 355 559 406 κακοήθως
593 357 656 397 καὶ
692 355 975 409 φιλάνθρωπος
1008 358 1249 408 ἐλευθερίως,
1278 357 1340 397 καὶ
1371 356 1416 397 τὸ
1447 357 1620 399 σύνολον

288 426 463 464 τοιοῦτος
488 423 534 469 εἴ,
562 424 644 465 οἶος
669 422 717 463 ἂν
741 422 788 473 ἐξ
810 423 972 474 Ἀρετῆς
991 423 1074 465 υἱὸς
1093 422 1241 474 ’Έρωτι
1266 423 1431 476 γένοιτο.

226 500 267 524 22
355 489 439 539 Τὴν
467 491 598 530 τοίνυν
633 489 816 542 ἀνδρείαν
845 489 949 540 (οὐδὲ
978 491 1053 542 γὰρ
1084 489 1188 530 τοῦτ’
1222 489 1332 541 ἄξιόν
1354 492 1468 531 ἐστιν
1493 508 1617 544 παρα·
1640 516 1656 547 5

286 560 432 602 λιπεῖν,
470 556 546 610 οὐχ
579 557 629 599 ὡς
664 557 709 597 οὐ
738 556 895 607 πολλὴν
929 558 1110 597 ἐπίδοσιν
1146 557 1319 611 ἐχούσης
1356 557 1413 598 ἔτι
1439 560 1509 608 τῆς
1543 561 1618 609 σῆς

287 622 460 675 φύσεως,
487 623 551 664 καὶ
586 627 655 663 τοῦ
688 623 906 673 μέλλοντος
931 624 1077 676 χρόνου
1102 625 1261 666 πλείους
1287 625 1469 676 ἀφορμὰς
1493 642 1617 677 παρα-

288 690 486 732 δώσοντος
524 690 657 742 λόγων
694 694 776 731 τοῖς
814 692 991 731 ἐπαινεῖν
1028 708 1075 732 σε
1112 692 1389 741 βουλομένοις,
1432 692 1525 732 ἀλλ’
1569 692 1619 736 ὡς

122 756 266 812 [1408]
290 761 517 798 καλλίστων
545 759 670 798 ὄντων
694 761 773 798 τῶν
795 759 895 809 μετὰ
920 758 1062 808 ταύτης
1087 760 1157 808 τῆς
1187 758 1343 809 ἡλικίας
1368 759 1551 806 ἐπαίνων,
1576 760 1621 800 ἐν

287 822 312 879 ᾗ
339 823 384 863 τὸ
408 826 530 874 μηδὲν
563 823 848 876 ἐξαμαρτάνειν
881 829 963 866 τοῖς
995 824 1137 866 ἄλλοις
1173 824 1315 866 εὐκτόν
1341 824 1456 876 ἐστι),
1489 830 1563 867 σοῦ
1586 824 1620 866 δ’
1643 847 1681 869 10

289 891 352 931 ἐπὶ
382 895 547 931 πολλῶν
579 893 652 942 μὲν
678 891 725 932 ἄν
761 908 819 933 τις
854 892 915 932 καὶ
950 891 1095 944 ἑτέρων
1128 891 1200 942 τὴν
1235 893 1419 944 ἀνδρείαν
1453 892 1618 940 διέλθοι,

287 957 463 1008 μάλιστα
487 957 519 997 δ’
548 957 612 999 ἐπὶ
643 960 713 1009 τῆς
744 957 967 1009 ἀσκήσεως,
999 958 1044 1009 ἧς
1075 958 1136 999 καὶ
1165 963 1352 1000 πλεῖστοι
1387 959 1620 1011 γεγένηνται

224 1041 267 1074 23
286 1023 488 1077 μάρτυρες.
561 1024 712 1078 ἀνάγκη
755 1024 788 1066 δ’
834 1027 934 1067 ἴσως
973 1029 1128 1077 πρῶτον
1169 1027 1308 1073 εἰπεῖν,
1357 1026 1503 1077 ταύτην
1548 1026 1620 1078 τὴν

287 1092 459 1144 ἀγωνίαν
486 1092 537 1134 ὡς
563 1096 693 1134 καλῶς
717 1092 916 1144 προείλου.
987 1096 1030 1133 τὸ
1055 1094 1130 1145 γὰρ
1156 1093 1294 1144 ὀρθῶς,
1320 1092 1343 1134 ὅ
1364 1109 1404 1135 τι
1425 1093 1619 1147 πρακτέον

287 1159 409 1205 ἐστίν,
437 1158 527 1199 νέον
560 1161 657 1200 ὄντα
690 1158 914 1210 δοκιμάσαι,
942 1159 1005 1200 καὶ
1036 1162 1174 1213 ψυχῆς
1198 1160 1350 1213 ἀγαθῆς
1375 1160 1437 1201 καὶ
1463 1162 1619 1213 γνώμης
1643 1173 1679 1205 Ῑ5

288 1226 480 1278 φρονίμου
505 1227 636 1267 κοινόν
663 1227 772 1267 ἐστιν
799 1229 977 1277 σημεῖον·
1016 1226 1064 1267 δι’
1083 1228 1138 1268 ὧν
1158 1226 1362 1280 οὐδέτερον
1380 1232 1619 1280 παραλιπεῖν

286 1292 396 1343 ἄξιον
425 1296 493 1333 τὸν
518 1295 587 1344 τῆς
618 1292 885 1346 προαιρέσεως
915 1294 1092 1335 ἔπαινον.
1165 1295 1352 1337 συνειδὼς
1384 1296 1516 1336 τοίνυν
1541 1299 1619 1336 τῶν

285 1362 359 1411 μὲν
390 1359 526 1401 ἄλλων
555 1360 794 1412 ἀθλημάτων
828 1362 890 1402 καὶ
914 1362 1077 1402 δούλους
1105 1362 1167 1403 καὶ
1199 1360 1337 1413 ξένους
1360 1361 1616 1416 μετέχοντας,

287 1429 354 1466 τοῦ
379 1426 410 1467 δ’
436 1428 672 1478 ἀποβαίνειν
697 1428 832 1479 μόνοις
856 1430 929 1479 μὲν
952 1432 1034 1470 τοῖς
1059 1430 1240 1470 πολίταις
1265 1427 1451 1478 ἐξουσίαν
1480 1429 1616 1476 οὖσαν,

289 1493 519 1545 ἐφιεμένους
545 1496 587 1535 δὲ
611 1494 701 1537 τοὺς
725 1496 978 1547 βελτίστους,
1006 1497 1126 1536 οὕτως
1155 1497 1218 1536 ἐπὶ
1243 1500 1380 1537 τοῦτον
1403 1495 1472 1537 τὸν
1498 1495 1618 1548 ἀγῶν’
1643 1510 1680 1532 20

222 1574 265 1609 24
286 1560 484 1612 ὥρμησας.
556 1562 613 1602 ἔτι
653 1564 692 1602 δὲ
733 1563 874 1614 κρίνων
912 1562 1002 1605 τοὺς
1036 1564 1108 1614 μὲν
1145 1561 1195 1603 τὰ
1230 1565 1394 1615 δρομικὰ
1430 1564 1619 1616 γυμναζο-

284 1627 426 1677 μένους
457 1629 569 1669 οὐὸὲν
603 1632 699 1681 πρὸς
730 1630 911 1681 ἀνδρείαν
937 1629 1017 1670 οὐδ’
1051 1630 1249 1682 εὐψυχίαν
1275 1630 1501 1676 ἐπιδιδόναι,
1529 1630 1619 1672 τοὺς

285 1697 327 1735 δὲ
360 1694 430 1745 τὴν
454 1695 610 1747 πυγμὴν
645 1696 707 1736 καὶ
732 1697 780 1736 τὰ
813 1696 958 1736 τοιαῦτ’
982 1695 1238 1747 ἀσκήσαντας
1263 1697 1360 1749 πρὸς
1384 1701 1437 1752 τῷ
1465 1697 1618 1748 σώματι

286 1761 350 1802 καὶ
373 1761 443 1812 τὴν
468 1762 630 1814 γνώμην
648 1763 963 1815 διαφθείρεσθαι,
983 1763 1028 1803 τὸ
1049 1764 1294 1814 σεμνότατον
1314 1765 1376 1804 καὶ
1398 1763 1617 1805 κάλλιστον

286 1832 364 1868 τῶν
399 1829 686 1881 ἀγωνισμάτων
723 1830 785 1870 καὶ
820 1829 998 1880 μάλιστα
1038 1830 1137 1882 πρὸς
1177 1830 1248 1881 τὴν
1290 1834 1456 1871 σεαυτοῦ
1492 1831 1617 1884 φύσιν
1638 1846 1676 1878 25

287 1896 480 1946 ἁρμόττον
505 1895 688 1946 ἐξελέξω,
717 1902 765 1953 τῇ
798 1898 871 1948 μὲν
901 1898 1091 1951 συνηθείᾳ
1114 1901 1192 1937 τῶν
1215 1898 1354 1938 ὅπλων
1380 1898 1442 1938 καὶ
1466 1903 1514 1954 τῇ
1537 1902 1615 1938 τῶν

287 1962 439 2014 δρόμων
464 1964 681 2017 φιλοπονίᾳ
705 1967 787 2005 τοῖς
814 1965 856 2004 ἐν
879 1968 932 2018 τῷ
959 1963 1120 2019 πολέμῳ
1144 1965 1437 2015 συμβαίνουσιν
1464 1964 1612 2015 ὡμοιω-

284 2028 417 2080 μένον,
444 2035 491 2086 τῇ
528 2032 568 2070 δὲ
605 2032 926 2084 μεγαλοπρεπείᾳ
967 2030 1030 2071 καὶ
1056 2037 1105 2088 τῇ
1143 2032 1356 2081 σεμνότητι
1390 2033 1459 2081 τῆς
1491 2048 1616 2081 παρα-

223 2105 263 2141 25
287 2098 429 2146 σκευῆς
465 2095 561 2147 πρὸς
597 2096 669 2147 τὴν
705 2101 783 2137 τῶν
820 2100 919 2138 θεῶν
956 2097 1118 2148 δύναμιν
1155 2097 1403 2149 εἰκασμένον,
1440 2097 1537 2150 πρὸς
1573 2099 1615 2139 δὲ

286 2162 437 2205 τούτοις
459 2163 626 2214 ἡδίστην
651 2165 724 2215 μὲν
749 2163 844 2205 θέαν
868 2164 976 2217 ἔχον,
1006 2166 1047 2205 ἐκ
1073 2165 1275 2205 πλείστων
1303 2167 1343 2205 δὲ
1373 2164 1436 2205 καὶ
1466 2181 1609 2205 παντο·
1634 2179 1675 2210 3ο

332 2281 345 2301 1
365 2283 416 2303 σοι
436 2272 460 2302 F
473 2283 556 2303 corr.
574 2283 581 2302 :
602 2286 660 2304 σου
678 2271 702 2303 S
715 2271 751 2302 F¹
765 2272 796 2303 Y
856 2282 877 2311 3
893 2273 932 2304 τὸ
949 2272 1100 2313 σύνολον]
1119 2272 1288 2304 συνελόντι
1305 2272 1331 2302 F
1345 2286 1396 2314 γρ.
1410 2272 1502 2314 Ωγρ.
1517 2272 1609 2313 Υγρ.

285 2325 305 2354 4
327 2316 471 2347 τοιοῦτος
495 2315 525 2347 εἶ
544 2325 610 2346 om.
638 2314 695 2353 S¹;
721 2316 796 2346 add.
824 2315 857 2346 in
884 2326 949 2354 mg.
977 2327 1022 2347 m.
1048 2326 1097 2356 pr.
1184 2317 1221 2347 ἂν
1246 2315 1363 2346 SYr:
1387 2317 1425 2347 ἄν
1448 2329 1496 2348 τις
1519 2316 1608 2354 vulg.

280 2359 397 2400 ’Ἔρωτι
413 2359 438 2389 F
449 2371 499 2399 Ὑρ.
516 2357 545 2396 Q
559 2373 612 2402 γρ.
628 2370 636 2390 :
663 2361 771 2399 ε’ρῶντι
787 2359 810 2389 S
822 2358 846 2388 F
860 2358 890 2396 Q
903 2358 932 2388 Y
944 2369 960 2389 r
1035 2369 1052 2398 7
1077 2359 1321 2400 παραδώσοντας
1336 2359 1359 2389 S
1372 2369 1387 2388 r
1469 2369 1490 2398 9
1512 2358 1610 2399 μετὰ]

286 2402 367 2433 κατὰ
383 2401 546 2433 Schaeser
646 2412 684 2432 10
707 2401 780 2442 σοῦ]
807 2404 842 2434 οὐ
867 2401 904 2432 S¹
921 2402 951 2432 D
1046 2412 1084 2441 13
1107 2401 1231 2440 ταύτην
1249 2403 1345 2433 codd.
1363 2413 1372 2433 t
1395 2403 1495 2439 αὐτὴν
1513 2401 1611 2432 Blass

286 2456 327 2485 23
343 2446 404 2483 τὴν
413 2456 476 2477 om.
493 2457 508 2476 r
523 2445 552 2475 D
642 2455 682 2483 27
701 2445 892 2485 ὁμοιωμένον
906 2444 930 2475 5
1019 2454 1063 2484 30
1078 2446 1376 2477 παντοδαπωτάτων
1390 2444 1538 2475 Dindorf
