1763 2778
114 138 249 193 [1233]
682 137 765 174 ΔΗ
778 136 1170 175 ΜΟΣΘΕΝΟΎΣ
1539 133 1591 175 [ιι

268 238 483 288 προσῆκον.
548 234 672 276 ἔπειθ’
706 236 826 277 οὕτως
855 235 1120 287 ὀλιγωροῦσιν
1147 238 1216 274 τοῦ
1249 237 1378 274 δοκεῖν
1408 235 1590 277 ἐπιεικεῖς

269 304 381 350 εἶναι,
411 304 473 343 καὶ
500 307 704 344 παντελῶς
737 302 866 342 τᾶλλα
898 300 1075 354 πάρεργα
1105 300 1201 353 πρὸς
1232 301 1277 341 τὸ
1305 305 1451 352 λαβεῖν
1480 302 1587 352 νομί-

269 371 416 420 ζουσιν,
444 369 540 410 ὥστ’
571 369 614 409 οὐ
649 370 771 420 μόνον
804 373 884 411 τοῖς
915 370 1106 421 πρότερον
1141 370 1322 420 ῥηθεῖσιν
1358 367 1426 421 ὑφ’
1461 369 1590 409 αὐτῶν

268 438 428 478 ἐναντία
461 440 665 487 τολμῶσιν
700 439 949 489 δημηγορεῖν,
978 436 1085 476 ἀλλὰ
1118 436 1181 477 καὶ
1215 439 1283 476 νῦν
1309 435 1352 476 οὐ
1378 434 1500 476 ταύτὰ
1524 435 1590 476 λέ-

267 521 406 557 γουσιν
433 506 596 551 ἑαυτοῖς,
625 505 766 546 οἵτινες
790 503 880 545 τοὺς
909 505 981 554 μὲν
1007 502 1151 545 ναύτας
1180 503 1284 555 φασὶ
1317 505 1398 543 δεῖν
1423 503 1588 546 οἰκείους
1609 519 1626 551 5

268 571 368 612 εἶναι
383 573 452 622 τῆς
471 570 648 624 τριήρους
669 573 737 621 τῆς
755 569 990 623 ληψομένης
1010 570 1078 610 τὸν
1099 569 1314 622 στέφανον,
1333 574 1410 610 τῶν
1429 571 1470 610 δὲ
1486 587 1590 622 τριη-

267 637 426 692 ράρχων
462 637 551 680 τοὺς
589 638 905 689 ἠλλοτριωκότας
943 636 1081 679 αὑτοὺς
1118 636 1195 677 ἀπὸ
1237 640 1305 688 τῆς
1339 638 1587 693 λῃτουργίας,

207 712 247 746 18
267 705 427 747 τούτους
453 709 714 758 στεφανῶσαι
744 705 962 745 κελεύουσι.
1026 705 1087 745 καὶ
1114 705 1217 756 φασὶ
1245 706 1317 755 μὲν
1342 703 1481 744 οὐδένα
1505 705 1590 744 τού-

267 789 344 812 των
370 772 560 824 πρότερον
584 771 981 823 παρασκευάσασθαι,
1006 771 1212 812 κελεύουσι
1237 773 1279 812 δὲ
1306 777 1413 828 κοινῇ
1440 778 1590 824 στεφα·

266 842 360 881 νοῦν
392 839 505 890 ἡμᾶς,
533 843 602 879 τοῦ
637 840 904 892 ψηφίσματος
939 839 984 879 οὐ
1019 842 1141 879 ταῦτα
1173 837 1376 891 λέγοντος.
1447 839 1524 891 ἐγὼ
1549 840 1590 879 δὲ
1616 854 1651 876 10

267 906 457 947 τοσούτου
491 905 564 946 δέω
597 909 712 946 τοῦτο
743 909 965 959 συγχωρεῖν
994 907 1167 958 ὅσουπερ
1203 906 1265 946 καὶ
1300 905 1592 956 μεμισθωκέναι

267 973 337 1024 τὴν
362 974 629 1027 τριηραρχίαν·
674 973 763 1014 οὔτε
787 974 862 1026 γὰρ
887 972 991 1013 τοῦθ’
1023 971 1271 1024 ὑπομείναιμ’
1297 971 1344 1013 ἂν
1369 972 1448 1013 οὔτ’
1475 972 1590 1013 ἐκεῖν’

269 1041 451 1091 ἐποίησα.
522 1043 831 1092 προσποιοῦνται
855 1042 926 1092 μὲν
942 1041 1073 1081 τοίνυν
1088 1041 1185 1092 ὑπὲρ
1210 1044 1277 1080 τοῦ
1297 1041 1444 1081 δικαίου
1471 1057 1589 1090 συνη-

267 1111 411 1160 γορεῖν,
454 1107 744 1158 σπουδάζουσιν
783 1110 824 1148 δὲ
865 1110 1022 1158 μᾶλλον
1061 1104 1084 1157 ἢ
1127 1106 1255 1159 προῖκ’
1302 1106 1349 1147 ἄν
1391 1124 1449 1149 τις
1485 1108 1592 1158 ὑμῶν

267 1173 462 1227 πράττων,
489 1175 623 1228 ὥσπερ
647 1174 737 1226 ἄξια
760 1178 829 1214 τοῦ
852 1177 997 1225 μισθοῦ
1023 1176 1188 1224 ποιῆσαι
1205 1176 1407 1226 προσῆκον
1427 1176 1590 1220 ἑαυτοῖς,
1616 1190 1651 1222 15

207 1254 248 1288 19
269 1241 359 1282 ἀλλ’
385 1242 429 1282 οὐ
455 1242 613 1294 γνώμην
643 1240 941 1295 ἀποφήνασθαι.
1011 1240 1081 1282 εἶθ’
1103 1242 1238 1293 ὥσπερ
1272 1240 1362 1295 οὐχὶ
1392 1242 1593 1284 πολιτείας

270 1311 398 1359 κοινῆς
423 1309 657 1363 μετέχοντες
684 1309 745 1349 καὶ
762 1310 826 1349 διὰ
850 1313 971 1349 ταῦτα
995 1312 1048 1363 τῷ
1073 1308 1308 1363 βουλομένῳ
1329 1307 1463 1361 λέγειν
1488 1307 1590 1359 ἐξόν,

269 1375 361 1416 ἀλλ’
388 1377 605 1428 ἱερωσύνην
639 1377 740 1417 ἰδίαν
771 1376 884 1416 αὐτοί
906 1393 994 1417 τινα
1025 1375 1170 1424 ταύτην
1195 1375 1366 1428 ἔχοντες,
1396 1377 1462 1416 ἐὰν
1495 1377 1592 1427 ὑπὲρ

268 1447 346 1483 τῶν
371 1444 530 1484 δικαίων
557 1445 598 1484 ἐν
623 1445 714 1494 ὑμῖν
738 1460 796 1486 τις
822 1445 923 1500 εἴπῃ,
951 1441 1059 1484 δεινὰ
1091 1442 1320 1495 πάσχουσιν
1355 1444 1417 1483 καὶ
1443 1443 1592 1495 θρασὺν

270 1510 375 1551 εἶναί
407 1516 547 1563 φασιν.
617 1511 680 1551 καὶ
718 1511 772 1552 εἷς
808 1514 998 1550 τοσοῦτον
1033 1511 1298 1560 ἀναισθησίας
1336 1508 1590 1562 προήκουσιν,
1615 1526 1654 1548 20

269 1576 365 1617 ὥστ’
391 1579 541 1618 οἴονται
564 1576 633 1618 τὸν
658 1576 766 1628 ἅπαξ
788 1576 954 1629 εἰρηκότ’
979 1577 1027 1617 ἂν
1053 1576 1282 1617 καλέσωσιν
1306 1577 1456 1627 ἀναιδῆ,
1484 1579 1593 1629 σφᾶς

270 1644 406 1685 αὐτοὺς
439 1643 553 1685 πάντ’
589 1640 674 1697 (ἂν)
709 1644 780 1685 τὸν
814 1645 908 1695 βίον
943 1643 1085 1685 καλοὺς
1123 1643 1316 1696 κάγαθοὺς
1350 1644 1592 1695 νομίζεσθαι.

207 1729 251 1753 20
271 1713 396 1752 καίτοι
420 1713 483 1752 διὰ
507 1714 580 1763 μὲν
612 1713 682 1754 τὰς
705 1711 853 1752 τούτων
890 1711 1131 1763 δημηγορίας
1160 1712 1294 1752 πολλὰ
1329 1714 1463 1764 χεῖρον
1493 1710 1591 1764 ἔχει,

113 1777 250 1833 [1234]
270 1780 332 1820 διὰ
364 1778 454 1821 τοὺς
490 1778 522 1819 δ’
559 1778 760 1830 οἰομένους
796 1781 878 1819 δεῖν
899 1780 960 1828 τὰ
996 1776 1110 1819 δίκαι’
1148 1777 1371 1830 ἀντιλέγειν
1401 1777 1444 1818 οὐ
1478 1775 1592 1818 πάντ’

269 1846 495 1886 ἀπόλωλεν.
549 1846 748 1888 τοιούτους
762 1847 894 1886 τοίνυν
919 1844 1009 1887 τοὺς
1035 1848 1295 1898 συνεροῦντας
1320 1846 1449 1886 αὐτοῖς
1473 1861 1591 1896 παρε-
1615 1861 1652 1892 ²5

270 1911 546 1964 σκευασμένοι,
576 1913 637 1953 καὶ
662 1912 858 1963 τοσαύτην
893 1912 1162 1964 βλασφημίαν
1189 1913 1334 1954 εἰδότες
1360 1913 1483 1953 οὖσαν
1507 1910 1592 1952 καθ’

253 1981 414 2020 -ἑαυτῶν
440 1984 523 2021 τοῖς
548 1978 808 2031 βουλομένοις
827 1996 865 2019 τι
889 1978 1023 2031 λέγειν
1043 1983 1234 2031 φλαῦρον,
1261 1980 1365 2030 ὅμως
1391 1980 1444 2020 εἰς
1468 1979 1593 2031 λόγον

268 2045 446 2096 ἠξίωσαν
480 2049 722 2097 καταστῆναι
759 2047 821 2088 καὶ
857 2050 982 2088 κακῶς
1007 2045 1079 2086 τιν’
1110 2047 1338 2097 ἐτόλμησαν
1372 2047 1508 2092 εἰπεῖν,
1534 2046 1592 2086 οῖς

270 2113 474 2166 ἀγαπητὸν
500 2113 546 2164 ἦν
569 2113 622 2165 μὴ
648 2113 875 2167 πάσχουσιν
901 2117 1027 2155 κακῶς
1051 2112 1194 2155 αὐτοῖς.

313 2234 332 2253 2
349 2223 505 2264 πάρεργον
515 2222 576 2254 Aa:
593 2222 777 2264 περίεργαΡ
845 2232 864 2261 5
881 2222 940 2262 μὲν
950 2233 1013 2254 om.
1025 2221 1074 2256 5¹,
1089 2223 1165 2254 add.
1182 2222 1214 2252 in
1227 2233 1293 2262 mg.
1307 2223 1380 2254 ead.
1395 2233 1437 2253 m.
1508 2222 1589 2263 δεῖν]

270 2270 374 2299 δοκεῖν
391 2265 441 2297 Ab
542 2277 563 2306 9
587 2266 838 2308 παρεσκευάσθαι
855 2265 901 2296 Aa
1036 2276 1074 2296 10
1099 2268 1176 2306 ὑμᾶς
1194 2265 1231 2296 Sl
1347 2276 1381 2296 11
1409 2267 1458 2298 καὶ
1477 2276 1542 2297 om.
1561 2265 1592 2296 A

273 2321 310 2350 15
335 2313 440 2343 αὐτοῖς
455 2310 486 2340 Α
611 2321 652 2341 20
678 2312 810 2348 ἥκουσιν
825 2310 872 2340 Aa
990 2320 1027 2339 21
1054 2309 1180 2350 ἀναιδῆ]
1199 2308 1322 2350 ἀνάγκη
1339 2311 1376 2348 δὴ
1394 2309 1477 2350 Γγρ.
1496 2309 1588 2350 Ωγρ.

270 2365 311 2384 22
334 2354 426 2387 πάντ’
438 2355 475 2386 ἂν
489 2353 605 2385 Stahl:
631 2353 737 2386 πάντα
747 2354 843 2384 codd.
862 2364 868 2384 z
892 2353 965 2385 τοὺς
976 2353 1079 2384 πάντα
1092 2353 1200 2391 Blass,
1213 2353 1377 2394 εἰρηκότας
1388 2354 1592 2384 subaudiens

270 2409 311 2435 24
334 2399 408 2430 τοὺς
425 2398 467 2438 δ’]
485 2398 517 2430 δὲ
535 2399 608 2430 τοὺς
623 2397 655 2427 Α
769 2407 810 2436 25
837 2399 1045 2438 συνεροῦντας
1064 2397 1121 2435 Α“,
1141 2397 1249 2428 Cobet
1265 2410 1270 2428 :
1296 2399 1550 2438 συνηγοροῦντας
1567 2396 1592 2427 S

270 2441 360 2481 vulg.
515 2443 557 2472 26
575 2440 752 2482 τοσαύτην]
770 2442 844 2473 τοὺς
861 2442 959 2479 αὐτὴν
976 2439 1014 2472 Sl
1146 2451 1187 2480 29
1212 2442 1301 2473 αὐτοί
1315 2440 1346 2471 Α
