1763 2778
111 132 249 187 [1230]

210 254 253 279 10

121 306 250 359 [1231]

210 787 247 813 11

209 1323 250 1350 12

210 1784 250 1818 13

667 133 1150 172 ΔΙΙΜΟΣΘΕΝΟὙΣ
1548 125 1598 180 [Lx

274 235 533 287 φανώσαντες
549 233 751 286 φανείητε.
812 232 875 272 καὶ
892 231 969 284 μὴν
989 232 1032 272 οὐ
1051 232 1171 282 μόνον
1192 231 1225 271 εἰ
1240 232 1354 270 τοῦτο
1373 231 1595 279 ποιήσαιτε,

272 301 412 342 δοκεῖτ’
433 301 480 342 ἂν
499 303 703 352 ἁμαρτεῖν,
723 299 815 341 ἀλλ’
834 301 867 340 εἰ
882 298 934 350 μὴ
957 299 1018 339 καὶ
1037 297 1252 338 κολάσαιτε
1267 296 1358 338 τοὺς
1373 298 1420 336 τὰ
1439 299 1598 337 τοιαῦτα

272 372 492 415 ποιοῦντας,
513 367 687 422 ἔχοντες.
748 366 792 407 οὐ
817 368 893 419 γὰρ
910 367 1068 406 ἐπειδὰν
1085 364 1230 415 ἐάσητέ
1248 381 1284 404 τι
1303 368 1380 404 τῶν
1400 362 1596 414 ὑμετέρων

271 435 507 481 ἀπολέσθαι,
534 436 623 476 τότε
647 433 722 488 χρὴ
748 434 1022 487 χαλεπαίνειν,
1045 431 1138 473 ἀλλ’
1161 433 1208 472 ἐν
1231 429 1259 486 ᾧ
1279 432 1327 471 τὰ
1352 432 1424 481 μὲν
1441 429 1596 482 ὑμέτερ’

272 503 385 543 ἐστὶν
410 505 476 549 σᾶ,
505 505 697 554 καθορᾶτε
722 503 763 542 δὲ
796 500 885 542 τοὺς
913 499 1186 552 ἐφεστηκότας
1211 497 1260 538 δι’
1291 497 1596 550 αἰσχροκερδίαν

270 570 361 623 οὐχὶ
399 568 684 622 προσήκουσαν
717 568 908 621 πρόνοιαν
946 567 1035 619 περὶ
1070 567 1268 617 σωτηρίας
1303 564 1431 606 αὐτῶν
1467 581 1598 605 ποιου-

269 637 422 688 μένους.
494 636 556 677 καὶ
579 635 715 688 μηδεὶς
737 636 846 687 ὑμῶν
870 632 1086 690 ἐπιτιμήσῃ
1110 637 1162 689 τῷ
1187 634 1310 689 λόγῳ,
1329 630 1473 684 πικρὸν
1497 631 1598 672 εἶναι

270 705 449 755 νομίσας,
471 705 576 744 ἀλλὰ
593 707 674 745 τοῖς
698 702 743 742 τὸ
769 703 886 755 ἔργον
902 701 996 742 αὐτὸ
1016 702 1287 752 πεποιηκόσιν·
1325 701 1390 741 διὰ
1415 700 1490 753 γὰρ
1508 698 1596 739 τού-

270 788 359 812 τους
383 771 560 812 τοιοῦτός
585 772 708 811 ἐστιν.
771 768 950 820 θαυμάζω
970 769 1002 809 δ’
1021 769 1158 821 ἔγωγε,
1177 769 1219 809 τί
1239 767 1284 818 δή
1306 784 1400 808 ποτε
1425 770 1503 807 τῶν
1526 768 1598 818 μὲν

271 842 423 879 ναυτῶν
440 838 531 879 τοὺς
559 836 907 889 ἀπολειπομένους,
926 837 981 876 ὧν
1005 835 1213 888 τριάκοντα
1230 836 1406 888 δραχμὰς
1429 834 1597 874 ἕκαστος

271 905 356 958 ἔχει
379 905 513 956 μόνας,
535 907 649 944 δοῦσι
676 904 738 944 καὶ
764 902 1002 954 κολάζουσιν
1028 903 1148 943 οὗτοι·
1186 906 1264 943 τῶν
1289 904 1332 943 δὲ
1350 899 1599 954 τριηράρχων

270 972 360 1014 τοὺς
374 971 427 1023 μὴ
445 970 735 1023 συμπλέοντας,
758 972 813 1012 ὧν
828 970 1039 1022 τριάκοντα
1053 973 1153 1021 μνῖις
1171 971 1222 1010 εἰς
1243 969 1415 1010 ἔκπλουν
1431 969 1598 1020 εἴληφεν

271 1040 455 1090 ἕκαστος,
478 1040 524 1080 οὗ
548 1039 672 1080 ταύτὰ
695 1037 835 1079 ποιεῖθ’
860 1039 980 1089 ὑμεῖς·
1019 1036 1111 1077 ἀλλ’
1132 1038 1202 1078 ἐὰν
1226 1039 1298 1088 μὲν
1318 1036 1436 1087 πένης
1461 1035 1515 1076 ὥν
1539 1053 1599 1078 τις

271 1106 321 1146 δι’
346 1106 500 1147 ἔνδειαν
523 1105 690 1163 ἁμάρτῃ,
706 1110 789 1148 τοῖς
813 1104 1004 1159 ἐσχάτοις
1025 1105 1234 1156 ἐπιτιμίοις
1260 1102 1444 1154 ἐνέξεται,
1466 1103 1536 1144 ἐὰν
1553 1105 1595 1143 δὲ

270 1173 465 1214 πλούσιος
496 1173 551 1214 ὢν
579 1172 629 1214 δι’
661 1173 966 1227 αἰσχροκερδίαν
1001 1172 1124 1213 ταύτὰ
1160 1170 1323 1228 ποιήσῃ,
1358 1170 1596 1224 συγγνώμης

270 1239 467 1292 τεύξεται,·
506 1241 567 1281 καὶ
592 1244 667 1281 ποῦ
690 1240 736 1281 τὸ
762 1239 910 1282 πάντας
934 1239 1043 1294 ἔχειν
1067 1241 1158 1280 ἴσον
1179 1239 1239 1279 καὶ
1265 1239 1596 1290 δημοκρατεῖσθαι

271 1308 468 1360 φαίνεται,
495 1311 633 1348 τοῦτον
658 1307 725 1348 τὸν
750 1308 898 1360 τρόπον
920 1308 1028 1358 ὑμῶν
1051 1309 1173 1347 ταῦτα
1195 1306 1502 1358 βραβευόντων;
1539 1305 1599 1346 ἔτι

272 1377 404 1416 τοίνυν
430 1376 563 1428 ἔμοιγε
588 1378 699 1416 δοκεῖ
729 1374 873 1415 κάκεῖν’
900 1375 1056 1427 ἀλόγως
1086 1374 1208 1428 ἔχειν,
1234 1372 1305 1414 τὸν
1336 1375 1408 1424 μὲν
1439 1372 1599 1413 εἰπόντα

272 1459 311 1483 τι
332 1442 385 1493 μὴ
412 1444 510 1482 κατὰ
534 1442 625 1484 τοὺς
650 1443 805 1493 νόμους,
825 1443 894 1483 ἐὰν
910 1443 992 1496 ἁλῷ
1013 1440 1058 1482 τὸ
1077 1442 1222 1494 τρίτον,
1242 1440 1360 1492 μέρος
1377 1439 1599 1490 ἠτιμῶσθαι

271 1513 340 1549 τοῦ
377 1510 572 1560 σώματος,
616 1509 706 1551 τοὺς
739 1511 782 1551 δὲ
827 1508 879 1561 μὴ
919 1509 1057 1561 λόγον,
1098 1508 1190 1548 ἀλλ’
1216 1508 1331 1560 ἔργον
1369 1505 1599 1558 παράνομον

271 1578 534 1626 πεποιηκότας
571 1577 767 1628 μηδεμίαν
803 1578 938 1617 δοῦναι
973 1576 1097 1626 δίκην.
1171 1575 1233 1614 καὶ
1268 1573 1358 1625 μήν,
1397 1571 1427 1613 ὦ
1459 1573 1599 1625 ἄνδρες

271 1642 488 1694 Ἀθηναῖοι,
515 1642 660 1686 πάντες
684 1644 792 1694 ὑμεῖς
818 1641 971 1696 φήσετε
1003 1642 1049 1682 τὸ
1073 1641 1168 1694 πρὸς
1201 1644 1249 1682 τὰ
1281 1643 1441 1682 τοιαῦτα
1466 1640 1598 1693 πράως

272 1710 381 1764 ἔχειν
405 1710 686 1762 προδιδάσκειν
706 1709 861 1762 ἑτέρους
887 1711 1033 1750 ἀδικεῖν
1059 1709 1169 1750 εῖναι.

340 1777 540 1828 Βούλομαι
554 1778 698 1824 τοίνυν,
717 1776 928 1830 ἐπειδήπερ
954 1779 1171 1829 παρῆλθον,
1191 1775 1252 1816 καὶ
1270 1776 1318 1816 τὰ
1338 1774 1598 1826 συμβαίνοντ’

271 1844 348 1885 ἀπὸ
372 1848 449 1885 τῶν
473 1844 659 1886 τοιούτων
683 1845 774 1896 ὑμῖν
794 1842 1023 1894 διεξελθεῖν.
1084 1842 1242 1884 ἐπειδὰν
1266 1841 1342 1896 γάρ
1366 1858 1422 1883 τις
1446 1844 1595 1893 μισθω-

319 1963 338 1983 2
363 1953 478 1985 δοκεῖτ’
497 1954 619 1993 scripsi
638 1964 711 1985 cum
731 1954 799 1985 ΑΗ
823 1953 939 1986 δοκοῖτ’
957 1958 1036 1984 cett.
1187 1953 1232 1992 μὴ
1249 1954 1298 1984 καὶ
1317 1951 1341 1983 S
1359 1963 1366 1982 z
1390 1953 1439 1984 καὶ
1456 1951 1500 1991 μὴ
1520 1956 1598 1983 cett.

272 1997 431 2028 κολάσετε
446 1997 488 2028 S:
506 1997 668 2036 κολάσητε
683 1995 732 2027 Ab
811 2009 829 2036 4
847 1999 910 2039 χρὴ
927 1997 1015 2037 vulg.
1029 1995 1108 2038 Pap.
1125 2008 1132 2028 ε
1153 1997 1190 2034 δὴ
1204 1995 1244 2028 S:
1265 1999 1315 2027 δεῖ
1329 1996 1446 2026 Baiter
1519 2005 1539 2034 5
1557 1997 1598 2027 σΐι

274 2040 442 2071 Dindorf:
467 2043 535 2073 σῶα
550 2041 602 2071 vel
621 2045 699 2073 σωῑα
718 2042 814 2072 codd.
928 2041 1172 2082 αἰσχροκερδίαν
1189 2040 1241 2071 hic
1258 2045 1290 2070 et
1305 2039 1390 2070 infra
1407 2038 1432 2070 S
1445 2038 1485 2069 F¹
1499 2038 1530 2078 Q
1546 2038 1576 2069 D
1591 2050 1599 2069 :

272 2083 531 2125 αἰσχροκέρδειαν
547 2084 579 2115 Α
711 2087 732 2115 6
757 2087 860 2116 αὑτῶν
879 2084 902 2115 S
1035 2085 1101 2123 8-9
1124 2084 1256 2116 τούτους
1271 2085 1416 2115 τοιοῦτος
1431 2083 1478 2112 Aa
1493 2093 1500 2114 :
1523 2083 1599 2114 τοὺς

272 2127 435 2159 τοιούτους
451 2127 539 2160 τοῦτ’
555 2133 632 2159 cett.
705 2139 716 2159 1
728 2139 738 2158 1
761 2128 866 2160 δέουσι
885 2128 980 2159 codd.
1048 2138 1086 2158 12
1103 2127 1244 2159 ἔκπλουν
1259 2127 1386 2157 Reiske
1398 2126 1439 2157 cs.
1454 2126 1496 2156 18
1511 2137 1519 2156 :
1535 2127 1598 2158 ἐπί-

272 2177 376 2202 πλουν
391 2172 488 2202 codd.
600 2182 638 2211 13
661 2172 776 2212 ταύτὰ]
795 2185 899 2204 ταυτα
917 2172 960 2204 S:
983 2174 1085 2204 ταῦτα
1100 2171 1133 2201 Α
1238 2180 1275 2209 14
1302 2171 1468 2210 ἐπιτιμίοις
1485 2180 1550 2200 om.
1567 2169 1599 2199 A

276 2223 312 2252 15
337 2216 439 2246 ταύτὰ
455 2215 505 2244 Ab
523 2226 529 2246 :
554 2228 658 2247 ταυτα
675 2215 699 2246 S
717 2227 724 2245 Ξ
747 2218 849 2247 ταῦτα
863 2215 952 2253 vulg.
1048 2225 1084 2252 17
1109 2217 1255 2255 φανεῖται
1272 2214 1322 2243 Ab
1407 2214 1445 2244 18
1471 2213 1598 2254 ἔμοιγε]

274 2258 338 2297 ἐμοὶ
350 2257 399 2287 Ab
472 2268 511 2298 19
527 2260 565 2290 τὸ
581 2259 689 2300 τρίτον
705 2259 769 2289 del.
784 2258 912 2297 Riiger,
929 2258 988 2288 sed
1005 2258 1046 2289 cf.
1064 2258 1194 2297 Hyper.
1215 2257 1236 2287 ii
1252 2268 1299 2291 11.
1318 2267 1356 2287 12
1423 2267 1464 2287 22
1481 2256 1598 2288 πάντες

272 2300 296 2331 S
312 2312 318 2330 :
343 2300 459 2333 πάντες
477 2303 515 2334 ἂν
530 2307 609 2332 cett.
734 2303 857 2343 φήσετε
875 2301 978 2333 5Α”’;
1003 2302 1142 2342 φήσαιτε
1159 2305 1238 2332 cett.
1415 2310 1455 2338 23
1479 2301 1598 2331 ἀδικεῖν

271 2343 378 2374 Cobet
395 2345 470 2376 coll.
490 2347 570 2375 xxiv
587 2346 650 2375 218
665 2356 672 2375 τ
695 2346 821 2378 ἀδίκους
837 2346 933 2377 codd.
1088 2355 1128 2384 24
1152 2347 1313 2386 παρῆλθον
1330 2343 1418 2383 vulg.
1437 2355 1442 2373 :
1467 2345 1510 2375 εἰς
1525 2343 1598 2374 τού-

270 2401 342 2420 τους
358 2389 432 2421 τοὺς
455 2389 570 2429 λόγους
592 2391 752 2430 παρῆλθον
773 2389 824 2419 Ab
841 2399 849 2420 τ
873 2391 916 2421 εἷς
936 2388 1066 2421 τούτους
1089 2390 1164 2420 τοὺς
1182 2388 1299 2428 λόγους
1316 2388 1480 2429 προήχθην
1498 2386 1598 2418 Blass

272 2431 345 2462 coll.
365 2432 423 2462 xix
442 2442 483 2472 29
507 2457 509 2459 .
615 2442 656 2472 25
681 2435 751 2473 ὑμῖν
768 2437 844 2473 post
862 2434 1079 2472 συμβαίνοντα
1095 2431 1240 2463 collocat
1257 2429 1306 2461 Ab

1617 510 1635 542 5

1624 850 1661 872 10

1621 1521 1660 1542 20
