1763 2778
195 121 299 176 Lvm]
559 125 718 163 ΚΑΤΑ
770 122 1142 161 ΘΕΟΚΙἾΝΟΎ
1543 113 1681 168 [1342]

194 224 388 277 λέστερον
403 223 514 264 οὐδέν
531 225 653 264 ἐστιν.
703 222 745 262 τί
766 223 840 274 γὰρ
864 220 911 262 ἄν
931 238 988 262 τις
1004 221 1164 262 τούτους
1181 220 1284 271 εὕροι
1303 219 1521 272 χρησίμους
1540 228 1586 269 64

195 294 310 334 ὄντας
334 297 382 348 τῇ
408 291 544 338 πόλει;
581 290 672 332 τοὺς
701 290 930 330 ἀδικοῦντας
958 287 1004 337 νὴ
1042 285 1106 328 Δί’
1129 287 1237 327 οὗτοι
1271 286 1518 335 κολάζουσιν,

197 360 260 400 καὶ
292 359 355 398 διὰ
387 358 546 400 τούτους
579 357 765 398 ἐλάττους
791 356 896 396 εἰσὶν
919 356 1075 396 ἐκεῖνοι.
1123 354 1167 394 οὐ
1193 356 1301 403 δῆτα,
1329 352 1359 394 ὦ
1383 353 1521 405 ἄνδρες

195 425 387 472 δικασταί,
424 425 531 465 ἀλλὰ
565 425 628 465 καὶ
659 424 834 465 πλείους·
869 422 1016 464 εἰδότες
1048 423 1123 474 γαρ
1151 423 1188 461 οἱ
1219 421 1335 460 κακόν
1359 437 1397 460 τι
1422 424 1518 470 βου-

157 497 174 529 5
194 494 358 545 λόμενοι
387 491 575 544 πράττειν
607 492 668 532 ὅτι
695 491 850 532 τούτοις
880 489 993 531 ἐστὶν
1026 490 1105 530 ἀπὸ
1134 492 1212 528 τῶν
1236 487 1452 538 λημμάτων
1476 490 1520 527 τὸ

194 559 312 613 μέρος
347 559 496 606 δοτέον,
537 559 582 610 ἐξ
616 557 786 612 ἀνάγκης
823 558 940 609 μείζω
979 559 1256 609 προαιροῦνται
1298 556 1404 607 παρὰ
1443 557 1521 595 τῶν

194 626 331 667 ἄλλων
367 625 568 679 ἁρπάζειν,
605 627 671 666 ἵνα
707 625 758 677 μὴ
795 626 917 676 μόνον
951 625 1096 669 αὐτοῖς,
1123 624 1232 663 ἀλλὰ
1274 622 1335 662 καὶ
1371 621 1522 663 τούτοις

195 694 347 748 ἔχωσιν
370 694 618 735 ἀναλίσκειν.
669 693 732 733 καὶ
754 692 845 734 τοὺς
868 694 941 742 μὲν
970 691 1119 733 ἄλλους
1145 691 1236 730 ὅσοι
1263 692 1519 741 κακουργοῦν-
1542 695 1584 741 65

194 778 259 804 τες
290 760 528 813 βλάπτουσί
550 777 589 801 τι
623 760 712 801 τοὺς
745 758 1074 813 ἐντυγχάνοντας,
1102 757 1192 799 τοὺς
1219 759 1291 808 μὲν
1320 760 1399 796 τῶν
1422 757 1523 796 οἴκοι

136 844 176 865 10
195 828 379 882 φυλακὴν
405 826 734 878 καταστήσαντας
761 823 915 881 [σῴζειν
934 822 1046 878 ἔστι],
1071 826 1161 866 τοὺς
1184 823 1219 864 δ’
1245 825 1357 864 ἔνδον
1381 822 1519 874 μένον-

195 912 266 938 τας
301 898 372 946 τῆς
396 899 533 937 νυκτὸς
569 892 703 947 [μηδὲν
739 890 905 945 παθεῖν],
942 892 1032 934 τοὺς
1069 891 1101 932 δ’
1127 893 1190 932 ἑνί
1221 890 1269 943 γε’
1303 907 1355 945 τῳ
1392 890 1523 944 τρόπῳ

196 960 499 1016 φυλαξαμένους
536 963 668 1003 ἔνεστι
705 961 930 1001 διώσασθαι
962 959 1034 1010 τὴν
1068 963 1145 999 τῶν
1177 959 1295 998 κακόν
1326 974 1363 997 τι
1397 960 1524 997 ποιεῖν

195 1029 456 1082 βουλομένων
476 1027 710 1081 ἐπιβουλήν·
742 1028 832 1069 τοὺς
855 1029 898 1068 δὲ
924 1027 1148 1067 τοιουτουσὶ
1169 1024 1435 1077 συκοφάντας,
1457 1027 1527 1064 ποῖ

195 1096 272 1150 χρὴ
305 1096 568 1150 πορευθέντας
598 1096 731 1138 ἀδείας
759 1096 864 1148 παρὰ
894 1094 1043 1135 τούτων
1074 1096 1229 1146 τυχεῖν;
1268 1094 1306 1132 αἱ
1340 1093 1415 1143 γὰρ
1445 1094 1524 1131 τῶν

139 1177 175 1209 15
195 1163 334 1205 ἄλλων
356 1163 606 1215 ἀδικημάτων
632 1162 856 1216 καταφυγαὶ
878 1161 1032 1204 τούτοις
1057 1160 1158 1202 εἰσὶν
1178 1160 1375 1212 ἐργασίαι,
1398 1157 1522 1208 νόμοι,

196 1229 443 1284 δικαστήρια,
466 1230 673 1284 μάρτυρες,
698 1229 854 1283 ἀγοραί·
890 1230 935 1270 ἐν
953 1229 1010 1271 οἶς
1035 1230 1104 1270 τὰς
1129 1228 1255 1267 αὑτῶν
1279 1226 1411 1278 ῥώμας
1437 1226 1521 1265 ἐπι-

197 1299 430 1346 δείκνυνται,
452 1299 597 1352 φίλους
621 1300 694 1350 μὲν
711 1297 803 1340 τοὺς
827 1297 1006 1339 διδόντας
1031 1295 1270 1347 νομίζοντες,
1291 1291 1459 1346 ἐχθροὺς
1484 1294 1526 1333 δὲ

195 1365 286 1408 τοὺς
311 1365 568 1419 ἀπράγμονας
595 1366 656 1406 καὶ
682 1365 910 1406 πλουσίους.

261 1432 606 1484 Ἀναμνησθέντες
629 1433 711 1479 οὖν,
739 1431 768 1473 ὦ
792 1431 930 1484 ἄνδρες
955 1430 1150 1476 δικασταί,
1185 1428 1247 1469 καὶ
1277 1430 1347 1479 τῆς
1376 1426 1526 1467 τούτων
1545 1428 1592 1465 66

137 1514 177 1536 20
197 1501 387 1553 πονηρίας
420 1502 484 1542 καὶ
512 1504 590 1541 τῶν
623 1500 830 1553 προγόνων
858 1502 937 1539 τῶν
969 1496 1182 1549 ἡμετέρων,
1217 1497 1271 1536 ὧν
1304 1493 1527 1548 Ἐπιχάρης

195 1569 270 1619 μὲν
294 1568 314 1606 6
350 1567 508 1609 πάππος
539 1569 559 1607 6
593 1569 686 1618 ἐμὸς
715 1566 964 1618 Ὀλυμπίασι
995 1563 1159 1614 νικήσας
1192 1565 1333 1604 παῖδας
1365 1560 1526 1601 στάδιον
1549 1561 1688 1616 [1343]

197 1634 463 1688 ἐστεφάνωσε
494 1634 565 1685 τὴν
591 1635 723 1680 πόλιν,
752 1634 815 1674 καὶ
846 1634 952 1684 παρὰ
980 1635 1062 1672 τοῖς
1092 1630 1292 1683 ὑμετέροις
1317 1628 1526 1681 προγόνοις

198 1703 348 1753 ἐπιεικῆ
382 1701 501 1753 δόξαν
531 1702 636 1756 ἔχων
662 1700 937 1750 ἐτελεύτησεν·
975 1699 1086 1750 ἡμεῖς
1120 1700 1163 1740 δὲ
1191 1699 1257 1738 διὰ
1286 1699 1426 1737 τοῦτον
1459 1694 1528 1735 τὸν

198 1771 302 1811 θεοῖς
337 1768 482 1823 ἐχθρὸν
518 1767 820 1821 ἀπεστερήμεθα
859 1766 1001 1816 ταύτης
1038 1767 1107 1816 τῆς
1141 1764 1310 1810 πόλεως,
1348 1764 1445 1814 ὑπὲρ
1481 1761 1527 1813 ἧς
1546 1768 1591 1812 67

138 1846 176 1878 25
198 1835 508 1890 Ἀριστοκράτης
534 1837 554 1876 ὁ
579 1836 758 1881 Σκελίου,
787 1837 891 1876 θεῖος
919 1833 971 1874 ὢν
997 1831 1241 1886 Ἐπιχάρους
1268 1833 1338 1872 τοῦ
1363 1829 1527 1872 πάππου

197 1906 266 1943 τοῦ
289 1904 397 1955 ἐμοῦ,
423 1903 467 1944 οὗ
494 1904 577 1956 ἔχει
602 1901 779 1955 ἁδελφὸς
804 1901 941 1941 οὑτοσὶ
965 1900 1149 1951 τοῦνομα,
1177 1900 1312 1940 πολλὰ
1337 1899 1399 1938 καὶ
1426 1898 1528 1936 καλὰ

198 1969 513 2023 διαπραξάμενος
533 1970 629 2023 ἔργα
647 1968 904 2021 πολεμούσης
927 1969 996 2018 τῆς
1016 1968 1170 2008 πόλεως
1189 1964 1525 2016 Λακεδαιμονίοις,

242 2090 262 2118 4
286 2079 477 2120 βουλόμενοι
493 2084 571 2120 post
586 2093 618 2111 τι
632 2077 686 2109 A:
712 2083 789 2119 post
806 2078 834 2110 οἱ
851 2077 874 2108 S
891 2077 980 2116 vulg.
1149 2084 1250 2105 10—11
1277 2073 1385 2114 σῴζειν
1408 2074 1479 2104 ἔστι
1494 2076 1529 2103 et

197 2123 298 2166 μηδὲν
313 2127 421 2156 παθεῖν
438 2124 503 2155 del.
523 2123 660 2162 Sauppe
819 2132 830 2151 1
842 2132 853 2151 1
881 2119 908 2152 δ’
927 2122 971 2152 ἑνί
986 2119 1029 2161 γε’
1043 2134 1087 2160 τῳ
1103 2118 1134 2149 Α
1148 2119 1172 2148 F
1186 2118 1215 2156 Q
1231 2129 1237 2148 z
1255 2121 1306 2150 δεν
1316 2131 1355 2158 γε
1367 2116 1392 2147 S
1408 2128 1415 2147 ε
1439 2117 1465 2147 δ’
1483 2116 1529 2147 ἑνί

198 2181 238 2209 ’γε
256 2168 286 2197 D
419 2177 456 2197 12
473 2169 646 2199 διώσασθαι
664 2166 790 2196 Reiske
806 2176 812 2196 :
831 2164 1084 2196 διασώσασθαιὸ
1097 2164 1122 2193 F
1136 2162 1165 2200 Q
1180 2162 1209 2191 D
1227 2173 1233 2192 :
1251 2161 1276 2193 δ’
1290 2163 1366 2193 ἴσως
1380 2160 1529 2192 ἰάσασθαι

198 2211 232 2243 Α
323 2220 425 2249 Ι2-Ι3
449 2214 552 2242 ποιεῖν
567 2215 599 2247 β.
619 2210 642 2240 S
656 2210 686 2239 D
701 2220 709 2240 ζ
732 2214 763 2246 β.
782 2211 881 2240 ποιεῖν
894 2208 982 2246 vulg.
1079 2216 1117 2244 13
1133 2206 1313 2238 τοιουτουσὶ
1326 2203 1528 2242 συκοφάντας

201 2255 225 2285 S
240 2266 247 2286 :
270 2255 432 2287 τοιούτους
449 2256 728 2295 συκοφαντοῦντας
743 2258 821 2284 cett.
916 2253 955 2281 16
977 2252 1081 2292 ῥώμας
1094 2250 1124 2280 Α
1136 2249 1177 2279 F¹
1196 2260 1202 2279 ε
1226 2250 1354 2290 ’γνώμας
1368 2248 1391 2277 S
1403 2247 1428 2276 F
1440 2255 1527 2277 corr.

201 2298 231 2337 Q
246 2299 276 2328 D
401 2299 439 2328 18
463 2299 512 2329 καὶ
529 2297 716 2338 πλουσίους]
735 2298 784 2328 καὶ
800 2295 914 2337 πράους
929 2294 982 2325 A:
1004 2294 1083 2325 secl.
1101 2293 1199 2324 Blass
1305 2301 1343 2321 21
1370 2290 1529 2328 Ὀλύμπια

201 2342 233 2371 Α
322 2352 363 2380 23
387 2341 437 2382 δὲ]
456 2342 489 2373 δὲ
507 2343 544 2379 δὴ
561 2341 593 2370 Α
659 2341 785 2372 τουτονὶ
803 2340 833 2368 Α
849 2339 877 2368 D
969 2348 1009 2376 25
1034 2340 1050 2368 ὁ
1066 2337 1096 2366 Α
1111 2348 1118 2367 :
1141 2336 1200 2377 μὲν
1217 2337 1233 2366 ὃ
1249 2339 1326 2365 cett.
1396 2334 1529 2366 Σκελίου

204 2386 375 2416 Kirchner
404 2385 477 2416 coll.
509 2385 547 2416 C.
576 2383 601 2415 Ι.
629 2382 669 2413 A.
701 2384 710 2413 i
741 2384 829 2421 418:
869 2382 1029 2415 Σκελλίου
1059 2381 1156 2411 codd.
1313 2381 1374 2409 θιος
1406 2375 1527 2413 SF¹Q

202 2430 311 2467 25—26
332 2431 388 2460 τοῦ
420 2430 492 2468 ἐμοῦ
522 2427 650 2459 πάππου
678 2426 752 2456 AD
914 2426 955 2455 26
978 2424 1119 2465 ἁδελφὸς
1151 2421 1310 2453 Bekker:
1347 2422 1395 2452 ἀδ.
1427 2419 1524 2449 codd.

203 2482 243 2511 27
266 2471 535 2512 Λακεδαιμονίοις]
552 2471 811 2509 Λακεδαιμονίους
829 2468 866 2499 S¹
880 2468 910 2498 D
927 2478 934 2498 ε
959 2469 1009 2500 καὶ
1025 2468 1057 2497 Α
