1763 2778
131 513 150 546 5

113 853 152 875 10

115 1188 152 1221 15

114 1523 154 1546 20

113 1859 154 1892 25

170 127 259 182 Lvn]
523 131 684 169 ΠΡΟΣ
723 130 1137 168 ETBOTAIAHN
1516 126 1651 181 [1319]

163 230 212 272 (ὦ
236 230 429 284 ἄνθρωπε,
456 231 514 273 τίς
540 229 587 281 ἦν
614 245 679 270 σοι
708 227 873 281 πατήρ;’
912 227 1014 279 ἐμοί,·
1053 227 1285 279 Θούκριτος.
1339 227 1500 267 ὀἰκεῖοί
1514 231 1559 273 67

170 316 275 341 τινες
309 299 411 339 εἶναι
443 301 709 350 μαρτυροῦσιν
745 294 886 351 αὐτῷ,·’
922 294 1025 336 πάνυ
1059 312 1118 348 γε,
1153 298 1309 346 πρῶτον
1345 292 1418 345 μέν
1453 311 1497 346 γε

170 366 350 418 τέτταρες
379 365 554 417 ἀνεψιοί,
583 363 653 405 εἶτ’
682 364 934 416 ἀνεψιαδοῦς,
963 361 1034 403 εἶθ’
1060 364 1096 403 οἱ
1124 363 1194 403 τὰς
1226 362 1395 413 ἀνεψιὰς
1421 366 1494 401 λα-

170 434 314 485 βόντες
343 432 458 487 αὐτῷ,
491 431 574 472 εἶτα
607 430 813 484 φράτερες,
841 429 911 471 εἶτ’
935 429 1195 471 Ἀπόλλωνος
1227 426 1402 483 πατρῴου
1434 428 1496 469 καὶ

173 499 269 541 Διὸς
299 500 451 552 ἑρκείου
479 501 676 551 γεννῆται,
704 497 775 539 εἶθ’
801 498 857 540 οἷς
887 497 978 549 ἠρία
1009 496 1142 543 ταύτά,
1171 494 1241 537 εἶθ’
1266 497 1301 536 οἱ
1332 496 1496 546 δημόται

171 566 365 608 πολλάκις
402 565 518 607 αὐτὸν
555 564 835 616 δεδοκιμάσθαι
872 564 935 605 καὶ
972 565 1097 617 ἀρχὰς
1129 562 1256 615 ἄρξαι,
1288 562 1349 603 καὶ
1386 563 1496 603 αὐτοὶ

171 632 485 687 διεψηφισμένοι
509 634 731 685 φαίνονται.
804 633 852 672 τὰ
875 633 947 682 μὲν
972 632 1101 671 τοίνυν
1132 631 1220 683 περὶ
1250 633 1318 670 τοῦ
1349 629 1494 682 πατρὸς
1517 629 1655 684 [1320]

171 705 252 743 πῶς
277 699 325 741 ἂν
352 702 444 752 ὑμῖν
475 700 717 752 δικαιότερον
741 696 765 750 ἦ
793 699 1060 752 καθαρώτερον
1094 696 1348 748 ἑπιδείξαιμι;
1388 701 1494 737 καλῶ

171 767 205 808 δ’
229 769 320 820 ὑμῖν
344 767 433 810 τοὺς
457 768 634 813 οἰκείους,
663 768 696 808 εἰ
722 766 941 817 βούλεσθε.
1008 767 1056 806 τὰ
1077 767 1117 805 δὲ
1144 765 1232 816 περὶ
1261 767 1329 815 τῆς
1353 764 1498 817 μητρὸς

171 836 380 876 ἀκούσατε.
452 834 538 886 ε’μοὶ
574 833 650 887 γάρ
681 834 792 874 ἐστιν
826 832 952 884 μήτηρ
978 831 1178 884 Νικαρέτη
1207 830 1498 884 Δαμοστράτου
1518 837 1561 870 68

173 901 344 955 θυγάτηρ
392 900 612 943 Μελιτέως.
688 901 831 951 ταύτης
878 901 982 941 τίνες
1030 901 1168 940 οἰκεῖοι
1214 903 1496 951 μαρτυροῦσιν,-

172 974 327 1023 πρῶτον
367 971 440 1021 μὲν
481 970 732 1021 ἀδελφιδοῦς,
774 968 858 1009 εἶτα
899 971 967 1007 τοῦ
1010 967 1143 1019 ἑτέρου
1185 967 1402 1019 ἀδελφιδοῦ
1441 965 1498 1006 δύ’

172 1039 261 1084 υἱοί,
302 1036 371 1078 εἶτ’
410 1038 662 1089 ἀνεψιαδοῦς,
704 1035 775 1077 εἶθ’
812 1037 848 1075 οἱ
885 1032 1160 1087 Πρωτομάχου
1194 1035 1288 1075 υἱεῖς
1324 1036 1392 1074 τοῦ
1425 1037 1496 1073 λα-

172 1105 318 1156 βόντος
342 1104 414 1155 τὴν
439 1103 537 1155 ἐμὴν
564 1103 712 1155 μητέρα
743 1103 944 1155 πρότερον,
972 1101 1043 1143 εἶθ’
1070 1103 1090 1141 ὁ
1113 1101 1185 1152 τὴν
1214 1099 1395 1153 ἀδελφὴν
1427 1100 1498 1150 τὴν

174 1171 271 1223 ἐμὴν
295 1171 368 1222 τὴν
388 1172 430 1211 ἐκ
449 1175 516 1211 τοῦ
537 1169 811 1224 Πρωτομάχου
829 1169 957 1222 γήμας
979 1170 1144 1211 Εὔνικος
1162 1168 1406 1220 Χολαργεύς,
1427 1167 1497 1207 εἶθ’

173 1238 255 1281 υἱὸς
282 1241 350 1289 τῆς
386 1239 575 1291 ἀδελφῆς.
648 1238 755 1278 ἀλλὰ
789 1237 866 1288 μὴν
904 1237 966 1277 καὶ
1003 1235 1195 1289 φράτερες
1231 1239 1309 1276 τῶν
1346 1235 1499 1276 οἰκείων
1519 1242 1564 1284 69

173 1305 290 1356 αὐτῆς
334 1304 396 1346 καὶ
435 1306 597 1357 δημόται
637 1308 758 1345 ταῦτα
794 1303 1128 1357 μεμαρτυρήκασι.
1199 1304 1304 1344 τίνος
1343 1302 1410 1342 οὖν
1450 1301 1499 1342 ἂν

173 1372 458 1425 προσδέοισθε,·
497 1373 559 1413 καὶ
585 1373 660 1425 γὰρ
683 1373 745 1412 ὅτι
770 1373 866 1412 κατὰ
890 1371 980 1413 τοὺς
999 1371 1142 1422 νόμους
1161 1370 1182 1409 ὁ
1201 1369 1330 1422 πατὴρ
1355 1369 1499 1422 ἔγημεν

175 1440 237 1481 καὶ
283 1441 484 1493 γαμηλίαν
525 1444 606 1481 τοῖς
654 1437 875 1492 φράτερσιν
923 1437 1153 1491 εἰσήνεγκεν
1195 1437 1496 1489 μεμαρτύρηται.

173 1506 270 1560 πρὸς
294 1509 337 1548 δὲ
364 1507 516 1549 τούτοις
547 1506 610 1547 καὶ
643 1506 810 1558 ἐμαυτὸν
843 1504 1024 1556 ἐπέδειξα
1057 1505 1216 1546 πάντων
1244 1502 1500 1556 μετειληφόθ’

173 1575 281 1616 ὅσων
316 1573 509 1627 προσήκει
542 1574 634 1616 τοὺς
673 1572 914 1626 ἐλευθέρους.
986 1573 1091 1613 ὥστε
1125 1577 1308 1628 πανταχῇ
1344 1572 1500 1612 δικαίως

175 1641 238 1682 καὶ
275 1642 555 1694 προσηκόντως
591 1641 683 1692 ἡμῖν
720 1640 768 1681 ἂν
805 1639 1068 1691 προσθέμενοι
1104 1638 1174 1689 τὴν
1211 1641 1353 1691 ψῆφον
1391 1638 1498 1690 εὐορ-

175 1709 319 1760 κοίητε.
379 1708 436 1750 ἔτι
456 1709 599 1754 τοίνυν,
621 1706 650 1748 ὦ
669 1707 807 1760 ἄνδρες
832 1708 1027 1753 δικασταί,
1050 1706 1140 1749 τοὺς
1165 1705 1281 1746 ε’ννεά
1306 1705 1500 1758 ἄρχοντας
1520 1719 1565 1755 70

174 1777 414 1829 ἀνακρίνετε,
441 1776 475 1817 εἰ
499 1775 639 1828 γονέας
665 1776 707 1816 εὖ
732 1778 928 1815 ποιοῦσιν.
996 1774 1072 1826 ἐγὼ
1099 1776 1141 1815 δὲ
1163 1776 1232 1814 τοῦ
1255 1774 1328 1824 μὲν
1354 1771 1500 1824 πατρὸς

174 1842 347 1896 ὀρφανὸς
373 1843 651 1896 κατελείφθην,
672 1841 743 1893 τὴν
769 1844 811 1883 δὲ
834 1841 968 1895 μητέρ’
994 1841 1149 1882 ἱκετεύω
1182 1841 1280 1891 ὑμᾶς
1311 1840 1372 1880 καὶ
1398 1840 1501 1880 ἀντι-

173 1914 287 1962 βολῶ
314 1912 377 1950 διὰ
401 1913 538 1951 τοῦτον
564 1909 632 1950 τὸν
662 1909 780 1962 ἀγῶν’
807 1908 977 1949 ἀπόδοτέ
1006 1925 1074 1960 μοι
1104 1907 1231 1961 θάψαι
1265 1908 1319 1949 εἷς
1351 1908 1399 1947 τὰ
1424 1924 1497 1946 πα-

174 1981 279 2032 τρῷα
316 1976 498 2029 μνήματα
535 1977 597 2017 καὶ
633 1975 686 2028 μή
729 1994 777 2028 με
820 1977 1036 2027 κωλύσητε,
1075 1974 1163 2026 μηδ’
1200 1974 1344 2015 ἄπολιν
1386 1972 1498 2024 ποιή-

176 2062 286 2096 σητε,
313 2046 411 2096 μηδὲ
435 2048 513 2085 τῶν
540 2044 695 2085 οἰκείων
727 2043 1031 2097 ἀποστερήσητε
1064 2042 1268 2083 τοσούτων
1298 2043 1423 2082 ὄντων
1458 2040 1502 2080 τὸ

222 2165 235 2185 1
261 2154 395 2194 signum
423 2154 654 2193 interrogandi
683 2159 760 2193 post
792 2154 861 2194 ἐμοί
890 2152 1004 2194 posuit
1037 2152 1133 2183 Blass
1288 2162 1308 2190 3
1331 2151 1500 2193 τέτταρες]

180 2200 188 2216 ‘
199 2198 450 2239 Theocritides,
462 2198 693 2237 Charisiades,
708 2197 886 2232 Niciades;
910 2202 1063 2237 quartum
1078 2197 1188 2227 adhuc
1200 2206 1324 2235 quaero
1338 2195 1346 2212 '
1362 2195 1497 2226 Reiske.

176 2242 211 2272 in
229 2242 348 2282 lapuna
366 2245 381 2279 ξ
401 2252 439 2272 21
460 2243 673 2281 quaerendus
806 2253 824 2280 4
848 2243 932 2282 αὐτῷ
948 2240 980 2270 Α
995 2252 1001 2271 :
1027 2242 1130 2272 αὐτῶν
1142 2244 1222 2271 cett.
1358 2249 1378 2278 5
1401 2238 1504 2271 ταύτά

178 2285 233 2325 D1‚
254 2296 320 2325 mg.
339 2286 419 2317 edit.
439 2285 552 2317 Paris:
576 2299 678 2318 ταυτα
695 2285 739 2316 S:
763 2284 942 2317 ταῦταΑΓ
960 2284 990 2314 D
1003 2294 1087 2315 corr.
1204 2294 1244 2314 10
1267 2282 1503 2323 Δημοστράτου

177 2329 289 2369 codd.,
310 2339 395 2360 corr.
417 2328 567 2360 Dindorf
666 2339 701 2359 11
728 2328 813 2361 τινὲς
832 2328 857 2358 F
872 2328 902 2359 D
995 2337 1099 2365 12-13
1124 2329 1314 2368 ἀδελφιδοῦς
1338 2349 1346 2357 .
1376 2350 1384 2358 .
1411 2348 1418 2356 .
1445 2325 1503 2357 υἱοί

176 2372 443 2404 Westermann:
483 2373 615 2413 ἀδελφοὶ
645 2373 709 2413 δύο,
736 2373 804 2405 εἶτα
831 2375 888 2404 τοῦ
920 2371 1028 2413 ἑτέρου
1057 2373 1229 2412 ἀδελφιδοῦ
1261 2371 1315 2401 δύο
1354 2369 1414 2401 υἱοί
1447 2367 1500 2399 A:

176 2417 350 2458 ἀδελφιδοῦ
366 2417 419 2448 δύο
439 2417 500 2449 υἱοί
516 2421 592 2448 cett.
715 2426 753 2454 13
778 2417 960 2457 ἀνεψιαδοῦς
976 2414 1220 2446 Westermann
1238 2425 1246 2444 ι
1270 2414 1389 2453 ἀνεψιοὶ
1407 2414 1502 2449 αὐτῆς

176 2460 274 2494 codd.
407 2469 447 2500 27
474 2460 556 2501 μηδὲ
572 2483 579 2492 .
602 2482 610 2491 .
627 2482 636 2491 .
655 2460 811 2498 ποιήσητε
828 2470 893 2490 om.
911 2458 944 2489 A
1076 2459 1117 2488 28
1143 2458 1242 2490 ὄντων
1258 2467 1322 2488 om.
1341 2455 1373 2485 A
