1746 2774
107 491 125 522 5

88 829 128 851 10

91 1499 131 1522 30

614 110 942 148 ΕΠΙΣΤΟΛΗ
982 111 997 146 I

147 207 329 260 πράττων
361 226 419 251 τις
452 210 500 249 ἂν
526 208 610 249 κατ’
635 209 881 261 ἀνθρώπινον
905 207 1105 260 λογισμὸν
1130 206 1306 258 μάλιστα
1338 222 1472 258 κατορ-

147 277 245 327 θοίη,
274 276 422 330 σχεδὸν
447 277 600 328 εἴρηταί
619 293 699 327 μοι·
736 280 817 317 τοῖς
842 278 883 316 δὲ
909 275 993 314 καθ’
1018 274 1167 326 ἡμέραν
1194 275 1470 323 ἐπιστατῆσαι,

147 343 209 383 καὶ
241 347 323 385 τοῖς
354 344 395 383 ἐκ
424 346 493 383 τοῦ
526 345 766 396 παραχρῆμα
795 343 1090 394 συμβαίνουσιν
1123 342 1247 394 ὀρθῶς
1282 342 1469 393 χρῆσθαι,

146 410 210 450 καὶ
239 415 385 462 γνῶναι
414 410 483 451 τὸν
512 410 680 451 ἑκάστου
711 411 856 462 καιρόν,
884 409 948 450 καὶ
981 412 1107 462 κρῖναι
1132 409 1172 449 τί
1192 412 1270 448 τῶν
1295 406 1471 460 πραγμά-

146 494 223 517 των
256 476 302 527 ἐξ
331 478 487 529 ὁμιλίας
520 480 685 517 δυνατὸν
717 475 1048 529 προσαγαγέσθαι
1081 476 1144 516 καὶ
1168 475 1208 515 τί
1227 476 1322 527 βίας
1347 491 1472 527 προσ-

146 547 281 590 δεῖται,
308 548 385 584 τῶν
407 545 687 597 ἐφεστηκότων
712 540 975 597 [στρατηγῶν]
998 543 1115 596 ἔργον
1140 542 1262 583 ἐστίν.
1325 541 1384 582 διὸ
1410 541 1473 582 καὶ

145 611 434 665 χαλεπωτάτην
469 610 581 662 τάξιν
617 612 702 665 ἔχει
737 610 781 651 τὸ
817 610 1122 662 συμβουλεύειν·
1159 609 1206 650 τὰ
1241 611 1316 663 γὰρ
1351 610 1474 662 ὀρθῶς

146 678 417 730 βουλευθέντα
441 679 503 719 καὶ
528 677 818 729 δοκιμασθέντα
841 678 916 718 σὺν
942 679 1074 733 πολλῇ
1101 677 1252 733 σπουδῇ
1281 677 1342 717 καὶ
1367 676 1473 730 πόνῳ

146 745 340 787 πολλάκις
360 750 411 800 τῷ
432 746 522 787 τοὺς
547 744 787 787 ἐπιστάντας
805 745 939 786 ἄλλως
964 744 1196 798 χρήσασθαι
1222 743 1473 795 διελυμάνθη.

148 816 216 853 νῦν
240 812 376 864 μέντοι
401 812 518 853 πάνθ’
542 812 646 863 ἕξειν
673 817 803 854 καλῶς
827 813 987 862 ἐλπίζω.
1038 812 1100 852 καὶ
1123 812 1197 863 γὰρ
1225 812 1260 851 εἵ
1282 828 1340 853 τις
1363 811 1472 851 ὑπεί-

146 884 279 932 ληφεν
303 880 445 932 εὐτυχῆ
472 879 540 920 τὸν
565 879 833 933 Ἀλέξανδρον
858 884 910 934 τῷ
935 878 1066 920 πάντα
1095 880 1322 931 κατορθοῦν,
1350 880 1475 918 ἐκεῖνο

147 947 397 999 λογισάσθω,
419 948 478 987 ὅτι
504 946 684 1000 πράττων
711 947 774 987 καὶ
798 951 930 988 πονῶν
957 947 1019 986 καὶ
1043 949 1214 996 τολμῶν,
1242 945 1329 998 οὐχὶ
1357 943 1475 995 καθή-

147 1031 264 1066 μενος
286 1013 459 1067 ηὐτύχει.
531 1018 599 1054 νῦν
622 1015 754 1055 τοίνυν
780 1017 993 1056 τεθνεῶτος
1019 1015 1169 1054 ἐκείνου
1194 1013 1300 1063 ζητεῖ
1321 1028 1429 1053 τινας
1452 1012 1475 1062 ἡ

148 1081 246 1134 τύχη
272 1080 358 1133 μεθ’
383 1083 438 1122 ὧν
464 1081 590 1122 ἔσται.
660 1082 821 1124 τούτους
847 1081 879 1121 δ’
905 1083 1005 1132 ὑμᾶς
1029 1084 1090 1121 δεῖ
1116 1080 1317 1133 γενέσθαι.
1388 1078 1476 1120 τούς

150 1147 184 1188 θ’
219 1148 427 1201 ἡγεμόνας,
460 1148 508 1189 δι’
545 1150 600 1190 ὧν
632 1149 784 1201 ἀνάγκη
814 1151 861 1190 τὰ
892 1148 1102 1201 πράγματα
1132 1147 1388 1199 πράττεσθαι,
1428 1146 1479 1188 ὡς

150 1215 434 1257 εὐνουστάτους
465 1217 527 1257 ἐπὶ
563 1218 631 1258 τὰς
667 1216 849 1267 δυνάμεις
886 1217 1092 1268 ἐφίστατε·
1134 1216 1195 1255 καὶ
1231 1215 1253 1254 ὅ
1285 1231 1322 1254 τι
1351 1217 1479 1254 ποιεῖν

151 1282 267 1325 αὐτὸς
291 1283 460 1326 ἕκαστος
485 1285 592 1334 ὑμῶν
618 1282 828 1333 δυνήσεται
855 1284 916 1324 καὶ
946 1281 1207 1334 βουλήσεται,
1233 1285 1347 1322 τοῦτο
1381 1284 1478 1333 πρὸς

150 1351 268 1390 αὑτὸν
294 1349 439 1391 εἰπάτω
466 1351 528 1391 καὶ
551 1349 811 1404 ὑποσχέσθω.
884 1351 946 1391 καὶ
980 1349 1085 1390 τοῦθ’
1109 1351 1215 1390 ὅπως
1244 1348 1296 1400 μὴ
1325 1348 1477 1401 ψεύσε-

150 1434 226 1463 ται,
251 1417 340 1468 μηδ’
368 1416 640 1468 ἐξηπατῆσθαι
662 1419 761 1469 μηδὲ
780 1419 991 1467 πεισθῆναι
1011 1417 1324 1469 παρακρουσθεὶς
1344 1414 1479 1468 φήσας

151 1484 401 1525 ἀναδύσεται.
473 1484 523 1525 ὡς
559 1484 628 1534 τὴν
665 1484 818 1524 ἔκδειαν
853 1485 907 1524 ὧν
943 1483 990 1523 ἂν
1028 1483 1210 1534 ἐλλίπηθ’
1247 1484 1367 1534 ὑμεῖς,
1405 1482 1479 1535 οὐχ

1496 103 1640 159 [1465]

1492 403 1636 494 3466]

1498 823 1538 856 13

1502 1096 1542 1129 14

1503 1494 1541 1530 15

152 1549 338 1603 εὑρήσετε
363 1551 452 1592 τοὺς
479 1551 854 1603 ἀναπληρώσοντας·
891 1551 980 1592 οὐδὲ
1005 1551 1073 1592 τὸν
1098 1550 1215 1591 αὐτὸν
1241 1551 1325 1603 ἔχει
1351 1551 1477 1590 κίνδυ-
1501 1572 1509 1576 -

151 1635 232 1664 νον,
271 1618 359 1671 περὶ
396 1619 450 1658 ὧν
488 1617 551 1670 ἐφ’
587 1619 676 1669 ὑμῖν
717 1620 828 1658 ἐστιν
861 1619 966 1659 ὅπως
1009 1617 1057 1658 ἂν
1092 1619 1300 1668 βούλησθε
1336 1614 1481 1669 πρᾶξαι

151 1685 520 1737 μεταβουλεύεσθαι
546 1684 752 1731 πολλάκις,
781 1685 842 1725 καὶ
866 1686 954 1738 περὶ
981 1686 1035 1725 ὧν
1065 1685 1112 1725 ἂν
1145 1685 1264 1740 ε’νστῇ
1291 1684 1478 1734 πόλεμος·

152 1751 246 1792 ἀλλ’
269 1752 293 1804 ἡ
318 1752 406 1805 περὶ
431 1753 579 1792 τούτων
603 1752 853 1805 μετάγνωσις
877 1751 974 1802 ἧττα
991 1754 1068 1803 τῆς
1097 1751 1363 1804 προαιρέσεως
1394 1751 1480 1803 γίγ-

153 1836 272 1859 νεται.
343 1819 396 1870 μὴ
429 1819 474 1870 δὴ
510 1818 702 1870 ποιήσητε
733 1823 888 1859 τοιοῦτο
919 1818 1053 1870 μηδέν,
1083 1817 1173 1858 ἀλλ’
1206 1819 1228 1857 ὅ
1252 1835 1288 1858 τι
1312 1816 1479 1870 πράξετε

153 1886 343 1939 γενναίως
371 1886 431 1927 καὶ
457 1887 621 1937 ἑτοίμως
649 1891 734 1928 ταῖς
766 1890 930 1939 ψυχαῖς,
958 1890 1072 1926 τοῦτο
1105 1889 1380 1937 χειροτονεῖτε,
1410 1883 1481 1924 κᾶν

154 1952 263 2003 ἅπαξ
283 1954 539 2006 ψηφίσησθε,
567 1953 633 1994 τὸν
661 1955 741 1993 Δία
764 1953 833 1993 τὸν
861 1955 1100 1992 Δωδωναῖον
1126 1952 1188 1991 καὶ
1216 1952 1305 1992 τοὺς
1333 1951 1482 1992 ἄλλους

154 2021 280 2066 θεούς,
323 2020 361 2060 οἳ
400 2022 557 2062 πολλὰς
600 2021 662 2060 καὶ
705 2021 828 2061 καλὰς
871 2020 1044 2072 κᾶγαθὰς
1088 2019 1150 2059 καὶ
1192 2019 1353 2068 ἀληθεῖς
1391 2018 1482 2067 ὑμῖν

153 2088 340 2138 μαντείας
364 2086 620 2143 ἀνῃρήκασιν,
647 2087 844 2139 ἡγεμόνας
873 2086 1136 2137 ποιησάμενοι
1162 2085 1224 2125 καὶ
1256 2083 1480 2137 παρακαλέ-

203 2206 222 2226 2
248 2198 368 2236 εἴρηται
384 2195 490 2231 Wolf,
511 2195 552 2225 cf.
573 2196 665 2226 xxvii
683 2196 746 2227 28:
776 2198 916 2237 εἴρηνται
939 2195 1034 2226 codd.
1179 2204 1198 2232 4
1221 2193 1292 2224 τίνα
1308 2192 1369 2231 μὲν
1383 2192 1484 2233 πράγ-

155 2252 240 2278 ματα
254 2262 262 2270 .
278 2262 285 2269 .
303 2263 310 2271 .
329 2239 456 2271 δύναται
474 2238 578 2270 Bekk.
590 2239 719 2271 Anecd.
738 2250 807 2269 110.
823 2249 842 2278 5
978 2241 998 2268 6
1023 2240 1217 2278 στρατηγῶν
1230 2236 1294 2267 del.
1310 2236 1480 2275 Schaester,

157 2287 250 2312 recte
267 2287 360 2322 putoy
379 2283 419 2313 cf.
441 2283 462 2312 ii
481 2283 533 2322 28,
553 2293 595 2322 29
732 2292 769 2321 15
793 2296 829 2314 τε
848 2282 942 2313 codd.
961 2293 968 2313 t
993 2282 1031 2319 δὴ
1055 2291 1119 2319 mg.
1140 2280 1218 2312 edit.
1238 2279 1341 2311 Paris.
1361 2291 1367 2310 :
1390 2293 1426 2311 τε
1445 2281 1483 2317 δὴ

159 2325 296 2365 Sauppe
410 2336 447 2365 17
473 2328 558 2366 ὑμῶν
576 2327 599 2356 S
615 2338 620 2357 :
648 2327 732 2365 ἡμῶν
749 2326 773 2355 F
787 2326 816 2363 Q
933 2336 975 2355 20
1000 2325 1123 2356 ἔκδειαν
1141 2324 1163 2354 S
1177 2323 1214 2354 Fl
1232 2323 1272 2354 cs.
1292 2323 1402 2353 xxxii.
1420 2333 1482 2362 30:

158 2370 280 2401 ἔνδειαν
296 2368 322 2399 F
340 2379 427 2400 corr.
448 2368 477 2407 Q
564 2371 728 2408 ἐλλείπηθ’
748 2369 772 2399 F
860 2379 900 2407 23
924 2368 1218 2409 μεταβουλεύεσθαι
1236 2367 1260 2396 F
1278 2378 1285 2398 τ
1308 2371 1397 2398 -εσθε
1415 2368 1438 2397 S
1452 2366 1482 2404 Q

1505 1890 1546 1922 16
