1763 2778
742 421 882 457 LVIII

351 526 646 577 ΕΝΔΕΙΞΙΣ
703 531 868 572 ΚΑΤΑ
919 530 1281 571 ΘΕΟΚΡΙΝΟΤ

703 645 921 674 ΎΠΟΘΕΣΙΣ.
1504 638 1638 694 [1321]

206 724 346 760 Τοῦτον
363 721 428 759 τὸν
448 720 565 772 λόγον
585 721 651 758 οὐκ
670 718 736 758 οἶδ’
756 718 854 759 ὅπως
875 722 912 757 ἐν
931 720 1007 758 τοῖς
1032 718 1222 759 ἰδιωτικοῖς
1248 719 1483 770 ἀναγράφου-

153 794 214 814 σιν
243 778 276 814 οἲ
304 775 444 814 πολλοὶ
473 774 655 824 δημόσιον
681 774 770 813 ὅντα
797 777 974 823 φανερῶς·
1006 773 1120 822 δῆλον
1146 773 1175 812 δ’
1199 774 1304 811 ἔσται
1326 772 1424 812 τοῦτ’
1445 774 1484 819 ἐξ

153 833 265 880 αὐτῆς
283 832 348 879 τῆς
367 830 588 870 ὑποθέσεως.

207 886 316 924 Κατὰ
331 888 402 923 τῶν
419 884 576 934 ἑτέρωσέ
589 900 651 921 ποι
665 883 724 921 καὶ
736 883 788 933 μὴ
804 881 986 932 Ἀθήναζε
999 882 1302 934 σεσιτηγηκότων
1315 882 1484 933 ἐμπόρων

114 954 132 986 5
153 938 178 990 ἢ
196 940 409 989 ναυκλήρων
428 938 636 988 Ἀθηναίων
656 939 794 987 φάσεις
809 938 907 987 ἦσαν
925 937 1125 987 δεδομέναι.
1175 937 1286 986 νόμος
1306 937 1335 975 δ’
1349 938 1403 987 ἦν,
1422 938 1484 975 ἐάν

152 995 206 1035 τίς
223 1012 304 1033 τινα
324 995 445 1044 φήνας
464 994 516 1043 μὴ
539 993 673 1042 ἐπεξίῃ,
696 991 718 1042 ἢ
739 993 890 1038 ἐπεξιὼν
909 992 962 1041 μὴ
983 992 1089 1042 λάβῃ
1113 992 1155 1029 τὸ
1182 992 1351 1040 πέμπτον
1374 992 1484 1041 μέρος

151 1052 223 1087 τῶν
251 1050 397 1099 ψήφων,
427 1049 551 1100 χιλίας
581 1048 732 1086 ἐκτίνειν
760 1051 809 1099 τῷ
839 1047 1018 1097 δημοσίῳ,
1046 1049 1123 1086 τοῖς
1152 1046 1181 1084 δ’
1209 1047 1405 1095 ὀφείλουσι
1431 1048 1484 1096 μὴ

152 1105 284 1149 ἐξεῖναι
302 1103 425 1155 λέγειν
446 1133 454 1141 .
472 1131 481 1142 .
502 1132 510 1141 .
534 1103 593 1141 καὶ
616 1102 748 1151 Τρίτος,
771 1103 833 1140 ἐὰν
852 1102 904 1150 μή
924 1118 978 1141 τις
1000 1101 1087 1151 δόξῃ
1109 1101 1251 1140 δικαίως
1272 1103 1320 1142 εἷς
1340 1102 1483 1140 ἐλευθε-

151 1160 234 1208 ρίαν
260 1157 470 1225 ἀφελέσθαι
491 1158 582 1205 τινά,
604 1157 648 1195 τὸ
671 1157 789 1206 ἥμισυ
807 1159 874 1194 τοῦ
894 1157 1100 1205 τιμήματος
1121 1155 1287 1204 ὀφειλειν
1305 1159 1354 1207 τῷ
1375 1156 1484 1205 δημο-

96 1231 133 1253 10
153 1214 232 1264 σίῳ.
289 1212 494 1264 Ἐπιχάρης
526 1212 590 1250 οἶν
625 1210 774 1255 ἐνέδειξε
804 1211 1004 1260 Θεοκρίνην
1034 1227 1098 1248 ουκ
1128 1210 1211 1255 ἐξὸν
1239 1212 1334 1262 αὐτῷ
1361 1210 1484 1261 λέγειν
1505 1220 1526 1246 2

153 1270 192 1305 ἐκ
211 1270 319 1317 τριῶν
338 1267 475 1305 τούτων
496 1267 627 1316 ιόμων.
688 1266 746 1303 καὶ
767 1268 840 1318 γὰρ
861 1264 1001 1303 Μικων’
1022 1267 1068 1305 ὡς
1085 1264 1243 1315 ἑτερωσέ
1256 1282 1320 1303 ποι
1336 1282 1484 1314 σεσιτη-

152 1323 293 1374 γηκότα
312 1324 428 1371 φῆναι
447 1323 515 1371 μὲν
535 1319 645 1359 αὑτὸν
665 1321 778 1372 λέγει,
801 1339 852 1370 μη
875 1320 1085 1366 ἐπεξελθεῖν
1106 1319 1155 1365 δε,
1178 1320 1238 1357 καὶ
1258 1320 1484 1370 ἐπιμελητὴν

152 1378 224 1415 ὑπὸ
239 1380 312 1415 τῶν
327 1379 498 1425 φυλετῶν
517 1374 768 1426 ἀποδειχθέντ’
785 1378 822 1414 ἐν
844 1375 1006 1415 εὐθύναις
1027 1376 1165 1412 ἁλῶναι
1186 1376 1326 1423 κλοπῆς
1344 1375 1484 1426 χρημά-

151 1449 223 1470 των
243 1449 267 1470 α
285 1431 330 1481 ἢν
347 1431 424 1480 ἶερὸ.
442 1433 514 1469 τῶν
531 1433 626 1468 ἐπωι
628 1430 737 1479 ύμων,
757 1431 815 1467 καὶ
832 1430 955 1479 τρίτον
971 1429 1248 1478 Κηφισοδώρου
1263 1428 1484 1478 θεράπαιναν

96 1498 132 1530 15
154 1489 203 1526 εἷς
219 1485 428 1535 ἐλευθερίαν
443 1485 573 1525 ἀδίκως
590 1486 823 1534 ἀφελόμενον
839 1485 904 1523 τὸν
920 1501 1058 1533 πατερα
1072 1486 1137 1522 τοῦ
1153 1484 1305 1532 Θεοκριν
1308 1501 1349 1521 ου
1369 1501 1482 1533 προσ-

153 1542 326 1608 οφλῆσαι
350 1540 518 1591 δραχμας
545 1539 803 1579 πεντακοσίας.
863 1539 923 1577 ἐπὶ
949 1540 1092 1579 τούτοις
1112 1540 1180 1588 μὲν
1199 1539 1222 1586 ἡ
1244 1538 1400 1583 ἔνδειξις,
1424 1539 1484 1576 καὶ

152 1596 195 1634 τὸ
210 1598 364 1646 πρᾶγμα
381 1597 545 1644 φανερῶς
562 1594 755 1643 δημόσιον.
796 1593 862 1632 τὸν
878 1593 916 1632 δὲ
932 1594 1048 1645 λόγον
1064 1594 1097 1630 οἶ
1113 1593 1252 1630 πολλοὶ
1268 1593 1483 1642 νομίζουσιν

155 1649 243 1688 εἶναι
264 1651 480 1700 Δεινάρχου,
505 1649 623 1687 καίτοι
642 1647 678 1700 γ’
700 1650 764 1686 οὐκ
786 1649 984 1686 ἇπεοικότα
1003 1652 1076 1686 τῶν
1094 1650 1159 1686 τοῦ
1179 1647 1455 1697 Δημοσθένους.

220 1746 301 1784 Τοῦ
326 1746 471 1796 πατρὸς
496 1743 618 1794 ἡμῶν,
645 1740 675 1783 ὦ
699 1741 838 1794 ἄνδρες
870 1743 1067 1788 δικασταί,
1103 1743 1165 1782 διὰ
1198 1742 1351 1783 τουτονὶ
1377 1744 1481 1783 Θεο·
1506 1742 1641 1797 [1322]

96 1828 134 1850 πο
156 1812 290 1864 κρίνην
329 1810 605 1864 ἀτυχήσαντος
645 1809 742 1863 πρὸς
784 1809 854 1860 τὴν
893 1810 1012 1850 πόλιν
1054 1809 1116 1849 καὶ
1153 1809 1355 1861 ὀφλόντος
1391 1809 1485 1849 δέκα

155 1877 344 1925 τάλαντα,
373 1879 436 1919 καὶ
460 1877 600 1918 τούτου
624 1879 766 1918 διπλοῦ
794 1876 1059 1930 γεγενημένου
1091 1876 1196 1917 ὥστε
1228 1876 1317 1927 μηδ’
1343 1877 1485 1917 ἐλπίδα

154 1945 247 1996 ἡμῖν
272 1944 375 1986 εἶναι
398 1946 594 1997 σωτηρίας
624 1944 829 1995 μηδεμίαν,
854 1943 1065 1996 ἡγησάμην
1092 1946 1172 1984 δεῖν
1199 1944 1262 1984 ἐπὶ
1287 1947 1339 1998 τῷ
1364 1961 1482 1995 τιμω-

153 2014 312 2065 ρεῖσθαι
345 2012 430 2064 μεθ’
466 2013 573 2063 ὑμῶν
609 2015 747 2052 τοῦτον
783 2010 880 2062 μήτε
911 2011 1069 2062 ἡλικίαν
1102 2009 1200 2062 μήτε
1229 2010 1333 2051 ἄλλο
1362 2013 1484 2062 μηδὲν

197 2121 356 2152 Tuums
373 2123 541 2162 Θεοκρίνου
559 2122 581 2152 S
594 2121 618 2151 F
633 2120 663 2159 Q
676 2121 717 2159 D,
736 2121 835 2151 Dion.
858 2119 946 2159 Hal„
961 2119 1139 2150 Dcinarch.
1160 2129 1208 2159 10,
1224 2120 1393 2160 Harpocr.
1412 2130 1439 2151 s.
1452 2131 1482 2150 v.

154 2164 310 2207 ἀγραφίου
327 2177 333 2196 :
359 2167 541 2207 Θεοκρίνους
558 2165 588 2194 Α

198 2230 218 2258 4
243 2220 464 2260 εἷσηγηκότων
490 2219 527 2250 ΡἿ
543 2219 608 2250 DS
763 2220 782 2249 8
807 2219 959 2249 lacunam
986 2218 1102 2249 statuit
1133 2218 1238 2257 Wolf,
1264 2220 1314 2250 καὶ
1340 2218 1485 2258 δεύτερος

154 2264 212 2295 τὸν
227 2263 349 2295 ἁλόντα
365 2267 488 2302 κλοπῆς
503 2263 594 2304 ἱερῶν
609 2262 782 2303 χρημάτων
795 2263 909 2302 ἄτιμον
919 2262 998 2294 εἶναι
1010 2262 1142 2292 videtur
1159 2263 1333 2300 excidisse,
1351 2261 1392 2293 cf.
1410 2264 1425 2299 ξ
1447 2272 1483 2299 14

159 2317 198 2337 10
223 2308 367 2348 ἐπίχαρις
383 2306 408 2338 S
498 2307 630 2346 ἐνέδειξε
649 2306 679 2336 D
696 2306 823 2347 (Wolf)
843 2318 849 2337 :
875 2307 971 2346 ἔδειξε
988 2306 1012 2335 F
1029 2305 1052 2336 S
1146 2316 1181 2335 11
1207 2305 1344 2345 τούτων]
1364 2305 1486 2337 τούτων

155 2353 220 2382 τῶν
238 2350 267 2379 D
285 2350 442 2381 Foerster
458 2360 633 2390 perperam
725 2349 894 2382 ΜίκωναΙ)
912 2359 998 2380 corr.
1015 2360 1021 2379 ε
1047 2349 1185 2386 Μήκωνα
1203 2348 1246 2378 Dl
1263 2359 1269 2378 :
1294 2349 1406 2380 νίκωνα
1422 2348 1447 2378 F
1461 2347 1485 2378 S

156 2392 284 2435 ἑτερωθί
298 2393 327 2422 D
484 2403 521 2433 15
538 2394 595 2425 τὸν
612 2394 778 2434 Θεοκρίνου
797 2393 826 2422 D
842 2404 848 2423 :
872 2394 929 2425 τὸν
939 2396 1065 2433 Θεοκριν
1076 2392 1100 2422 S
1215 2402 1253 2431 19
1269 2392 1356 2431 ἡμῶν
1371 2401 1434 2422 om.
1453 2390 1486 2421 A

155 2447 198 2468 20
214 2434 446 2477 ὀφείλοντοςΑ
577 2447 617 2467 22
640 2437 877 2478 τιμωρήσασθαι
893 2436 924 2465 Α

224 2502 278 2524 141-
282 2503 310 2522 44
1359 2489 1398 2520 18
