1763 2778
163 106 267 162 xm]
517 111 677 148 ΚΑΤΑ
725 110 1062 148 ΣΤΕΦΑΝΟΤ
1110 111 1140 148 Β
1508 105 1640 162 [1132]

219 220 313 262 ’Έτι
337 222 469 262 τοίνυν
500 220 571 262 κᾶν
605 220 682 261 ἀπὸ
715 223 783 260 τοῦ
808 222 1074 273 γραμματείου
1106 220 1218 273 γνοίη
1243 237 1312 267 τις,
1340 221 1383 261 ἐν
1412 219 1441 275 ᾧ
1462 221 1485 272 ἡ
1510 233 1546 259 11

159 289 349 341 μαρτυρία
372 287 603 342 γέγραπται,
622 289 682 328 ὅτι
706 289 754 327 τὰ
778 290 907 340 ψευδῆ
923 289 1228 340 μεμαρτύρηκεν.
1289 292 1483 328 λελευκω-

158 355 278 407 μένον
302 372 345 397 τε
372 354 449 409 γάρ
483 357 593 396 ἐστιν
626 356 690 395 καὶ
719 356 874 395 οἴκοθεν
907 353 1286 405 κατεσκευασμένον.
1360 356 1486 395 καίτοι

159 422 248 465 τοὺς
271 425 343 474 μὲν
367 424 414 463 τὰ
438 421 694 475 πεπραγμένα
711 426 999 474 μαρτυροῦντας
1024 421 1216 474 προσήκει
1241 423 1394 462 οἴκοθεν
1417 423 1486 464 τὰς

120 491 369 543 5μαρτυρίας
408 488 776 541 κατεσκευασμένας
813 493 1035 542 μαρτυρεῖν,
1076 490 1166 530 τοὺς
1205 492 1246 530 δὲ
1287 491 1356 531 τὰς
1394 506 1486 541 προ-

159 555 322 607 κλήσεις
349 560 650 610 μαρτυροῦντας,
682 556 773 599 τοὺς
805 556 884 597 ἀπὸ
914 556 1159 608 ταύτομάτου
1190 555 1482 609 προσστάντας,

158 625 201 664 ἐν
235 623 366 681 μάλθῃ
396 623 672 677 γεγραμμένην
703 623 774 675 τὴν
805 624 1032 675 μαρτυρίαν,
1066 624 1142 671 ἵνα,
1181 623 1251 665 ἐάν
1285 640 1323 664 τι
1358 640 1482 675 προσ-

157 690 309 744 γράφαι
331 687 355 742 ἢ
382 691 607 744 ἀπαλεῖψαι
629 693 825 749 βουληθῇ,
845 689 977 746 ῥᾴδιον
1000 689 1037 747 ᾗ.

223 758 377 800 Οὐκοῦν
417 761 513 799 κατὰ
546 761 618 811 μὲν
654 762 777 799 ταῦτα
817 757 946 799 πάντα
980 758 1238 812 ἐξελέγχεται
1272 760 1321 800 τὰ
1355 761 1483 811 ψευδῆ
1508 775 1548 801 12

101 848 139 870 10
156 827 456 879 μεμαρτυρηκὼς
486 826 547 866 καὶ
581 828 686 879 παρὰ
721 826 790 867 τὸν
818 826 953 877 νόμον·
1003 827 1205 877 βούλομαι
1237 825 1269 867 δ’
1302 827 1392 877 ὑμῖν
1422 826 1484 866 καὶ

158 892 252 934 αὐτὸ
280 897 397 934 τοῦτο
428 893 633 945 ἐπιδεῖξαι,
660 893 712 936 ὡς
746 894 836 934 οὔτε
864 892 1014 934 διέθετο
1050 894 1070 932 6
1103 893 1231 945 πατὴρ
1261 893 1370 943 ἡμῶν
1400 895 1482 933 δια-

158 959 280 1012 θήκην
303 961 488 1012 οὐδεμίαν
502 961 585 1002 οὔθ’
603 963 640 1002 οἱ
663 962 777 1012 νόμοι
803 962 938 1002 ε’ὣσιν.
997 962 1031 1001 εἰ
1049 959 1125 1014 γάρ
1147 978 1208 1003 τις
1226 961 1354 1012 ἔροιτο
1372 961 1482 1011 ὑμᾶς,

157 1027 241 1068 καθ’
267 1029 426 1071 ὁποίους
453 1029 596 1080 νόμους
622 1031 681 1068 δεῖ
709 1028 989 1069 πολιτεύεσθαι
1012 1028 1127 1079 ἡμᾶς,
1153 1030 1276 1078 δῆλον
1301 1028 1361 1067 ὅτι
1385 1028 1481 1067 ἀπο-

157 1095 349 1149 κρίναισθ’
374 1095 424 1137 ἂν
449 1098 546 1137 κατὰ
582 1096 672 1138 τοὺς
694 1095 907 1146 κειμένους.
980 1097 1086 1136 ἀλλὰ
1118 1094 1195 1146 μὴν
1229 1096 1269 1135 οἵ
1298 1112 1343 1147 γε
1373 1095 1484 1145 νόμοι

98 1182 135 1214 15
156 1163 451 1216 ἀπαγορεύουσι
476 1165 601 1215 ’μηδὲ
624 1163 745 1214 νόμον
772 1161 918 1213 ἐξεῖναι
952 1163 1015 1204 ἐπ’
1046 1163 1158 1214 ἀνδρὶ
1187 1164 1323 1207 θεῖναι,
1350 1161 1398 1202 ἂν
1430 1161 1482 1213 μὴ

155 1229 224 1270 τὸν
260 1229 378 1271 αὐτὸν
415 1230 480 1284 ἐφ’
516 1229 667 1271 ἅπασιν
703 1230 929 1281 Ἀθηναίοις
943 1229 967 1271 ’.
1038 1230 1178 1271 οὐκοῦν
1214 1229 1235 1268 6
1262 1231 1334 1280 μὲν
1366 1229 1485 1280 νόμος
1508 1249 1549 1283 13

156 1297 292 1338 οὑτοσὶ
316 1301 398 1340 τοῖς
422 1298 553 1341 αὐτοῖς
574 1299 712 1349 νόμοις
733 1298 1015 1338 πολιτεύεσθαι
1033 1297 1135 1348 ἡμᾶς
1154 1296 1304 1337 κελεύει
1332 1296 1393 1336 καὶ
1418 1296 1485 1335 οὐκ

157 1360 342 1416 (ἄλλους)
364 1364 518 1407 ἄλλοις.
588 1365 609 1405 6
632 1367 674 1405 δὲ
704 1364 832 1417 πατὴρ
859 1365 1117 1415 ἐτελεύτησεν
1141 1364 1207 1405 ἐπὶ
1236 1362 1486 1413 Δυσνικήτου

157 1431 360 1486 ἄρχοντος,
389 1433 409 1472 6
435 1434 475 1473 δὲ
510 1433 695 1484 Φορμίων
727 1432 936 1483 Ἀθηναῖος
968 1431 1126 1484 ἐγένετο
1156 1431 1222 1472 ἐπὶ
1245 1429 1485 1483 Νικοφήμου

97 1517 137 1539 20
155 1498 361 1553 ἄρχοντος,
387 1498 535 1554 δεκάτῳ
567 1499 647 1540 ἔτει
674 1500 841 1551 ὕστερον
866 1495 889 1549 ἢ
919 1499 940 1538 6
972 1498 1099 1549 πατὴρ
1130 1498 1241 1549 ἡμῶν
1274 1497 1482 1538 ἀπέθανεν.

156 1570 238 1607 πῶς
273 1565 322 1607 ἂν
351 1566 418 1607 οὗν
447 1566 500 1618 μὴ
536 1566 649 1609 εἰδὼς
680 1566 701 1606 6
730 1566 857 1618 πατὴρ
893 1566 1011 1606 αὐτὸν
1035 1565 1248 1616 Ἀθηναῖον
1276 1566 1482 1616 ἐσόμενον,

157 1633 301 1674 ἔδωκεν
334 1632 382 1674 ἂν
417 1633 489 1684 τὴν
521 1635 661 1675 ἑαυτοῦ
689 1638 866 1686 γυναῖκα,
897 1634 960 1674 καὶ
996 1631 1297 1686 προύπηλάκισε
1333 1634 1404 1683 μὲν
1436 1630 1484 1672 ἂν

154 1699 267 1751 ἡμᾶς,
295 1701 571 1754 κατεφρόνησε
619 1700 629 1715 ’
653 1700 702 1741 ἂν
732 1703 801 1751 τῆς
827 1703 973 1752 δωρεᾶς
994 1700 1041 1751 ἧς
1065 1698 1156 1752 παρ’
1179 1700 1287 1750 ὑμῶν
1317 1698 1481 1750 ἔλαβεν,
1505 1702 1636 1757 [1133]

156 1770 315 1820 παρεῖδε
343 1767 376 1808 δ’
413 1768 462 1809 ἂν
492 1768 584 1810 τοὺς
619 1768 779 1819 νόμους;
834 1768 981 1820 πότερα
1017 1769 1060 1808 δὲ
1094 1766 1260 1807 κάλλιον
1297 1764 1345 1816 ἦν
1381 1765 1482 1820 αὐτῷ

94 1850 132 1881 25
157 1835 269 1885 ζῶντι
294 1834 439 1887 πρᾶξαι
463 1839 595 1881 ταῦτα,
617 1836 725 1887 εἴπερ
752 1836 957 1887 ἐβούλετο,
975 1831 997 1885 ἦ
1023 1834 1274 1874 ἀποθανόντα
1299 1831 1483 1883 διαθήκας

157 1906 399 1949 καταλιπεῖν,
426 1902 471 1944 ἂς
501 1902 545 1942 οὐ
576 1902 705 1953 κύριος
734 1901 801 1952 ἧν;
839 1903 947 1942 ἀλλὰ
977 1901 1055 1953 μὴν
1085 1901 1211 1941 αὐτῶν
1244 1904 1323 1941 τῶν
1354 1900 1482 1950 νόμων
1506 1917 1547 1950 14

155 1969 395 2012 ἀκούσαντες
418 1970 640 2023 γνώσεσθε,
662 1969 713 2012 ὡς
739 1968 783 2009 οὐ
800 1969 929 2022 κύριος
953 1968 1000 2021 ἧν
1020 1968 1240 2010 διαθέσθαι.
1299 1966 1396 2020 λέγε
1414 1966 1483 2007 τὸν

154 2036 290 2088 νόμον.

197 2146 219 2176 6
241 2146 465 2187 προσστάντας
482 2146 614 2187 scripsi,
632 2147 672 2178 cf.
686 2146 767 2177 xlvii
787 2157 837 2186 12,
851 2145 1036 2178 Aeschini
1056 2156 1115 2186 117
1134 2157 1141 2177 ι
1164 2144 1365 2187 προστάντας
1385 2144 1480 2176 codd.

156 2199 175 2228 7
200 2192 233 2222 ἐν
261 2190 414 2221 Reiske:
438 2191 488 2222 καὶ
516 2193 549 2223 ἐν
575 2191 671 2221 codd.
858 2190 1083 2231 γεγραμμένην
1109 2189 1209 2221 SF¹:
1245 2187 1482 2230 γεγραμμένους

157 2233 183 2264 F
194 2243 280 2264 corr.
294 2233 323 2271 Q
337 2234 366 2264 D
457 2235 519 2274 7—8
544 2234 597 2265 ἐάν
608 2248 659 2266 τι.
674 2257 682 2265 .
694 2257 701 2264 .
717 2236 861 2276 βουληθῇ
874 2258 881 2266 .
896 2257 903 2264 .
919 2257 926 2265 .
942 2233 1160 2276 ᾗῧεὴᾶθῖθῑζ
1184 2235 1252 2264 εἴτι
1268 2254 1277 2263 .
1294 2257 1300 2263 .
1317 2255 1325 2262 .
1340 2234 1483 2273 βουληθῇ

158 2276 246 2317 (sine
261 2283 400 2308 accentu
414 2276 475 2318 S).
491 2301 498 2309 .
510 2301 518 2308 .
537 2277 686 2315 fivcodd.
703 2288 712 2308 ι
735 2279 765 2309 εἴ
777 2292 810 2310 τι
829 2301 836 2308 .
853 2301 861 2308 .
882 2301 890 2309 .
910 2277 1071 2315 ἐβουλήθη
1088 2301 1096 2308 .
1118 2302 1126 2309 .
1141 2300 1148 2307 .
1167 2277 1206 2314 ἣν
1222 2275 1375 2314 Voeme1,
1387 2275 1481 2314 quasi

155 2329 218 2359 per
239 2321 485 2352 anacoluthiam
513 2322 677 2361 quandam
704 2331 748 2351 ex
774 2321 925 2359 generali
950 2321 1122 2351 sententia
1144 2321 1187 2351 ad
1214 2319 1422 2359 Stephanum
1447 2322 1482 2348 et

157 2362 397 2396 Phormionem
411 2370 558 2395 transeat
568 2370 689 2395 orator.
785 2374 822 2403 15
848 2367 960 2405 ἐξεῖναι
974 2364 1021 2396 ἐπ’
1034 2365 1120 2404 ἀνδρὶ
1135 2363 1160 2394 S
1177 2374 1185 2394 t
1210 2362 1258 2395 ἐπ’
1269 2364 1354 2403 ἀνδρὶ
1369 2364 1482 2401 ἐξεῖναι

155 2405 183 2437 F
197 2406 227 2445 Q
241 2407 271 2437 D
417 2409 455 2439 18
480 2409 601 2442 ἄλλους
614 2408 692 2440 add.
713 2407 839 2439 Reiske
981 2419 1022 2446 24
1045 2409 1119 2439 τοὺς
1137 2407 1161 2437 S
1176 2418 1184 2437 t
1209 2407 1258 2438 καὶ
1275 2407 1349 2438 τοὺς
1365 2405 1390 2435 F
1406 2404 1435 2442 Q
1451 2404 1481 2433 D

221 2473 306 2493 141·44
1377 2460 1396 2490 7
