1763 2778
104 145 240 200 [1332]
658 148 710 203 [Δ
723 148 894 186 ΗΜΟΣ
907 148 986 185 ΘΕ
999 142 1176 198 Nom]
1225 199 1228 202 ι
1479 142 1584 198 [mn

805 255 1022 283 ΜΑΡΊὝΡΕΣ.

190 339 236 372 34
313 317 410 359 “On
441 322 512 371 μὲν
545 319 687 367 τοίνυν,
720 317 751 360 ὦ
787 319 923 371 ἄνδρες
957 319 1153 365 δικασταί,
1188 319 1419 371 Θεοκρίνης,
1456 319 1492 358 εἴ
1525 335 1582 360 τις

256 386 357 441 αὐτῷ
383 388 452 429 τὰς
477 388 613 440 χιλίας
635 388 814 440 δραχμὰς
838 386 979 432 ἐδίδου,
1004 385 1077 436 τὴν
1101 385 1262 438 γραφὴν
1290 382 1374 437 <ἂν>
1406 385 1583 426 ἀνείλετο

98 465 235 520 [1333]
256 453 326 504 τὴν
353 456 448 494 κατὰ
472 457 541 494 τοῦ
564 454 724 505 πατρός,
744 453 911 506 ἡγοῦμαι
934 451 1085 495 πάντας
1107 453 1207 503 ὑμᾶς
1230 453 1442 501 πιστεύειν,
1464 452 1526 492 καὶ
1551 452 1584 493 εἰ

254 520 389 571 μηδεὶς
416 521 698 573 ἐμαρτύρησεν.
736 521 795 560 ὅτι
815 522 857 561 δὲ
875 522 1032 562 πολλὰς
1051 519 1187 572 ἑτέρας
1205 519 1584 573 προσκαλεσάμενος
1606 535 1623 566 5

257 587 319 627 καὶ
345 587 602 640 γραψάμενος
627 590 875 639 καθυφεῖκεν,
905 588 966 627 καὶ
991 586 1128 639 μικρὸν
1152 587 1337 639 ἀργύριον
1361 586 1583 638 λαμβάνων

256 653 563 702 ἀπαλλάττεται,
573 654 663 696 τοὺς
679 655 819 695 δόντας
834 655 924 705 ὑμῖν
940 653 1079 696 αὐτοὺς
1095 655 1290 700 καλῶ,ἵνα
1303 653 1355 705 μὴ
1373 654 1584 704 πιστεύητε

255 720 356 775 αὐτῷ
381 720 539 774 λέγοντι
566 721 616 763 ὡς
642 720 758 763 αὐτὸς
784 720 976 773 φυλάττει
999 721 1091 763 τοὺς
1114 720 1323 774 παράνομα
1341 720 1580 774 γράφοντας,

256 787 319 828 καὶ
343 787 407 834 ὡς,
433 789 527 828 ὅταν
547 789 586 828 αἱ
603 792 682 829 τῶν
701 788 940 840 παρανόμων
958 788 1109 841 γραφαὶ
1128 789 1402 841 ἀναιρεθῶσιν,
1423 788 1444 827 ὁ
1463 790 1584 838 δῆμος

255 856 503 895 καταλύεται·
536 858 657 895 ταῦτα
674 856 750 908 γὰρ
770 856 805 895 οἱ
825 855 952 896 πάντα
971 859 1194 897 πωλοῦντες
1214 855 1347 908 λέγειν
1367 854 1585 905 εἰθισμένοι
1608 870 1645 892 10

190 941 232 977 35
255 923 370 962 εἰσίν.
433 921 545 962 κάλει
580 939 647 974 μοι
678 921 977 975 Ἀριστόμαχον
1008 921 1256 975 Κριτοδήμου
1286 921 1582 972 Ἀλωπεκῆθεν.

254 988 367 1030 οὗτος
392 991 467 1042 γὰρ
496 990 651 1036 ἔδωκεν,
682 992 840 1041 μᾶλλον
863 989 896 1029 δ’
923 991 965 1029 ἐν
989 994 1037 1046 τῇ
1067 989 1207 1029 τούτου
1237 989 1341 1042 οἰκίᾳ
1369 989 1483 1039 ἐδόθη
1509 988 1582 1041 τρί’

255 1056 444 1107 ἡμίμναια
473 1057 596 1111 τούτῳ
629 1061 682 1111 τῷ
719 1055 998 1111 ἀδωροδοκήτῳ
1030 1057 1127 1109 ὑπὲρ
1159 1060 1228 1096 τοῦ
1264 1056 1527 1109 ψηφίσματος
1562 1054 1582 1095 ὃ

255 1122 496 1175 Ἀντιμέδων
521 1124 675 1176 ἔγραψε
699 1128 782 1167 τοῖς
805 1125 1017 1166 Τενεδίοις.

818 1223 847 1249 Μ
852 1223 1028 1250 ΑΡΊὝΡΙΑ.
1606 1233 1617 1254 ῐ
1628 1234 1641 1258 ἦ

320 1285 425 1338 Λέγε
456 1285 500 1336 δὴ
533 1286 594 1326 καὶ
624 1288 694 1328 τὰς
722 1289 799 1327 τῶν
823 1286 960 1327 ἄλλων
990 1284 1135 1339 ἐφεξῆς
1168 1287 1237 1328 τὰς
1273 1286 1455 1327 τοιαύτας
1484 1303 1580 1337 μαρ-

252 1353 395 1405 τυρίας,
418 1353 480 1393 καὶ
496 1353 567 1404 τὴν
583 1352 812 1405 ’Ὑπερείδου
832 1353 893 1393 καὶ
915 1353 1210 1405 Δημοσθένους.
1249 1357 1363 1393 τοῦτο
1380 1352 1454 1405 γάρ
1474 1354 1584 1393 ἐστιν

253 1419 472 1471 ὑπερβολή,
506 1419 551 1460 τὸ
584 1420 674 1474 παρ’
706 1422 760 1461 ὧν
792 1420 872 1461 οὐδ’
898 1420 946 1461 ἂν
970 1421 1026 1462 εἷς
1055 1418 1224 1471 ἀξιώσαι
1255 1424 1415 1471 λαβεῖν,
1446 1423 1582 1460 τοῦτον

255 1488 360 1538 παρὰ
382 1487 531 1528 τούτων
556 1488 701 1539 ἥδιστα
722 1486 948 1539 λαμβάνειν
972 1491 1182 1528 πωλοῦντα
1204 1489 1276 1530 τὰς
1298 1486 1471 1541 γραφάς.

805 1586 1031 1613 ΜΑΡΤΎΡῙΑῙ.
1603 1590 1645 1612 20

190 1663 234 1706 35
319 1648 447 1690 Οὗτος
478 1650 610 1689 τοίνυν
643 1649 779 1689 αὐτίκα
810 1647 934 1701 φήσει
965 1651 1028 1689 διὰ
1058 1652 1174 1690 τοῦτο
1208 1648 1279 1699 τὴν
1308 1647 1474 1699 ἔνδειξιν
1497 1647 1583 1689 καθ’

252 1715 371 1755 αὑτοῦ
394 1715 612 1768 γεγονέναι,
640 1717 704 1757 ἵνα
734 1714 985 1767 Δημοσθένει
1015 1715 1067 1767 μὴ
1101 1715 1296 1772 ἐπεξέλθῃ
1328 1715 1399 1766 τὴν
1421 1715 1583 1768 γραφὴν

252 1780 298 1831 ἣν
324 1781 517 1835 ἐγράψατ’
542 1782 673 1829 αὐτόν,
697 1785 795 1834 μηδὲ
829 1783 1063 1839 Θουκυδίδῃ·
1103 1782 1229 1824 δεινὸς
1261 1781 1335 1835 γάρ
1365 1783 1453 1823 ἐστι
1481 1783 1580 1835 ψεύ-

253 1852 404 1888 σασθαι
429 1849 491 1889 καὶ
516 1853 639 1900 μηδὲν
664 1851 770 1902 ὑγιὲς
794 1851 931 1891 εἰπεῖν.
974 1850 1085 1901 ἡμεῖς
1103 1849 1158 1896 δέ,
1181 1848 1210 1890 ὦ
1229 1848 1366 1902 ἄνδρες
1384 1850 1580 1896 δικασταί,

254 1916 315 1955 καὶ
339 1915 441 1955 τοῦτ’
467 1916 789 1970 ἐπεσκεψάμεθα,
817 1918 880 1957 καὶ
912 1915 1090 1968 δείξομεν
1113 1918 1204 1968 ὑμῖν
1230 1916 1344 1957 οὐδὲν
1367 1915 1439 1966 τὴν
1463 1917 1581 1956 πόλιν
1604 1937 1641 1968 25

251 1982 550 2034 βλαπτομένην,
580 1984 668 2025 οὔτε
691 1985 747 2035 μὰ
769 1983 838 2024 τὸν
865 1985 944 2024 Δία
975 1983 1044 2024 ἐὰν
1070 1984 1202 2036 κύριον
1230 1982 1393 2037 γένηται
1423 1983 1467 2023 τὸ
1499 1982 1579 2035 ψή-

253 2054 386 2101 φισμα
409 2049 454 2090 τὸ
478 2051 721 2091 Θουκυδίδου
739 2051 819 2091 οὔτ’
835 2051 883 2091 ἂν
903 2051 1057 2104 ἄκυρον.
1108 2052 1232 2091 καίτοι
1251 2049 1321 2093 τάς
1335 2067 1382 2103 γε
1399 2049 1582 2092 τοιαύτας

252 2116 472 2169 ἀπολογίας
496 2117 540 2158 οὐ
566 2119 713 2158 δίκαιόν
738 2120 824 2159 ἐστι
850 2118 1094 2172 προσφέρειν
1111 2122 1192 2160 τοῖς
1220 2120 1315 2159 κατὰ
1334 2118 1425 2162 τοὺς
1438 2118 1581 2168 νόμους

299 2237 312 2256 1
340 2232 555 2260 ΜΑΡΊὝΡΙΑΙ
569 2227 601 2258 Α
711 2238 731 2267 3
748 2229 788 2260 ἂν
799 2229 874 2258 add.
886 2228 1012 2268 Taylor
1122 2239 1141 2266 4
1159 2228 1201 2269 εἴ]
1216 2230 1247 2260 εἴ
1259 2242 1310 2268 μοι
1328 2228 1358 2258 Α
1468 2228 1488 2257 8
1511 2227 1583 2271 (τὰ)

251 2270 417 2311 παράνομα
434 2270 561 2302 Reiske
716 2282 750 2302 11
777 2273 858 2303 εἰσίν
875 2272 899 2302 S
916 2273 1005 2311 vulg.
1024 2283 1031 2301 τ
1055 2271 1173 2304 πάντες
1190 2273 1269 2304 εἰσίν
1285 2271 1317 2300 Α
1404 2270 1472 2311 μοι]
1489 2284 1538 2304 σοι
1555 2270 1580 2302 S

257 2323 294 2352 14
311 2313 500 2354 Ἀντιμέδων
514 2314 537 2345 S
552 2326 559 2346 ε
582 2315 771 2355 Αὐτομέδων
781 2316 869 2354 vulg.
975 2325 1011 2354 15
1031 2320 1243 2347 ΜΑΡΊὝΡῙΑῙ
1259 2314 1283 2346 S
1296 2315 1321 2345 F
1333 2315 1363 2345 D
1464 2316 1503 2345 16
1517 2318 1581 2347 τῶν

254 2358 362 2390 ἄλλων
373 2357 397 2388 S
410 2358 434 2387 F
449 2358 479 2396 Q
493 2358 522 2387 D
538 2370 544 2388 τ
573 2360 676 2391 ἄλλας
692 2358 723 2388 Α
848 2369 884 2398 17
908 2360 969 2396 τὴν
984 2358 1070 2399 Ὕπ.]
1082 2360 1138 2391 τὰς
1155 2361 1222 2392 ‘Tm
1239 2358 1270 2388 Α
1358 2359 1408 2390 καὶ
1426 2360 1485 2396 τὴν
1497 2364 1535 2390 Δ.
1549 2357 1581 2387 Α

257 2401 295 2430 18
319 2403 416 2442 παρὸν
433 2401 548 2433 οὐδ’ὂιν
559 2403 671 2442 ἆξιῶσε
682 2404 796 2438 λαβεῖν
813 2403 913 2434 οὐδείς
927 2402 957 2440 Q
969 2415 1017 2443 γρ.
1123 2411 1165 2441 23
1181 2402 1260 2442 μηδὲ
1275 2402 1308 2432 in
1324 2412 1387 2441 mg.
1406 2401 1430 2432 S
1441 2412 1460 2431 a
1473 2412 1521 2440 pr.
1536 2411 1578 2433 m.

254 2453 295 2482 25
319 2445 518 2486 ἐσκεψάμεθα
529 2445 559 2474 Α
692 2455 731 2484 27
750 2446 816 2477 οὔτ’
829 2447 883 2477 ἐὰν
893 2445 923 2475 Α
1042 2445 1099 2478 τάς
1111 2459 1149 2486 ’γε
1160 2445 1191 2474 Α
1206 2457 1212 2476 :
1237 2458 1275 2486 ’γε
1286 2447 1343 2477 τὰς
1357 2444 1380 2475 S
1395 2445 1418 2475 F
1432 2444 1462 2483 Q
1477 2444 1517 2485 D,
1536 2444 1578 2476 cs.

253 2488 335 2518 xxiv
355 2498 428 2527 113,
447 2488 573 2520 Andoc.
594 2489 602 2518 i
623 2499 662 2528 72
803 2491 844 2519 28
862 2489 1052 2530 προσφέρειν
1067 2489 1098 2518 Α
1115 2500 1122 2519 :
1145 2496 1240 2530 πρυφ.
1261 2488 1284 2519 S
1298 2488 1363 2528 FQ
1378 2488 1408 2518 D
