<?xml version="1.0" encoding="UTF-8"?>
<!DOCTYPE html PUBLIC "-//W3C//DTD XHTML 1.0 Transitional//EN"
    "http://www.w3.org/TR/xhtml1/DTD/xhtml1-transitional.dtd">
<html xmlns="http://www.w3.org/1999/xhtml" xml:lang="en" lang="en">
 <head>
  <title>
</title>
<meta http-equiv="Content-Type" content="text/html;charset=utf-8" />
  <meta name='ocr-system' content='tesseract 3.04.00' />
  <meta name='ocr-capabilities' content='ocr_page ocr_carea ocr_par ocr_line ocrx_word'/>
</head>
<body>
  <div class='ocr_page' id='page_1' title='image "./orationesrecog03demouoft_0046.png"; bbox 0 0 1742 2774; ppageno 0'>
   <div class='ocr_carea' id='block_1_1' title="bbox 63 92 1546 158">
    <p class='ocr_par' dir='ltr' id='par_1_1' title="bbox 63 92 1546 158">
     <span class='ocr_line' id='line_1_1' title="bbox 63 92 1546 158; baseline -0.008 -15"><span class='ocrx_word' id='word_1_1' title='bbox 63 101 203 158; x_wconf 78' lang='lat'><strong>[1054]</strong></span> <span class='ocrx_word' id='word_1_2' title='bbox 635 92 1153 151; x_wconf 66' lang='lat' dir='ltr'><strong>[AHMOEOENOTE]</strong></span> <span class='ocrx_word' id='word_1_3' title='bbox 1445 93 1546 149; x_wconf 65' lang='lat' dir='ltr'>[mn</span> 
     </span>
    </p>
   </div>
   <div class='ocr_carea' id='block_1_2' title="bbox 166 197 1618 1399">
    <p class='ocr_par' dir='ltr' id='par_1_2' title="bbox 166 197 1618 1399">
     <span class='ocr_line' id='line_1_2' title="bbox 226 197 1548 253; baseline -0.003 -13"><span class='ocrx_word' id='word_1_4' title='bbox 226 200 313 242; x_wconf 79' lang='grc' dir='ltr'>οὐδὲ</span> <span class='ocrx_word' id='word_1_5' title='bbox 333 198 538 253; x_wconf 79' lang='grc' dir='ltr'>ἀπάγοντα</span> <span class='ocrx_word' id='word_1_6' title='bbox 562 198 606 239; x_wconf 85' lang='grc' dir='ltr'>τὸ</span> <span class='ocrx_word' id='word_1_7' title='bbox 633 200 774 252; x_wconf 84' lang='grc' dir='ltr'>ἱερεῖον</span> <span class='ocrx_word' id='word_1_8' title='bbox 792 199 870 240; x_wconf 85' lang='grc' dir='ltr'>ἀπὸ</span> <span class='ocrx_word' id='word_1_9' title='bbox 893 202 961 239; x_wconf 86' lang='grc' dir='ltr'>τοῦ</span> <span class='ocrx_word' id='word_1_10' title='bbox 979 202 1129 250; x_wconf 81' lang='grc' dir='ltr'><em>βωμοῦ,</em></span> <span class='ocrx_word' id='word_1_11' title='bbox 1145 199 1177 239; x_wconf 85' lang='grc' dir='ltr'>εἰ</span> <span class='ocrx_word' id='word_1_12' title='bbox 1202 197 1254 249; x_wconf 78' lang='grc' dir='ltr'>μὴ</span> <span class='ocrx_word' id='word_1_13' title='bbox 1268 198 1548 250; x_wconf 74' lang='grc' dir='ltr'>προσηκόντως</span> 
     </span>
     <span class='ocr_line' id='line_1_3' title="bbox 227 264 1546 321; baseline -0.005 -12"><span class='ocrx_word' id='word_1_14' title='bbox 227 267 410 321; x_wconf 82' lang='grc' dir='ltr'>εἰσήγετο</span> <span class='ocrx_word' id='word_1_15' title='bbox 442 268 463 307; x_wconf 90' lang='grc' dir='ltr'>ὁ</span> <span class='ocrx_word' id='word_1_16' title='bbox 496 271 585 308; x_wconf 80' lang='grc' dir='ltr'>παῖς</span> <span class='ocrx_word' id='word_1_17' title='bbox 616 267 766 313; x_wconf 87' lang='grc' dir='ltr'>οὑτοσί,</span> <span class='ocrx_word' id='word_1_18' title='bbox 794 265 930 306; x_wconf 81' lang='grc' dir='ltr'>αὐτοὺς</span> <span class='ocrx_word' id='word_1_19' title='bbox 961 265 993 306; x_wconf 79' lang='grc' dir='ltr'>δ’</span> <span class='ocrx_word' id='word_1_20' title='bbox 1025 264 1208 316; x_wconf 77' lang='grc' dir='ltr'>ἀξιοῦντα</span> <span class='ocrx_word' id='word_1_21' title='bbox 1237 266 1444 316; x_wconf 89' lang='grc' dir='ltr'>ἐπιορκεῖν,</span> <span class='ocrx_word' id='word_1_22' title='bbox 1475 269 1546 304; x_wconf 92' lang='grc' dir='ltr'>λα-</span> 
     </span>
     <span class='ocr_line' id='line_1_4' title="bbox 225 331 1551 387; baseline -0.005 -11"><span class='ocrx_word' id='word_1_23' title='bbox 225 336 370 387; x_wconf 82' lang='grc' dir='ltr'>βόντες</span> <span class='ocrx_word' id='word_1_24' title='bbox 403 334 472 385; x_wconf 77' lang='grc' dir='ltr'>τὴν</span> <span class='ocrx_word' id='word_1_25' title='bbox 506 336 647 387; x_wconf 79' lang='grc' dir='ltr'>ψῆφον</span> <span class='ocrx_word' id='word_1_26' title='bbox 674 332 875 384; x_wconf 83' lang='grc' dir='ltr'>καομένων</span> <span class='ocrx_word' id='word_1_27' title='bbox 903 336 981 374; x_wconf 84' lang='grc' dir='ltr'>τῶν</span> <span class='ocrx_word' id='word_1_28' title='bbox 1015 333 1178 385; x_wconf 81' lang='grc' dir='ltr'>ἱερείων,</span> <span class='ocrx_word' id='word_1_29' title='bbox 1206 331 1282 372; x_wconf 81' lang='grc' dir='ltr'>ἀπὸ</span> <span class='ocrx_word' id='word_1_30' title='bbox 1314 334 1384 372; x_wconf 86' lang='grc' dir='ltr'>τοῦ</span> <span class='ocrx_word' id='word_1_31' title='bbox 1411 334 1551 383; x_wconf 82' lang='grc' dir='ltr'>βωμοῦ</span> 
     </span>
     <span class='ocr_line' id='line_1_5' title="bbox 228 398 1548 456; baseline -0.005 -12"><span class='ocrx_word' id='word_1_32' title='bbox 228 402 417 456; x_wconf 87' lang='grc' dir='ltr'>φέροντες</span> <span class='ocrx_word' id='word_1_33' title='bbox 441 404 511 442; x_wconf 85' lang='grc' dir='ltr'>τοῦ</span> <span class='ocrx_word' id='word_1_34' title='bbox 537 400 635 443; x_wconf 83' lang='grc' dir='ltr'>Διὸς</span> <span class='ocrx_word' id='word_1_35' title='bbox 659 404 727 441; x_wconf 84' lang='grc' dir='ltr'>τοῦ</span> <span class='ocrx_word' id='word_1_36' title='bbox 752 400 956 453; x_wconf 85' lang='grc' dir='ltr'>φρατρίου,</span> <span class='ocrx_word' id='word_1_37' title='bbox 983 400 1178 452; x_wconf 77' lang='grc' dir='ltr'>παρόντος</span> <span class='ocrx_word' id='word_1_38' title='bbox 1206 398 1359 439; x_wconf 89' lang='grc' dir='ltr'>τουτουὶ</span> <span class='ocrx_word' id='word_1_39' title='bbox 1385 401 1548 450; x_wconf 82' lang='grc' dir='ltr'>Μακαρ-</span> 
     </span>
     <span class='ocr_line' id='line_1_6' title="bbox 226 464 1588 522; baseline -0.004 -11"><span class='ocrx_word' id='word_1_40' title='bbox 226 469 356 517; x_wconf 87' lang='grc' dir='ltr'>τάτου,</span> <span class='ocrx_word' id='word_1_41' title='bbox 383 470 643 522; x_wconf 80' lang='grc' dir='ltr'>ἐψηφίσαντο</span> <span class='ocrx_word' id='word_1_42' title='bbox 667 469 715 508; x_wconf 80' lang='grc' dir='ltr'>τὰ</span> <span class='ocrx_word' id='word_1_43' title='bbox 735 467 876 514; x_wconf 86' lang='grc' dir='ltr'>δίκαια,</span> <span class='ocrx_word' id='word_1_44' title='bbox 903 465 932 507; x_wconf 71' lang='grc' dir='ltr'>ὦ</span> <span class='ocrx_word' id='word_1_45' title='bbox 957 466 1094 520; x_wconf 79' lang='grc' dir='ltr'>ἄνδρες</span> <span class='ocrx_word' id='word_1_46' title='bbox 1120 466 1313 512; x_wconf 88' lang='grc' dir='ltr'>δικασταί,</span> <span class='ocrx_word' id='word_1_47' title='bbox 1340 466 1463 518; x_wconf 79' lang='grc' dir='ltr'>ὀρθῶς</span> <span class='ocrx_word' id='word_1_48' title='bbox 1487 464 1551 506; x_wconf 91' lang='grc' dir='ltr'>καὶ</span> <span class='ocrx_word' id='word_1_49' title='bbox 1572 477 1588 509; x_wconf 82' lang='lat'>5</span> 
     </span>
     <span class='ocr_line' id='line_1_7' title="bbox 227 532 1552 589; baseline -0.004 -11"><span class='ocrx_word' id='word_1_50' title='bbox 227 537 506 589; x_wconf 79' lang='grc' dir='ltr'>προσηκόντως</span> <span class='ocrx_word' id='word_1_51' title='bbox 527 535 595 577; x_wconf 86' lang='grc' dir='ltr'>τὸν</span> <span class='ocrx_word' id='word_1_52' title='bbox 620 538 739 576; x_wconf 83' lang='grc' dir='ltr'>παῖδα</span> <span class='ocrx_word' id='word_1_53' title='bbox 763 534 917 576; x_wconf 75' lang='grc' dir='ltr'>τουτονὶ</span> <span class='ocrx_word' id='word_1_54' title='bbox 949 533 1185 587; x_wconf 83' lang='grc' dir='ltr'>εἰσάγεσθαι</span> <span class='ocrx_word' id='word_1_55' title='bbox 1211 533 1439 589; x_wconf 80' lang='grc' dir='ltr'>Εὐβουλίδῃ</span> <span class='ocrx_word' id='word_1_56' title='bbox 1467 532 1552 573; x_wconf 85' lang='grc' dir='ltr'>υἱὸν</span> 
     </span>
     <span class='ocr_line' id='line_1_8' title="bbox 166 600 1553 661; baseline -0.003 -16"><span class='ocrx_word' id='word_1_57' title='bbox 166 622 206 661; x_wconf 83' lang='lat'>15</span> <span class='ocrx_word' id='word_1_58' title='bbox 229 606 283 647; x_wconf 82' lang='grc' dir='ltr'>εἰς</span> <span class='ocrx_word' id='word_1_59' title='bbox 321 604 388 645; x_wconf 85' lang='grc' dir='ltr'>τὸν</span> <span class='ocrx_word' id='word_1_60' title='bbox 422 603 530 645; x_wconf 75' lang='grc' dir='ltr'>οἶκον</span> <span class='ocrx_word' id='word_1_61' title='bbox 558 602 628 644; x_wconf 83' lang='grc' dir='ltr'>τὸν</span> <span class='ocrx_word' id='word_1_62' title='bbox 660 602 836 656; x_wconf 54' lang='grc' dir='ltr'>(Αγνίου.</span> <span class='ocrx_word' id='word_1_63' title='bbox 907 600 1206 655; x_wconf 80' lang='grc' dir='ltr'>ψηφισαμένων</span> <span class='ocrx_word' id='word_1_64' title='bbox 1240 603 1284 642; x_wconf 82' lang='grc' dir='ltr'>δὲ</span> <span class='ocrx_word' id='word_1_65' title='bbox 1318 603 1441 640; x_wconf 85' lang='grc' dir='ltr'>ταῦτα</span> <span class='ocrx_word' id='word_1_66' title='bbox 1474 603 1553 641; x_wconf 87' lang='grc' dir='ltr'>τῶν</span> 
     </span>
     <span class='ocr_line' id='line_1_9' title="bbox 229 667 1553 725; baseline -0.003 -14"><span class='ocrx_word' id='word_1_67' title='bbox 229 671 437 725; x_wconf 85' lang='grc' dir='ltr'>φρατέρων</span> <span class='ocrx_word' id='word_1_68' title='bbox 460 675 538 712; x_wconf 84' lang='grc' dir='ltr'>τῶν</span> <span class='ocrx_word' id='word_1_69' title='bbox 563 670 717 711; x_wconf 86' lang='grc' dir='ltr'>τουτουὶ</span> <span class='ocrx_word' id='word_1_70' title='bbox 752 668 1028 722; x_wconf 78' lang='grc' dir='ltr'>Μακαρτάτου,</span> <span class='ocrx_word' id='word_1_71' title='bbox 1056 671 1138 711; x_wconf 81' lang='grc' dir='ltr'>υἱὸς</span> <span class='ocrx_word' id='word_1_72' title='bbox 1169 667 1223 709; x_wconf 87' lang='grc' dir='ltr'>ὢν</span> <span class='ocrx_word' id='word_1_73' title='bbox 1255 667 1505 719; x_wconf 82' lang='grc' dir='ltr'>Εὐβουλίδου</span> <span class='ocrx_word' id='word_1_74' title='bbox 1532 667 1553 706; x_wconf 91' lang='grc' dir='ltr'>ὁ</span> 
     </span>
     <span class='ocr_line' id='line_1_10' title="bbox 228 733 1553 790; baseline -0.005 -10"><span class='ocrx_word' id='word_1_75' title='bbox 228 743 320 781; x_wconf 80' lang='grc' dir='ltr'>παῖς</span> <span class='ocrx_word' id='word_1_76' title='bbox 362 739 498 780; x_wconf 84' lang='grc' dir='ltr'>οὑτοσὶ</span> <span class='ocrx_word' id='word_1_77' title='bbox 536 736 864 790; x_wconf 86' lang='grc' dir='ltr'>προσεκαλέσατο</span> <span class='ocrx_word' id='word_1_78' title='bbox 903 736 1167 789; x_wconf 84' lang='grc' dir='ltr'>Μακάρτατον</span> <span class='ocrx_word' id='word_1_79' title='bbox 1203 739 1270 776; x_wconf 83' lang='grc' dir='ltr'>τοῦ</span> <span class='ocrx_word' id='word_1_80' title='bbox 1307 733 1451 787; x_wconf 85' lang='grc' dir='ltr'>κλήρου</span> <span class='ocrx_word' id='word_1_81' title='bbox 1486 737 1553 774; x_wconf 85' lang='grc' dir='ltr'>τοῦ</span> 
     </span>
     <span class='ocr_line' id='line_1_11' title="bbox 227 801 1614 859; baseline -0.004 -13"><span class='ocrx_word' id='word_1_82' title='bbox 227 805 388 859; x_wconf 77' lang='grc' dir='ltr'>Ἀγνίου</span> <span class='ocrx_word' id='word_1_83' title='bbox 414 807 469 848; x_wconf 80' lang='grc' dir='ltr'>εἷς</span> <span class='ocrx_word' id='word_1_84' title='bbox 494 806 754 851; x_wconf 84' lang='grc' dir='ltr'>διαδικασίαν,</span> <span class='ocrx_word' id='word_1_85' title='bbox 774 805 836 845; x_wconf 85' lang='grc' dir='ltr'>καὶ</span> <span class='ocrx_word' id='word_1_86' title='bbox 862 804 985 858; x_wconf 78' lang='grc' dir='ltr'>ἔλαχε</span> <span class='ocrx_word' id='word_1_87' title='bbox 1004 803 1100 857; x_wconf 83' lang='grc' dir='ltr'>πρὸς</span> <span class='ocrx_word' id='word_1_88' title='bbox 1125 802 1193 844; x_wconf 84' lang='grc' dir='ltr'>τὸν</span> <span class='ocrx_word' id='word_1_89' title='bbox 1217 802 1404 856; x_wconf 79' lang='grc' dir='ltr'>ἄρχοντα,</span> <span class='ocrx_word' id='word_1_90' title='bbox 1423 801 1555 854; x_wconf 81' lang='grc' dir='ltr'>κύριον</span> <span class='ocrx_word' id='word_1_91' title='bbox 1578 817 1614 839; x_wconf 86' lang='grc' dir='ltr'>ιο</span> 
     </span>
     <span class='ocr_line' id='line_1_12' title="bbox 229 868 1556 927; baseline -0.004 -13"><span class='ocrx_word' id='word_1_92' title='bbox 229 873 551 927; x_wconf 81' lang='grc' dir='ltr'>ἐπιγραψάμενος</span> <span class='ocrx_word' id='word_1_93' title='bbox 588 873 655 913; x_wconf 87' lang='grc' dir='ltr'>τὸν</span> <span class='ocrx_word' id='word_1_94' title='bbox 693 871 871 924; x_wconf 84' lang='grc' dir='ltr'>ἀδελφὸν</span> <span class='ocrx_word' id='word_1_95' title='bbox 907 871 976 912; x_wconf 88' lang='grc' dir='ltr'>τὸν</span> <span class='ocrx_word' id='word_1_96' title='bbox 1006 874 1154 913; x_wconf 82' lang='grc' dir='ltr'>ἑαυτοῦ·</span> <span class='ocrx_word' id='word_1_97' title='bbox 1197 870 1283 921; x_wconf 86' lang='grc' dir='ltr'>ἐμοὶ</span> <span class='ocrx_word' id='word_1_98' title='bbox 1319 871 1395 922; x_wconf 80' lang='grc' dir='ltr'>γὰρ</span> <span class='ocrx_word' id='word_1_99' title='bbox 1425 868 1556 910; x_wconf 87' lang='grc' dir='ltr'>οὐκέτι</span> 
     </span>
     <span class='ocr_line' id='line_1_13' title="bbox 230 936 1552 994; baseline -0.003 -13"><span class='ocrx_word' id='word_1_100' title='bbox 230 941 313 982; x_wconf 80' lang='grc' dir='ltr'>οἶόν</span> <span class='ocrx_word' id='word_1_101' title='bbox 344 940 377 981; x_wconf 89' lang='grc' dir='ltr'>τ’</span> <span class='ocrx_word' id='word_1_102' title='bbox 411 940 471 992; x_wconf 81' lang='grc' dir='ltr'>ἦν,</span> <span class='ocrx_word' id='word_1_103' title='bbox 499 938 528 981; x_wconf 73' lang='grc' dir='ltr'><em>ὦ</em></span> <span class='ocrx_word' id='word_1_104' title='bbox 554 939 689 992; x_wconf 83' lang='grc' dir='ltr'>ἄνδρες</span> <span class='ocrx_word' id='word_1_105' title='bbox 714 940 911 985; x_wconf 88' lang='grc' dir='ltr'>δικασταί,</span> <span class='ocrx_word' id='word_1_106' title='bbox 941 939 1056 994; x_wconf 80' lang='grc' dir='ltr'>κυρίῳ</span> <span class='ocrx_word' id='word_1_107' title='bbox 1082 936 1388 990; x_wconf 84' lang='grc' dir='ltr'>ἐπιγεγράφθαι,</span> <span class='ocrx_word' id='word_1_108' title='bbox 1417 937 1552 978; x_wconf 81' lang='grc' dir='ltr'>εἰσπε-</span> 
     </span>
     <span class='ocr_line' id='line_1_14' title="bbox 229 1002 1555 1059; baseline -0.004 -10"><span class='ocrx_word' id='word_1_109' title='bbox 229 1009 408 1059; x_wconf 89' lang='grc' dir='ltr'>ποιηκότι</span> <span class='ocrx_word' id='word_1_110' title='bbox 439 1008 509 1049; x_wconf 88' lang='grc' dir='ltr'>τὸν</span> <span class='ocrx_word' id='word_1_111' title='bbox 538 1010 660 1049; x_wconf 84' lang='grc' dir='ltr'>παῖδα</span> <span class='ocrx_word' id='word_1_112' title='bbox 692 1008 746 1049; x_wconf 83' lang='grc' dir='ltr'>εἷς</span> <span class='ocrx_word' id='word_1_113' title='bbox 778 1005 847 1047; x_wconf 83' lang='grc' dir='ltr'>τὸν</span> <span class='ocrx_word' id='word_1_114' title='bbox 872 1005 980 1047; x_wconf 80' lang='grc' dir='ltr'>οἶκον</span> <span class='ocrx_word' id='word_1_115' title='bbox 1012 1005 1082 1047; x_wconf 87' lang='grc' dir='ltr'>τὸν</span> <span class='ocrx_word' id='word_1_116' title='bbox 1112 1005 1374 1057; x_wconf 78' lang='grc' dir='ltr'>Εὐβουλίδου.</span> <span class='ocrx_word' id='word_1_117' title='bbox 1446 1002 1508 1044; x_wconf 85' lang='grc' dir='ltr'>καὶ</span> <span class='ocrx_word' id='word_1_118' title='bbox 1533 1002 1555 1054; x_wconf 86' lang='grc' dir='ltr'>ἡ</span> 
     </span>
     <span class='ocr_line' id='line_1_15' title="bbox 230 1069 1556 1130; baseline -0.004 -14"><span class='ocrx_word' id='word_1_119' title='bbox 230 1076 480 1129; x_wconf 84' lang='grc' dir='ltr'>πρόσκλησις</span> <span class='ocrx_word' id='word_1_120' title='bbox 500 1074 657 1128; x_wconf 86' lang='grc' dir='ltr'>ἐγένετο</span> <span class='ocrx_word' id='word_1_121' title='bbox 689 1078 743 1130; x_wconf 80' lang='grc' dir='ltr'>τῷ</span> <span class='ocrx_word' id='word_1_122' title='bbox 775 1074 885 1115; x_wconf 85' lang='grc' dir='ltr'>παιδὶ</span> <span class='ocrx_word' id='word_1_123' title='bbox 908 1074 1048 1129; x_wconf 82' lang='grc' dir='ltr'>τουτῳὶ</span> <span class='ocrx_word' id='word_1_124' title='bbox 1079 1075 1176 1114; x_wconf 80' lang='grc' dir='ltr'>κατὰ</span> <span class='ocrx_word' id='word_1_125' title='bbox 1211 1071 1281 1113; x_wconf 84' lang='grc' dir='ltr'>τὸν</span> <span class='ocrx_word' id='word_1_126' title='bbox 1308 1072 1445 1123; x_wconf 85' lang='grc' dir='ltr'>νόμον,</span> <span class='ocrx_word' id='word_1_127' title='bbox 1472 1069 1556 1112; x_wconf 85' lang='grc' dir='ltr'>καθ’</span> 
     </span>
     <span class='ocr_line' id='line_1_16' title="bbox 230 1137 1618 1196; baseline -0.004 -12"><span class='ocrx_word' id='word_1_128' title='bbox 230 1144 349 1196; x_wconf 85' lang='grc' dir='ltr'>ὅνπερ</span> <span class='ocrx_word' id='word_1_129' title='bbox 379 1143 441 1184; x_wconf 86' lang='grc' dir='ltr'>καὶ</span> <span class='ocrx_word' id='word_1_130' title='bbox 476 1143 583 1184; x_wconf 80' lang='grc' dir='ltr'>οὗτοι</span> <span class='ocrx_word' id='word_1_131' title='bbox 620 1140 973 1194; x_wconf 88' lang='grc' dir='ltr'>προσεκαλέσαντο</span> <span class='ocrx_word' id='word_1_132' title='bbox 1002 1140 1075 1192; x_wconf 79' lang='grc' dir='ltr'>τὴν</span> <span class='ocrx_word' id='word_1_133' title='bbox 1105 1140 1258 1182; x_wconf 83' lang='grc' dir='ltr'>τουτουὶ</span> <span class='ocrx_word' id='word_1_134' title='bbox 1293 1137 1456 1191; x_wconf 86' lang='grc' dir='ltr'>μητέρα,</span> <span class='ocrx_word' id='word_1_135' title='bbox 1483 1137 1557 1189; x_wconf 81' lang='grc' dir='ltr'>τὴν</span> <span class='ocrx_word' id='word_1_136' title='bbox 1580 1145 1618 1178; x_wconf 85' lang='lat'>15</span> 
     </span>
     <span class='ocr_line' id='line_1_17' title="bbox 230 1205 1558 1264; baseline -0.003 -13"><span class='ocrx_word' id='word_1_137' title='bbox 230 1214 475 1261; x_wconf 87' lang='grc' dir='ltr'>νενικηκυῖαν</span> <span class='ocrx_word' id='word_1_138' title='bbox 514 1210 705 1263; x_wconf 89' lang='grc' dir='ltr'>πρότερον</span> <span class='ocrx_word' id='word_1_139' title='bbox 744 1210 787 1250; x_wconf 86' lang='grc' dir='ltr'>ἐν</span> <span class='ocrx_word' id='word_1_140' title='bbox 822 1209 875 1264; x_wconf 72' lang='grc' dir='ltr'>τῷ</span> <span class='ocrx_word' id='word_1_141' title='bbox 904 1210 1141 1264; x_wconf 78' lang='grc' dir='ltr'>δικαστηρίῳ</span> <span class='ocrx_word' id='word_1_142' title='bbox 1178 1207 1241 1249; x_wconf 84' lang='grc' dir='ltr'>καὶ</span> <span class='ocrx_word' id='word_1_143' title='bbox 1278 1207 1454 1260; x_wconf 81' lang='grc' dir='ltr'>ἔχουσαν</span> <span class='ocrx_word' id='word_1_144' title='bbox 1487 1205 1558 1247; x_wconf 83' lang='grc' dir='ltr'>τὸν</span> 
     </span>
     <span class='ocr_line' id='line_1_18' title="bbox 167 1271 1558 1331; baseline -0.002 -14"><span class='ocrx_word' id='word_1_145' title='bbox 167 1282 211 1317; x_wconf 85' lang='grc'>16</span> <span class='ocrx_word' id='word_1_146' title='bbox 232 1279 376 1331; x_wconf 87' lang='grc' dir='ltr'>κλῆρον</span> <span class='ocrx_word' id='word_1_147' title='bbox 401 1277 469 1318; x_wconf 86' lang='grc' dir='ltr'>τὸν</span> <span class='ocrx_word' id='word_1_148' title='bbox 493 1277 668 1330; x_wconf 78' lang='grc' dir='ltr'>Ἁγνίου.</span> <span class='ocrx_word' id='word_1_149' title='bbox 741 1277 808 1317; x_wconf 89' lang='grc' dir='ltr'>καί.</span> <span class='ocrx_word' id='word_1_150' title='bbox 826 1293 895 1327; x_wconf 91' lang='grc' dir='ltr'>μοι</span> <span class='ocrx_word' id='word_1_151' title='bbox 926 1274 1126 1329; x_wconf 86' lang='grc' dir='ltr'>ἀνάγνωθι</span> <span class='ocrx_word' id='word_1_152' title='bbox 1143 1274 1212 1316; x_wconf 84' lang='grc' dir='ltr'>τὸν</span> <span class='ocrx_word' id='word_1_153' title='bbox 1240 1274 1375 1326; x_wconf 86' lang='grc' dir='ltr'>νόμον,</span> <span class='ocrx_word' id='word_1_154' title='bbox 1403 1271 1488 1315; x_wconf 86' lang='grc' dir='ltr'>καθ’</span> <span class='ocrx_word' id='word_1_155' title='bbox 1513 1271 1558 1314; x_wconf 80' lang='grc' dir='ltr'>ὃν</span> 
     </span>
     <span class='ocr_line' id='line_1_19' title="bbox 228 1343 1350 1399; baseline -0.004 -12"><span class='ocrx_word' id='word_1_156' title='bbox 228 1345 251 1397; x_wconf 90' lang='grc' dir='ltr'>ἡ</span> <span class='ocrx_word' id='word_1_157' title='bbox 278 1345 528 1399; x_wconf 82' lang='grc' dir='ltr'>πρόσκλησίς</span> <span class='ocrx_word' id='word_1_158' title='bbox 548 1346 660 1387; x_wconf 88' lang='grc' dir='ltr'>ἐστιν</span> <span class='ocrx_word' id='word_1_159' title='bbox 685 1345 791 1397; x_wconf 82' lang='grc' dir='ltr'>παρὰ</span> <span class='ocrx_word' id='word_1_160' title='bbox 815 1347 884 1384; x_wconf 87' lang='grc' dir='ltr'>τοῦ</span> <span class='ocrx_word' id='word_1_161' title='bbox 910 1343 1073 1399; x_wconf 79' lang='grc' dir='ltr'>ἔχοντος</span> <span class='ocrx_word' id='word_1_162' title='bbox 1096 1347 1167 1385; x_wconf 87' lang='grc' dir='ltr'>τὸν</span> <span class='ocrx_word' id='word_1_163' title='bbox 1192 1344 1350 1395; x_wconf 87' lang='grc' dir='ltr'>κλῆρον.</span> 
     </span>
    </p>
   </div>
   <div class='ocr_carea' id='block_1_3' title="bbox 811 1459 967 1488">
    <p class='ocr_par' dir='ltr' id='par_1_3' title="bbox 811 1459 967 1488">
     <span class='ocr_line' id='line_1_20' title="bbox 811 1459 967 1488; baseline 0.021 -3"><span class='ocrx_word' id='word_1_164' title='bbox 811 1459 967 1488; x_wconf 85' lang='grc' dir='ltr'><strong>ΝΟΜΟΣ.</strong></span> 
     </span>
    </p>
   </div>
   <div class='ocr_carea' id='block_1_4' title="bbox 69 1513 1621 1897">
    <p class='ocr_par' dir='ltr' id='par_1_4' title="bbox 230 1513 1618 1677">
     <span class='ocr_line' id='line_1_21' title="bbox 283 1513 1618 1586; baseline -0.004 -30.947"><span class='ocrx_word' id='word_1_165' title='bbox 283 1517 371 1556; x_wconf 84' lang='grc' dir='ltr'>Ἐὰν</span> <span class='ocrx_word' id='word_1_166' title='bbox 391 1516 419 1556; x_wconf 84' lang='grc' dir='ltr'>δ’</span> <span class='ocrx_word' id='word_1_167' title='bbox 440 1518 764 1567; x_wconf 82' lang='grc' dir='ltr'>ἐπιδεδικασμένου</span> <span class='ocrx_word' id='word_1_168' title='bbox 785 1517 1017 1568; x_wconf 82' lang='grc' dir='ltr'>ἀμφισβητῇ</span> <span class='ocrx_word' id='word_1_169' title='bbox 1039 1519 1104 1555; x_wconf 82' lang='grc' dir='ltr'>τοῦ</span> <span class='ocrx_word' id='word_1_170' title='bbox 1119 1515 1300 1586; x_wconf 50' lang='grc' dir='ltr'>κλήρου*</span> <span class='ocrx_word' id='word_1_171' title='bbox 1281 1535 1304 1566; x_wconf 91' lang='grc' dir='ltr'>η</span> <span class='ocrx_word' id='word_1_172' title='bbox 1323 1518 1387 1565; x_wconf 80' lang='grc' dir='ltr'>τῆς</span> <span class='ocrx_word' id='word_1_173' title='bbox 1409 1513 1556 1562; x_wconf 85' lang='grc' dir='ltr'>ἐπικλή·</span> <span class='ocrx_word' id='word_1_174' title='bbox 1578 1527 1618 1548; x_wconf 80' lang='lat'>20</span> 
     </span>
     <span class='ocr_line' id='line_1_22' title="bbox 230 1567 1558 1622; baseline -0.005 -11"><span class='ocrx_word' id='word_1_175' title='bbox 230 1590 305 1622; x_wconf 81' lang='lat' dir='ltr'>pm,</span> <span class='ocrx_word' id='word_1_176' title='bbox 327 1574 618 1622; x_wconf 86' lang='grc' dir='ltr'>προσκαλείσθω</span> <span class='ocrx_word' id='word_1_177' title='bbox 637 1573 701 1610; x_wconf 87' lang='grc' dir='ltr'>τὸν</span> <span class='ocrx_word' id='word_1_178' title='bbox 721 1570 998 1621; x_wconf 85' lang='grc' dir='ltr'>επιδεδικασμει</span> <span class='ocrx_word' id='word_1_179' title='bbox 1001 1589 1042 1610; x_wconf 88' lang='grc' dir='ltr'>ον</span> <span class='ocrx_word' id='word_1_180' title='bbox 1061 1572 1152 1622; x_wconf 84' lang='grc' dir='ltr'>πρὸς</span> <span class='ocrx_word' id='word_1_181' title='bbox 1170 1573 1234 1610; x_wconf 88' lang='grc' dir='ltr'>τὸν</span> <span class='ocrx_word' id='word_1_182' title='bbox 1255 1573 1426 1622; x_wconf 80' lang='grc' dir='ltr'>ἄρχοντα,</span> <span class='ocrx_word' id='word_1_183' title='bbox 1449 1567 1558 1606; x_wconf 84' lang='grc' dir='ltr'>καθά-</span> 
     </span>
     <span class='ocr_line' id='line_1_23' title="bbox 230 1624 1558 1677; baseline -0.002 -12"><span class='ocrx_word' id='word_1_184' title='bbox 230 1645 299 1677; x_wconf 91' lang='grc' dir='ltr'>περ</span> <span class='ocrx_word' id='word_1_185' title='bbox 319 1628 379 1665; x_wconf 85' lang='grc' dir='ltr'>ἐπὶ</span> <span class='ocrx_word' id='word_1_186' title='bbox 403 1631 475 1666; x_wconf 84' lang='grc' dir='ltr'>τῶν</span> <span class='ocrx_word' id='word_1_187' title='bbox 498 1629 625 1666; x_wconf 77' lang='grc' dir='ltr'>ἄλλων</span> <span class='ocrx_word' id='word_1_188' title='bbox 649 1627 767 1665; x_wconf 82' lang='grc' dir='ltr'>δικῶν·</span> <span class='ocrx_word' id='word_1_189' title='bbox 788 1628 1108 1675; x_wconf 81' lang='grc' dir='ltr'>παρακαταβολὰς</span> <span class='ocrx_word' id='word_1_190' title='bbox 1128 1625 1177 1664; x_wconf 84' lang='grc' dir='ltr'>δ’</span> <span class='ocrx_word' id='word_1_191' title='bbox 1177 1644 1267 1664; x_wconf 89' lang='grc' dir='ltr'>ειναι</span> <span class='ocrx_word' id='word_1_192' title='bbox 1285 1629 1335 1676; x_wconf 81' lang='grc' dir='ltr'>τῷ</span> <span class='ocrx_word' id='word_1_193' title='bbox 1359 1624 1558 1674; x_wconf 81' lang='grc' dir='ltr'>ἀμφισβη-</span> 
     </span>
    </p>

    <p class='ocr_par' dir='ltr' id='par_1_5' title="bbox 69 1666 1621 1896">
     <span class='ocr_line' id='line_1_24' title="bbox 69 1666 1561 1743; baseline -0.004 -23"><span class='ocrx_word' id='word_1_194' title='bbox 69 1689 209 1743; x_wconf 72' lang='lat'>[1055]</span> <span class='ocrx_word' id='word_1_195' title='bbox 230 1684 361 1720; x_wconf 84' lang='grc' dir='ltr'>τοῦντι.</span> <span class='ocrx_word' id='word_1_196' title='bbox 421 1683 482 1720; x_wconf 79' lang='grc' dir='ltr'>ἐὰν</span> <span class='ocrx_word' id='word_1_197' title='bbox 501 1682 539 1720; x_wconf 82' lang='grc' dir='ltr'>δὲ</span> <span class='ocrx_word' id='word_1_198' title='bbox 558 1683 610 1732; x_wconf 79' lang='grc' dir='ltr'>μὴ</span> <span class='ocrx_word' id='word_1_199' title='bbox 630 1682 986 1731; x_wconf 83' lang='grc' dir='ltr'>προσκαλεσάμενος</span> <span class='ocrx_word' id='word_1_200' title='bbox 1010 1681 1276 1730; x_wconf 84' lang='grc' dir='ltr'>ἐπιδικάσηται,</span> <span class='ocrx_word' id='word_1_201' title='bbox 1299 1666 1433 1728; x_wconf 51' lang='grc' dir='ltr'>ἀιτελὴς</span> <span class='ocrx_word' id='word_1_202' title='bbox 1453 1679 1561 1716; x_wconf 83' lang='grc' dir='ltr'>ἔσται</span> 
     </span>
     <span class='ocr_line' id='line_1_25' title="bbox 229 1734 1560 1786; baseline -0.003 -12"><span class='ocrx_word' id='word_1_203' title='bbox 229 1738 253 1786; x_wconf 87' lang='grc' dir='ltr'>ἡ</span> <span class='ocrx_word' id='word_1_204' title='bbox 273 1736 487 1776; x_wconf 80' lang='grc' dir='ltr'>ἐπιδικασία</span> <span class='ocrx_word' id='word_1_205' title='bbox 505 1739 570 1776; x_wconf 80' lang='grc' dir='ltr'>τοῦ</span> <span class='ocrx_word' id='word_1_206' title='bbox 595 1737 744 1786; x_wconf 87' lang='grc' dir='ltr'>κλήρου.</span> <span class='ocrx_word' id='word_1_207' title='bbox 803 1736 866 1774; x_wconf 79' lang='grc' dir='ltr'>ἐὰν</span> <span class='ocrx_word' id='word_1_208' title='bbox 895 1736 933 1774; x_wconf 86' lang='grc' dir='ltr'>δὲ</span> <span class='ocrx_word' id='word_1_209' title='bbox 960 1735 1013 1786; x_wconf 82' lang='grc' dir='ltr'>μὴ</span> <span class='ocrx_word' id='word_1_210' title='bbox 1042 1737 1088 1786; x_wconf 82' lang='grc' dir='ltr'>ζῇ</span> <span class='ocrx_word' id='word_1_211' title='bbox 1115 1737 1135 1774; x_wconf 86' lang='grc' dir='ltr'>ὁ</span> <span class='ocrx_word' id='word_1_212' title='bbox 1164 1735 1468 1784; x_wconf 77' lang='grc' dir='ltr'>ἐπιδικασάμενος</span> <span class='ocrx_word' id='word_1_213' title='bbox 1494 1734 1560 1770; x_wconf 83' lang='grc' dir='ltr'>τοῦ</span> 
     </span>
     <span class='ocr_line' id='line_1_26' title="bbox 231 1787 1621 1842; baseline -0.002 -13"><span class='ocrx_word' id='word_1_214' title='bbox 231 1792 379 1842; x_wconf 84' lang='grc' dir='ltr'>κληρου,</span> <span class='ocrx_word' id='word_1_215' title='bbox 404 1792 695 1842; x_wconf 83' lang='grc' dir='ltr'>προσκαλείσθω</span> <span class='ocrx_word' id='word_1_216' title='bbox 720 1791 814 1829; x_wconf 83' lang='grc' dir='ltr'>κατὰ</span> <span class='ocrx_word' id='word_1_217' title='bbox 843 1791 969 1837; x_wconf 77' lang='grc' dir='ltr'>ταῦτά,</span> <span class='ocrx_word' id='word_1_218' title='bbox 1000 1807 1026 1826; x_wconf 89' lang='grc' dir='ltr'>ω</span> <span class='ocrx_word' id='word_1_219' title='bbox 1053 1788 1132 1841; x_wconf 79' lang='grc' dir='ltr'>(ἂν)</span> <span class='ocrx_word' id='word_1_220' title='bbox 1159 1790 1183 1839; x_wconf 85' lang='grc' dir='ltr'><em>ἡ</em></span> <span class='ocrx_word' id='word_1_221' title='bbox 1211 1787 1423 1840; x_wconf 79' lang='grc' dir='ltr'>προθεσμία</span> <span class='ocrx_word' id='word_1_222' title='bbox 1450 1787 1560 1837; x_wconf 90' lang='grc' dir='ltr'>μήπω</span> <span class='ocrx_word' id='word_1_223' title='bbox 1583 1795 1621 1826; x_wconf 83' lang='grc'>25</span> 
     </span>
     <span class='ocr_line' id='line_1_27' title="bbox 231 1842 1559 1897; baseline -0.004 -13"><span class='ocrx_word' id='word_1_224' title='bbox 231 1847 351 1897; x_wconf 78' lang='grc' dir='ltr'>ἐξήκῃ.</span> <span class='ocrx_word' id='word_1_225' title='bbox 409 1846 476 1895; x_wconf 84' lang='grc' dir='ltr'>τὴν</span> <span class='ocrx_word' id='word_1_226' title='bbox 496 1846 527 1884; x_wconf 86' lang='grc' dir='ltr'>δ’</span> <span class='ocrx_word' id='word_1_227' title='bbox 543 1844 887 1895; x_wconf 85' lang='grc' dir='ltr'>ἀμφισβήτησιν</span> <span class='ocrx_word' id='word_1_228' title='bbox 854 1862 943 1884; x_wconf 88' lang='grc' dir='ltr'>ειναι</span> <span class='ocrx_word' id='word_1_229' title='bbox 957 1848 1008 1896; x_wconf 76' lang='grc' dir='ltr'>τῷ</span> <span class='ocrx_word' id='word_1_230' title='bbox 1025 1845 1156 1896; x_wconf 84' lang='grc' dir='ltr'>ἔχοντι,</span> <span class='ocrx_word' id='word_1_231' title='bbox 1174 1844 1301 1883; x_wconf 85' lang='grc' dir='ltr'>καθότι</span> <span class='ocrx_word' id='word_1_232' title='bbox 1318 1842 1559 1882; x_wconf 84' lang='grc' dir='ltr'>ἐπεδικάσατο</span> 
     </span>
    </p>
   </div>
   <div class='ocr_carea' id='block_1_5' title="bbox 231 1900 692 1953">
    <p class='ocr_par' dir='ltr' id='par_1_6' title="bbox 231 1900 692 1953">
     <span class='ocr_line' id='line_1_28' title="bbox 231 1900 692 1953; baseline -0.004 -13"><span class='ocrx_word' id='word_1_233' title='bbox 231 1919 272 1940; x_wconf 82' lang='lat' dir='ltr'>OU</span> <span class='ocrx_word' id='word_1_234' title='bbox 293 1900 337 1939; x_wconf 74' lang='grc' dir='ltr'>ἂν</span> <span class='ocrx_word' id='word_1_235' title='bbox 357 1902 423 1953; x_wconf 71' lang='grc' dir='ltr'>ἔχη</span> <span class='ocrx_word' id='word_1_236' title='bbox 443 1918 489 1939; x_wconf 71' lang='lat' dir='ltr'>Tu.</span> <span class='ocrx_word' id='word_1_237' title='bbox 507 1901 692 1952; x_wconf 76' lang='grc' dir='ltr'>Χρήματα.</span> 
     </span>
    </p>
   </div>
   <div class='ocr_carea' id='block_1_6' title="bbox 172 2018 1557 2145">
    <p class='ocr_par' dir='ltr' id='par_1_7' title="bbox 172 2018 1557 2145">
     <span class='ocr_line' id='line_1_29' title="bbox 298 2018 1557 2075; baseline -0.003 -11"><span class='ocrx_word' id='word_1_238' title='bbox 298 2027 380 2065; x_wconf 87' lang='grc' dir='ltr'>Τοῦ</span> <span class='ocrx_word' id='word_1_239' title='bbox 402 2025 476 2075; x_wconf 80' lang='grc' dir='ltr'>μὲν</span> <span class='ocrx_word' id='word_1_240' title='bbox 501 2022 621 2075; x_wconf 89' lang='grc' dir='ltr'>νόμου</span> <span class='ocrx_word' id='word_1_241' title='bbox 646 2022 852 2074; x_wconf 80' lang='grc' dir='ltr'>ἀκηκόατε,</span> <span class='ocrx_word' id='word_1_242' title='bbox 881 2022 1017 2074; x_wconf 87' lang='grc' dir='ltr'>δέομαι</span> <span class='ocrx_word' id='word_1_243' title='bbox 1037 2020 1071 2062; x_wconf 87' lang='grc' dir='ltr'>δ’</span> <span class='ocrx_word' id='word_1_244' title='bbox 1094 2021 1203 2073; x_wconf 82' lang='grc' dir='ltr'>ὑμῶν</span> <span class='ocrx_word' id='word_1_245' title='bbox 1229 2021 1381 2062; x_wconf 89' lang='grc' dir='ltr'>δικαίαν</span> <span class='ocrx_word' id='word_1_246' title='bbox 1408 2018 1557 2070; x_wconf 85' lang='grc' dir='ltr'>δέησιν,</span> 
     </span>
     <span class='ocr_line' id='line_1_30' title="bbox 172 2087 1556 2145; baseline -0.004 -13"><span class='ocrx_word' id='word_1_247' title='bbox 172 2103 211 2138; x_wconf 92' lang='lat'>17</span> <span class='ocrx_word' id='word_1_248' title='bbox 233 2089 262 2132; x_wconf 74' lang='grc' dir='ltr'><strong>ὦ</strong></span> <span class='ocrx_word' id='word_1_249' title='bbox 286 2091 423 2144; x_wconf 83' lang='grc' dir='ltr'>ἄνδρες</span> <span class='ocrx_word' id='word_1_250' title='bbox 448 2091 642 2132; x_wconf 87' lang='grc' dir='ltr'>δικασταί.</span> <span class='ocrx_word' id='word_1_251' title='bbox 701 2091 771 2131; x_wconf 81' lang='grc' dir='ltr'>ἐὰν</span> <span class='ocrx_word' id='word_1_252' title='bbox 799 2092 875 2145; x_wconf 79' lang='grc' dir='ltr'>γὰρ</span> <span class='ocrx_word' id='word_1_253' title='bbox 902 2087 1082 2140; x_wconf 81' lang='grc' dir='ltr'>ἐπιδείξω</span> <span class='ocrx_word' id='word_1_254' title='bbox 1109 2090 1352 2141; x_wconf 88' lang='grc' dir='ltr'>Θεοπόμπου</span> <span class='ocrx_word' id='word_1_255' title='bbox 1383 2091 1451 2129; x_wconf 87' lang='grc' dir='ltr'>τοῦ</span> <span class='ocrx_word' id='word_1_256' title='bbox 1483 2104 1556 2128; x_wconf 89' lang='grc' dir='ltr'>πα-</span> 
     </span>
    </p>
   </div>
   <div class='ocr_carea' id='block_1_7' title="bbox 277 2196 1558 2242">
    <p class='ocr_par' dir='ltr' id='par_1_8' title="bbox 277 2196 1558 2242">
     <span class='ocr_line' id='line_1_31' title="bbox 277 2196 1558 2242; baseline -0.005 -9"><span class='ocrx_word' id='word_1_257' title='bbox 277 2211 297 2232; x_wconf 84' lang='lat'>2</span> <span class='ocrx_word' id='word_1_258' title='bbox 320 2199 543 2242; x_wconf 74' lang='grc' dir='ltr'>προσήγετο..</span> <span class='ocrx_word' id='word_1_259' title='bbox 561 2198 670 2231; x_wconf 77' lang='grc' dir='ltr'>.οῧτος</span> <span class='ocrx_word' id='word_1_260' title='bbox 688 2197 717 2228; x_wconf 92' lang='lat' dir='ltr'><strong>A</strong></span> <span class='ocrx_word' id='word_1_261' title='bbox 796 2210 813 2238; x_wconf 81' lang='lat'>4</span> <span class='ocrx_word' id='word_1_262' title='bbox 839 2199 972 2242; x_wconf 74' lang='grc' dir='ltr'>φατρίου</span> <span class='ocrx_word' id='word_1_263' title='bbox 988 2198 1017 2229; x_wconf 91' lang='grc' dir='ltr'>Α</span> <span class='ocrx_word' id='word_1_264' title='bbox 1032 2197 1062 2238; x_wconf 83' lang='lat' dir='ltr'>Q</span> <span class='ocrx_word' id='word_1_265' title='bbox 1077 2198 1118 2231; x_wconf 95' lang='lat' dir='ltr'>D</span> <span class='ocrx_word' id='word_1_266' title='bbox 1137 2196 1449 2230; x_wconf 80' lang='lat' dir='ltr'>cs.Meistc1·hans⁸</span> <span class='ocrx_word' id='word_1_267' title='bbox 1466 2207 1497 2236; x_wconf 85' lang='lat' dir='ltr'>p.</span> <span class='ocrx_word' id='word_1_268' title='bbox 1505 2196 1558 2226; x_wconf 85' lang='lat'>82</span> 
     </span>
    </p>
   </div>
   <div class='ocr_carea' id='block_1_8' title="bbox 234 2240 1562 2417">
    <p class='ocr_par' dir='ltr' id='par_1_9' title="bbox 234 2240 1562 2417">
     <span class='ocr_line' id='line_1_32' title="bbox 235 2240 1558 2285; baseline -0.005 -7"><span class='ocrx_word' id='word_1_269' title='bbox 235 2255 252 2285; x_wconf 91' lang='lat'><strong>7</strong></span> <span class='ocrx_word' id='word_1_270' title='bbox 276 2247 332 2278; x_wconf 71' lang='grc' dir='ltr'>τὸν</span> <span class='ocrx_word' id='word_1_271' title='bbox 348 2244 409 2285; x_wconf 79' lang='lat' dir='ltr'>‘.A]</span> <span class='ocrx_word' id='word_1_272' title='bbox 429 2247 484 2275; x_wconf 83' lang='grc' dir='ltr'>τοῦ</span> <span class='ocrx_word' id='word_1_273' title='bbox 500 2245 544 2275; x_wconf 66' lang='grc' dir='ltr'>’.Α</span> <span class='ocrx_word' id='word_1_274' title='bbox 564 2243 595 2272; x_wconf 83' lang='grc' dir='ltr'><strong>Λ</strong></span> <span class='ocrx_word' id='word_1_275' title='bbox 694 2244 713 2271; x_wconf 85' lang='grc'>8</span> <span class='ocrx_word' id='word_1_276' title='bbox 737 2247 802 2275; x_wconf 80' lang='grc' dir='ltr'>τῶν</span> <span class='ocrx_word' id='word_1_277' title='bbox 818 2257 943 2275; x_wconf 80' lang='grc' dir='ltr'>τουτουι</span> <span class='ocrx_word' id='word_1_278' title='bbox 961 2240 1015 2272; x_wconf 84' lang='grc' dir='ltr'>Λ·</span> <span class='ocrx_word' id='word_1_279' title='bbox 1038 2244 1164 2274; x_wconf 77' lang='grc' dir='ltr'>τουτουὶ</span> <span class='ocrx_word' id='word_1_280' title='bbox 1184 2241 1207 2272; x_wconf 82' lang='lat' dir='ltr'>S</span> <span class='ocrx_word' id='word_1_281' title='bbox 1220 2242 1245 2271; x_wconf 84' lang='lat' dir='ltr'>F</span> <span class='ocrx_word' id='word_1_282' title='bbox 1258 2241 1288 2280; x_wconf 83' lang='lat' dir='ltr'><strong>Q</strong></span> <span class='ocrx_word' id='word_1_283' title='bbox 1303 2241 1332 2270; x_wconf 90' lang='lat' dir='ltr'>D</span> <span class='ocrx_word' id='word_1_284' title='bbox 1442 2250 1477 2278; x_wconf 83' lang='lat'>13</span> <span class='ocrx_word' id='word_1_285' title='bbox 1502 2242 1558 2271; x_wconf 85' lang='grc' dir='ltr'>Ευ-</span> 
     </span>
     <span class='ocr_line' id='line_1_33' title="bbox 234 2283 1558 2328; baseline -0.006 -7"><span class='ocrx_word' id='word_1_286' title='bbox 234 2288 406 2325; x_wconf 81' lang='grc' dir='ltr'>βουλιάδου</span> <span class='ocrx_word' id='word_1_287' title='bbox 424 2287 448 2318; x_wconf 85' lang='lat' dir='ltr'>S</span> <span class='ocrx_word' id='word_1_288' title='bbox 556 2297 591 2323; x_wconf 75' lang='lat'>14</span> <span class='ocrx_word' id='word_1_289' title='bbox 615 2284 818 2326; x_wconf 80' lang='grc' dir='ltr'>πρόσκλησις</span> <span class='ocrx_word' id='word_1_290' title='bbox 835 2287 887 2318; x_wconf 80' lang='lat' dir='ltr'>A:</span> <span class='ocrx_word' id='word_1_291' title='bbox 913 2287 1000 2328; x_wconf 78' lang='grc' dir='ltr'>πρόκ.</span> <span class='ocrx_word' id='word_1_292' title='bbox 1020 2291 1099 2317; x_wconf 88' lang='lat' dir='ltr'><strong>cett.</strong></span> <span class='ocrx_word' id='word_1_293' title='bbox 1172 2287 1287 2327; x_wconf 75' lang='grc' dir='ltr'>τουτῳὶ</span> <span class='ocrx_word' id='word_1_294' title='bbox 1308 2284 1332 2315; x_wconf 83' lang='lat' dir='ltr'>S</span> <span class='ocrx_word' id='word_1_295' title='bbox 1352 2285 1418 2323; x_wconf 59' lang='lat' dir='ltr'>(me</span> <span class='ocrx_word' id='word_1_296' title='bbox 1433 2283 1558 2323; x_wconf 81' lang='lat' dir='ltr'><strong>teste)·</strong></span> <span class='ocrx_word' id='word_1_297' title='bbox 1551 2308 1558 2314; x_wconf 85' lang='lat'><strong>.</strong></span> 
     </span>
     <span class='ocr_line' id='line_1_34' title="bbox 234 2327 1557 2372; baseline -0.007 -7"><span class='ocrx_word' id='word_1_298' title='bbox 234 2332 337 2372; x_wconf 82' lang='grc' dir='ltr'>τούτῳ</span> <span class='ocrx_word' id='word_1_299' title='bbox 353 2331 443 2369; x_wconf 86' lang='lat' dir='ltr'>vulg.</span> <span class='ocrx_word' id='word_1_300' title='bbox 544 2330 582 2360; x_wconf 92' lang='lat'>18</span> <span class='ocrx_word' id='word_1_301' title='bbox 606 2329 809 2371; x_wconf 77' lang='grc' dir='ltr'>πρόσκλησις</span> <span class='ocrx_word' id='word_1_302' title='bbox 827 2331 978 2363; x_wconf 78' lang='lat' dir='ltr'><strong>Reiske:</strong></span> <span class='ocrx_word' id='word_1_303' title='bbox 1001 2330 1089 2371; x_wconf 86' lang='grc' dir='ltr'>πρόκ.</span> <span class='ocrx_word' id='word_1_304' title='bbox 1108 2329 1205 2360; x_wconf 89' lang='lat' dir='ltr'><strong>codd.</strong></span> <span class='ocrx_word' id='word_1_305' title='bbox 1304 2338 1346 2358; x_wconf 90' lang='lat'>20</span> <span class='ocrx_word' id='word_1_306' title='bbox 1356 2337 1428 2367; x_wconf 85' lang='lat' dir='ltr'>sqq.</span> <span class='ocrx_word' id='word_1_307' title='bbox 1448 2327 1557 2366; x_wconf 84' lang='lat' dir='ltr'><strong>legem</strong></span> 
     </span>
     <span class='ocr_line' id='line_1_35' title="bbox 234 2370 1562 2417; baseline -0.011 -2"><span class='ocrx_word' id='word_1_308' title='bbox 234 2386 299 2406; x_wconf 69' lang='lat'>01¹¹·</span> <span class='ocrx_word' id='word_1_309' title='bbox 318 2375 377 2406; x_wconf 76' lang='lat' dir='ltr'>SF</span> <span class='ocrx_word' id='word_1_310' title='bbox 391 2375 421 2413; x_wconf 81' lang='lat' dir='ltr'>Q</span> <span class='ocrx_word' id='word_1_311' title='bbox 435 2374 465 2404; x_wconf 88' lang='lat' dir='ltr'>D</span> <span class='ocrx_word' id='word_1_312' title='bbox 633 2384 678 2414; x_wconf 81' lang='lat'>23</span> <span class='ocrx_word' id='word_1_313' title='bbox 704 2375 979 2417; x_wconf 83' lang='grc' dir='ltr'>προκαλεσάμενος</span> <span class='ocrx_word' id='word_1_314' title='bbox 998 2374 1029 2403; x_wconf 90' lang='grc' dir='ltr'><strong>Α</strong></span> <span class='ocrx_word' id='word_1_315' title='bbox 1197 2381 1238 2411; x_wconf 84' lang='grc'>25</span> <span class='ocrx_word' id='word_1_316' title='bbox 1263 2372 1301 2404; x_wconf 75' lang='grc' dir='ltr'>ἂν</span> <span class='ocrx_word' id='word_1_317' title='bbox 1317 2371 1394 2402; x_wconf 85' lang='lat' dir='ltr'>add.</span> <span class='ocrx_word' id='word_1_318' title='bbox 1413 2370 1562 2401; x_wconf 83' lang='lat' dir='ltr'>Dindors</span> 
     </span>
    </p>
   </div>
   <div class='ocr_carea' id='block_1_9' title="bbox 234 2414 1186 2461">
    <p class='ocr_par' dir='ltr' id='par_1_10' title="bbox 234 2414 1186 2461">
     <span class='ocr_line' id='line_1_36' title="bbox 234 2414 1186 2461; baseline -0.004 -11"><span class='ocrx_word' id='word_1_319' title='bbox 234 2421 276 2450; x_wconf 87' lang='lat'>26</span> <span class='ocrx_word' id='word_1_320' title='bbox 300 2421 411 2461; x_wconf 80' lang='grc' dir='ltr'>ἔχοντι</span> <span class='ocrx_word' id='word_1_321' title='bbox 429 2418 587 2449; x_wconf 78' lang='lat' dir='ltr'><strong>Bunscn:</strong></span> <span class='ocrx_word' id='word_1_322' title='bbox 614 2424 750 2460; x_wconf 75' lang='grc' dir='ltr'>ἄρχοντι</span> <span class='ocrx_word' id='word_1_323' title='bbox 768 2419 799 2449; x_wconf 89' lang='grc' dir='ltr'><strong>Λ</strong></span> <span class='ocrx_word' id='word_1_324' title='bbox 930 2428 970 2460; x_wconf 85' lang='lat'>29</span> <span class='ocrx_word' id='word_1_325' title='bbox 995 2418 1056 2459; x_wconf 70' lang='grc' dir='ltr'>’γὰρ</span> <span class='ocrx_word' id='word_1_326' title='bbox 1071 2426 1137 2448; x_wconf 89' lang='lat' dir='ltr'>om.</span> <span class='ocrx_word' id='word_1_327' title='bbox 1153 2414 1186 2446; x_wconf 85' lang='lat' dir='ltr'><strong>A</strong></span> 
     </span>
    </p>
   </div>
  </div>
 </body>
</html>
