1763 2778
100 147 231 203 [1257]
668 142 1160 182 AIIMOEOENOTE
1500 135 1577 192 [mv

253 243 520 297 στρατοπέδῳ,
550 242 744 283 τοσούτου
771 241 940 291 ἐδέησαν
973 240 1204 281 παύσασθαι
1240 236 1263 290 ἦ
1299 241 1574 293 αἰσχυνθῆναι,

253 311 348 351 ὥστ’
379 310 513 361 ἐπειδὴ
548 312 690 349 θᾶττον
724 309 1034 355 συνεσκότασεν,
1061 307 1174 350 εὐθὺς
1208 306 1258 349 ὡς
1286 307 1388 358 ἡμᾶς
1414 305 1574 357 εἰσεπή-

93 376 232 433 [1258]
252 381 380 429 δησαν
410 378 533 435 ταύτῃ
565 379 610 428 τῆ
642 375 805 430 ἑσπέρᾳ,
835 375 897 416 καὶ
925 375 971 416 τὸ
993 377 1068 427 μὲν
1091 378 1247 427 πρῶτον
1273 377 1397 416 κακῶς
1422 374 1576 427 ἔλεγον,

251 449 514 489 τελευτῶντες
543 446 587 486 δὲ
624 445 686 485 καὶ
718 444 874 496 πληγὰς
911 442 1108 483 ἐνέτειναν
1145 442 1242 494 ἐμοί,
1283 442 1344 482 καὶ
1380 441 1578 492 τοσαύτην

254 512 423 566 κραυγὴν
453 513 516 553 καὶ
550 511 721 563 θόρυβον
753 511 843 563 περὶ
879 509 950 560 τὴν
968 507 1137 561 ’σκηνὴν
1166 510 1361 559 ἐποίησαν
1386 508 1489 548 ὥστε
1516 509 1578 549 καὶ
1599 526 1616 557 5

251 580 319 621 τὸν
346 578 569 632 στρατηγὸν
601 578 664 618 καὶ
697 577 786 620 τοὺς
817 576 1053 630 ταξιάρχους
1086 577 1219 617 ἐλθεῖν
1252 577 1318 636 καὶ,
1341 579 1426 616 τῶν
1444 575 1580 616 ἄλλων

253 649 504 700 στρατιωτῶν
535 645 657 691 τινάς,
692 645 804 697 οἵπερ
837 645 1043 685 ἐκώλυσαν
1071 646 1195 696 μηδὲν
1227 643 1327 694 ἡμᾶς
1359 637 1579 701 ἆνῆκεστον

253 717 392 755 παθεῖν
426 712 690 765 μΊῙδῘαύτοὺς
727 704 892 762 ποιῆσαι
926 710 1255 764 παροινουμένους
1292 709 1367 750 ὑπὸ
1402 710 1577 750 τουτωνί.

211 785 233 820 6
252 784 320 821 τοῦ
344 783 386 822 δὲ
410 779 639 834 πράγματος
672 780 726 821 εἷς
750 782 866 819 τοῦτο
895 771 1173 831 προελθόντος,
1201 778 1252 821 ὡς
1278 775 1381 829 δεῦρ’
1403 775 1577 827 ἐπανήλ-

253 851 385 899 θομεν,
412 846 461 899 ἦν
483 847 590 899 ἡμῖν,
621 847 706 887 οἶον
739 846 855 893 εἰκός,
882 847 924 886 ἐκ
949 847 1096 886 τούτων
1122 844 1218 898 ὀργὴ
1245 845 1307 886 καὶ
1336 843 1459 898 ἔχθρα
1484 843 1580 896 πρὸς
1603 861 1641 884 10

252 914 465 966 ἀλλήλους.
536 916 592 966 μᾶ
621 913 713 956 τοὺς
743 913 856 957 θεοὺς
884 913 930 953 οὐ
957 912 1035 964 μὴν
1065 911 1182 965 ἔγωγ’
1214 911 1344 968 ᾠόμην
1377 914 1460 953 δεῖν
1489 911 1580 952 οὔτε

252 984 363 1033 δίκην
393 985 538 1036 λαχεῖν
568 981 699 1023 αὐτοῖς
728 981 816 1021 οὔτε
845 980 969 1033 λόγον
1002 982 1203 1020 ποιεῖσθαι
1232 983 1309 1020 τῶν
1339 977 1580 1030 συμβάντων

253 1048 404 1096 οὐδένα,
432 1048 523 1090 ἀλλ’
550 1048 665 1090 ἐκεῖν’
693 1050 826 1089 ἁπλῶς
854 1047 1040 1100 ἐγνώκειν
1065 1050 1109 1087 τὸ
1143 1046 1286 1088 λοιπὸν
1318 1046 1581 1099 εὐλαβεῖσθαι

254 1117 317 1158 καὶ
356 1116 632 1170 φυλάττεσθαι
672 1115 723 1167 μὴ
761 1114 998 1166 πλησιάζειν
1033 1118 1116 1155 τοῖς
1151 1115 1355 1156 τοιούτοις.
1426 1117 1581 1166 πρῶτον

253 1186 326 1236 μὲν
355 1184 424 1225 οὓν
459 1184 606 1224 τούτων
636 1184 690 1224 ὧν
722 1184 857 1236 εἴρηκα
885 1182 1087 1234 βούλομαι
1119 1183 1189 1224 τὰς
1213 1182 1425 1234 μαρτυρίας
1455 1198 1578 1233 παρα·
1604 1195 1641 1228 15

254 1251 466 1305 σχόμενος,
492 1252 591 1302 μετὰ
615 1250 722 1291 ταῦθ’
742 1250 793 1290 οῖ’
812 1250 877 1291 ὑπ’
897 1249 1013 1290 αὐτοῦ
1031 1248 1170 1290 τούτου
1188 1247 1353 1290 πέπονθ’
1375 1246 1578 1297 ἐπιδεῖξαι,

253 1318 302 1360 ἵν’
339 1318 458 1369 εἰδῆθ’
495 1319 556 1359 ὅτι
596 1315 630 1373 ᾧ
665 1320 866 1370 προσῆκεν
902 1320 984 1359 τοῖς
1019 1316 1064 1357 τὸ
1101 1320 1256 1369 πρῶτον
1298 1317 1582 1367 ἁμαρτηθεῖσιν

255 1387 450 1437 ἐπιτιμᾶν,
477 1385 591 1428 οὗτος
614 1384 730 1427 αὐτὸς
754 1385 943 1437 πρότερος
969 1384 1108 1439 πολλῷ
1127 1381 1314 1435 δεινότερ’
1340 1383 1558 1435 εἴργασται.

806 1483 1031 1510 ΜΑΡΊῪΡῙΑΙ.

213 1561 234 1595 7
316 1545 397 1588 Ἷὶν
424 1550 496 1600 μὲν
529 1548 660 1587 τοίνυν
691 1546 815 1588 οὐδέν’
841 1545 945 1601 ᾤμην
979 1549 1060 1586 δεῖν
1087 1546 1212 1598 λόγον
1237 1547 1450 1590 ποιεῖσθαι,
1476 1542 1582 1584 ταῦτ’
1603 1560 1644 1584 20

255 1614 380 1655 ἐστίν.
449 1614 581 1670 χρόνῳ
616 1613 648 1653 δ’
673 1615 839 1666 ὕστερον
865 1614 910 1654 οὐ
939 1617 1077 1668 πολλῷ
1102 1616 1421 1664 περιπατοῦντος,
1447 1611 1582 1664 ὥσπερ

255 1681 420 1728 εἰώθειν,
463 1681 636 1733 ἑσπέρας
678 1682 719 1722 ἐν
762 1682 887 1737 ἀγορᾷ
928 1698 1002 1732 μου
1049 1679 1148 1731 μετὰ
1190 1678 1474 1732 Φανοστράτου
1514 1681 1583 1719 τοῦ

254 1748 501 1801 Κηφισιέως,
538 1751 617 1789 τῶν
651 1748 872 1799 ἡλικιωτῶν
914 1748 1032 1793 τινός,
1071 1745 1307 1800 παρέρχεται
1345 1746 1521 1797 Κτησίας
1562 1745 1582 1785 ὁ

253 1815 336 1857 υἱὸς
379 1816 399 1855 ὁ
423 1815 575 1862 τούτου,
616 1815 784 1866 μεθύων,
830 1816 926 1854 κατὰ
967 1818 1011 1855 τὸ
1059 1814 1295 1866 Λεωκόριον,
1346 1813 1463 1865 ἐγγὺς
1504 1815 1582 1853 τῶν

254 1883 506 1935 Πυθοδώρου.
556 1882 722 1923 κατιδὼν
742 1881 775 1922 δ’
800 1881 902 1933 ἡμᾶς
922 1883 985 1923 καὶ
1006 1880 1244 1934 κραυγάσας,
1273 1880 1334 1920 καὶ
1359 1879 1582 1933 διαλεχθείς
1604 1896 1642 1927 25

301 2002 321 2023 2
345 1990 579 2031 συνεσκόταζεν
604 1992 759 2031 Dionysii
782 1992 809 2022 B
824 1991 891 2031 pv,
918 2002 983 2022 non
1006 1991 1038 2022 Μ
1189 2002 1209 2030 4
1234 1994 1454 2023 τελευτῶντες
1469 1989 1580 2029 codd.‚

252 2035 414 2067 Aristeid.
437 2046 469 2075 p.
483 2037 566 2074 369:
586 2036 698 2067 ἔπειτα
713 2035 811 2068 Dion.
905 2046 923 2075 7
947 2036 1035 2068 τινὰς
1048 2038 1254 2076 στρατιωτῶν
1267 2034 1368 2065 Dion.
1381 2039 1476 2065 recte
1490 2034 1578 2072 sort.‚

254 2079 295 2111 cs.
309 2080 340 2110 vi
358 2080 386 2119 8,
402 2079 459 2109 xiv
475 2081 496 2108 6
584 2080 614 2111 οἳ
630 2079 830 2111 διεκώλυσαν
847 2079 947 2110 Dion.
1047 2080 1226 2117 ἀνήκεστον
1242 2078 1324 2118 ἡμᾶς
1340 2078 1369 2108 Α
1467 2079 1488 2108 8
1511 2091 1581 2110 του-

254 2125 331 2156 τωνί
342 2122 379 2153 S:
396 2122 519 2155 τούτων
528 2123 629 2162 vulg„
641 2122 738 2154 Dion.
834 2133 845 2152 1
856 2133 867 2152 1
886 2125 928 2163 μὰ
939 2123 1013 2155 τοὺς
1027 2123 1114 2155 θεοὺς
1127 2132 1193 2154 om.
1207 2122 1320 2161 Dion„
1335 2122 1398 2152 del.
1415 2121 1580 2152 Dindors:

255 2171 333 2206 post
356 2166 459 2207 ἔγωγε
481 2171 610 2206 transp.
630 2166 770 2205 Reiske,
794 2167 854 2197 sed
877 2167 918 2198 cs.
940 2166 1002 2197 Ar.
1021 2166 1123 2205 vesp.
1145 2175 1218 2206 231,
1239 2164 1326 2196 Xen.
1345 2165 1459 2204 Symp.
1486 2165 1517 2195 iv
1539 2174 1581 2203 33

255 2210 359 2251 ᾠόμην
377 2210 400 2240 S
413 2210 456 2240 D:
481 2210 566 2250 ᾤμην
578 2209 609 2239 Α
625 2209 649 2240 F
663 2210 704 2249 Q,
723 2210 822 2241 Dion.
901 2219 939 2248 13
956 2209 1065 2241 οὐδένα
1074 2219 1139 2240 om.
1155 2209 1254 2240 Dion.
1348 2218 1384 2246 14
1401 2211 1467 2241 τοῖς
1479 2208 1580 2241 τοιού-

256 2267 323 2286 τοις
340 2253 363 2284 S
378 2253 402 2283 F
416 2253 445 2291 Q
461 2253 488 2283 D
506 2265 514 2284 τ
540 2256 578 2286 ὡς
594 2254 747 2286 τοιούτοις
759 2253 808 2285 A:
835 2255 874 2286 ὡς
885 2254 959 2286 τοὺς
970 2253 1131 2285 τοιούτους
1144 2253 1245 2283 Dion.
1264 2252 1288 2293 (⁴
1301 2252 1361 2282 suit
1372 2252 1447 2283 fort.
1461 2254 1500 2285 ὡς
1510 2252 1580 2284 οὖσι

255 2296 426 2329 τοιούτοις’
447 2297 713 2338 Radermacher)
809 2306 847 2336 15
871 2296 912 2329 ὧν
929 2299 1037 2337 εἴρηκα
1053 2296 1175 2328 τούτων
1189 2296 1288 2327 Dion.
1382 2297 1421 2326 16
1445 2297 1506 2328 ὅσα
1522 2296 1580 2327 ὑπὸ

255 2341 371 2372 τούτου
384 2340 483 2372 Dion.
574 2341 612 2370 18
629 2340 781 2382 πρότερος
792 2341 904 2379 codd.‚
919 2340 960 2371 cf.
976 2343 991 2378 ξ
1006 2349 1061 2370 22:
1084 2341 1160 2381 πρὸς
1169 2339 1295 2372 τούτοις
1308 2339 1409 2372 Dion.
1474 2341 1579 2381 εἵργει-

256 2384 346 2425 σται]
365 2383 592 2425 διαπέπρακται
611 2384 711 2415 Dion.
815 2394 853 2422 19
879 2389 1077 2416 ΜΑΡΊὝΡΙΑ
1092 2382 1138 2414 A:
1159 2383 1323 2425 Μάρτυρες
1341 2383 1441 2414 Dion.
1540 2393 1580 2412 22

254 2427 389 2470 ἑσπέρας
406 2438 471 2459 om.
491 2428 587 2459 Dion.
679 2430 737 2460 τοῦ
754 2438 818 2460 om.
837 2428 861 2459 S
972 2437 1013 2466 23
1040 2426 1206 2468 Κηφισέως
1219 2427 1329 2467 codd.‚
1344 2426 1443 2457 Dion.
1460 2437 1467 2457 :
1492 2436 1578 2457 corr.

255 2471 387 2502 Palmer
475 2482 515 2511 24
541 2474 557 2503 ὁ
574 2482 639 2503 om.
660 2471 760 2503 Dion.
849 2471 928 2513 τῶν]
947 2473 1000 2503 ι’ὼν
1014 2471 1112 2502 Dion.
