1763 2778
81 115 212 172 [1122]
641 122 719 159 ΔΗ
732 120 1129 159 ΜΟΣΘΕΝΟΎΣ
1472 117 1560 172 [xm

235 219 335 260 εῖναι
365 223 521 271 σημεῖα,
561 220 668 259 ἀλλὰ
701 221 1014 272 μισανθρωπίας.
1085 220 1163 271 ἐγὼ
1199 219 1286 272 γάρ,
1315 220 1425 262 ὅστις
1458 220 1558 275 αὐτῷ

233 290 395 338 μηδενὸς
414 287 720 337 συμβεβηκότος
739 290 877 337 δεινοῦ,
894 289 990 337 μηδὲ
1009 290 1087 326 τῶν
1104 287 1328 338 ἀναγκαίων
1345 288 1557 337 σπανίζων,

236 356 278 394 ἐν
301 354 422 410 ταύτῃ
442 360 488 411 τῇ
514 353 659 407 σχέσει
684 353 809 405 διάγει
840 353 909 393 τὸν
933 355 1039 404 βίον,
1066 356 1204 393 τοῦτον
1228 353 1395 405 ἡγοῦμαι
1422 371 1558 395 συνεο-

232 420 393 474 ρακέναι
420 421 483 462 καὶ
515 422 754 473 λελογίσθαι
779 420 868 472 παρ’
894 421 1010 474 αὐτῷ,
1038 421 1098 460 ὅτι
1127 424 1210 462 τοῖς
1233 422 1307 471 μὲν
1332 422 1481 468 ἁπλῶς,
1509 421 1560 463 ὡς

234 488 450 540 πεφύκασι,
476 488 688 538 βαδίζουσι
712 487 775 528 καὶ
801 490 981 540 φαιδροῖς
1007 487 1070 527 καὶ
1101 487 1318 539 προσέλθοι
1342 505 1400 530 τις
1425 486 1472 528 ἂν
1498 489 1559 528 καὶ
1579 503 1599 536 5

234 555 388 605 δεηθείη
415 555 477 594 καὶ
503 555 777 607 ἐπαγγείλειεν
799 554 912 594 οὐδὲν
938 555 1075 601 ὀκνῶν,
1091 558 1175 597 τοῖς
1197 557 1240 596 δὲ
1263 554 1560 606 πεπλασμένοις

169 630 214 674 69
235 622 298 662 καὶ
324 624 570 673 σκυθρωποῖς
589 620 773 671 ὀκνήσειέ
795 638 854 663 τις
880 621 927 661 ἂν
953 624 1194 673 προσελθεῖν
1214 625 1386 674 πρῶτον.
1446 622 1560 662 οὐδὲν

234 688 302 728 οὗν
328 688 420 729 ἄλλ’
437 685 462 738 ’ἢ
488 689 706 740 πρόβλημα
730 691 799 728 τοῦ
829 689 977 740 τρόπου
999 688 1044 729 τὸ
1069 690 1207 741 σχῆμα
1238 688 1344 729 τοῦτ’
1369 689 1469 735 ἔστι,
1497 690 1559 730 καὶ

234 755 278 795 τὸ
303 758 371 806 τῆς
396 757 569 797 διανοίας
595 756 732 808 ἄγριον
757 757 819 796 καὶ
844 755 982 807 πικρὸν
1008 757 1173 796 ἐνταῦθα
1197 759 1323 806 δηλοῖ.
1395 759 1560 807 σημεῖον

234 822 288 862 δέ·
326 823 529 863 τοσούτων
544 824 621 876 γὰρ
640 824 765 863 ὄντων
781 822 826 863 τὸ
844 825 996 873 πλῆθος
1010 821 1244 873 Ἀθηναίων,
1262 822 1442 875 πράττων
1458 823 1560 863 πολὺ
1583 843 1622 865 10

232 888 399 940 βέλτιον
430 886 454 939 ἢ
481 891 529 929 σὲ
562 892 766 941 προσῆκον
794 888 855 940 ἣν,
882 893 934 944 τῷ
965 889 1114 930 πώποτ’
1151 887 1447 942 εἰσήνεγκας,ἢ
1484 891 1560 930 τίνι

169 975 215 1010 70
234 955 531 1007 συμβέβλησαί
561 973 635 1002 πω,
672 953 695 1006 ἢ
732 955 806 997 τίν’
847 956 887 997 εὖ
923 958 1157 1007 πεποίηκας,·
1195 956 1319 997 οὐδέν’
1351 955 1399 997 ἂν
1435 958 1561 997 εἰπεῖν

234 1024 354 1076 ἔχοις·
392 1024 498 1063 ἀλλὰ
520 1023 684 1072 τοκίζων
703 1025 763 1064 καὶ
783 1022 851 1064 τὰς
866 1027 943 1063 τῶν
963 1023 1098 1063 ἄλλων
1115 1025 1323 1076 συμφορὰς
1344 1025 1406 1064 καὶ
1424 1025 1560 1077 χρείας

234 1088 484 1143 εὐτυχήματα
504 1092 651 1130 σαυτοῦ
676 1091 856 1140 νομίζων,
879 1088 1068 1141 ἐξέβαλες
1093 1093 1165 1141 μὲν
1190 1090 1257 1131 τὸν
1282 1093 1430 1131 σαυτοῦ
1453 1094 1560 1131 θεῖον

80 1160 212 1217 [1123]
234 1158 379 1197 Νικίαν
405 1158 447 1196 ἐκ
471 1159 540 1207 τῆς
559 1155 738 1212 πατρῴας
757 1158 894 1203 οἰκίας,
917 1155 1122 1213 ἀφῄρησαι
1146 1160 1187 1198 δὲ
1205 1157 1278 1207 τὴν
1298 1161 1444 1198 σαυτοῦ
1468 1175 1558 1198 πεν-
1582 1178 1620 1210 15

234 1225 351 1276 θερὰν
376 1223 484 1264 ταῦτ’
510 1223 580 1276 ἀφ’
606 1225 660 1264 ὧν
686 1223 764 1274 ἔζη,
792 1225 976 1275 ἀοίκητον
1001 1226 1043 1265 δὲ
1070 1224 1137 1265 τὸν
1168 1223 1415 1278 Ἀρχεδήμου
1439 1228 1560 1266 παῖδα

233 1289 278 1330 τὸ
303 1293 452 1331 σαυτοῦ
473 1290 590 1342 μέρος
607 1292 836 1341 πεποίηκας.
896 1291 1020 1332 οὐδεὶς
1045 1293 1088 1331 δὲ
1113 1291 1264 1332 πώποθ’
1290 1292 1390 1332 οὕτω
1412 1295 1561 1344 πικρῶς

235 1357 315 1398 οὐδ’
355 1356 601 1409 ὑπερήμερον
632 1357 865 1411 εἰσέπραξεν
900 1358 950 1399 ὡς
987 1357 1037 1398 σὺ
1073 1358 1163 1400 τοὺς
1197 1359 1438 1411 ὀφείλοντας
1469 1359 1560 1400 τοὺς

233 1425 383 1467 τόκους.
456 1424 526 1465 εἶθ’
552 1423 597 1465 δν
622 1424 727 1477 ὁρᾶτ’
753 1425 817 1466 ἐπὶ
843 1424 1000 1466 πάντων
1016 1426 1138 1467 οὕτως
1163 1425 1300 1477 ἄγριον
1317 1425 1380 1466 καὶ
1403 1426 1557 1477 μιαρόν,

233 1495 371 1532 τοῦτον
395 1492 504 1542 ὑμεῖς
528 1491 724 1542 ἠδικηκότ’
757 1492 817 1532 ἐπ’
847 1492 1062 1547 αὐτοφώρῳ
1095 1492 1293 1543 λαβόντες
1317 1493 1362 1533 οὗ
1390 1492 1558 1544 τιμωρή-
1581 1515 1620 1537 20

464 1556 683 1573 [θνῖφν

235 1561 378 1604 σεσθε;
413 1561 494 1599 δειν
525 1576 597 1610 αρ,
617 1576 647 1598 ω
662 1562 800 1611 ανδρες
816 1560 1010 1606 δικασταί,
1030 1558 1217 1610 ποιήσετε
1234 1560 1296 1600 καὶ
1312 1559 1401 1612 οὐχὶ
1417 1560 1558 1600 δίκαια.

170 1643 212 1678 71
293 1624 437 1676 Ἀξιον
474 1626 619 1672 τοίνυν,
662 1623 691 1665 ὦ
731 1625 868 1678 ἄνδρες
909 1625 1125 1677 Ἀθηναῖοι,
1166 1626 1229 1667 καὶ
1264 1626 1467 1678 Φορμίωνι
1505 1630 1558 1681 τῷ

233 1691 524 1747 παρασχομένῳ
566 1693 720 1733 τουτονὶ
759 1695 982 1744 νεμεσῆσαι
1019 1697 1105 1736 τοῖς
1143 1693 1449 1746 πεπραγμένοις,
1487 1693 1559 1744 τὴν

234 1760 435 1800 ἀναίδειαν
463 1763 532 1799 τοῦ
562 1760 708 1811 τρόπου
737 1760 799 1800 καὶ
835 1760 906 1810 τὴν
942 1762 1181 1812 ἀχαριστίαν
1215 1761 1380 1802 ἰδόντας.
1452 1759 1560 1811 οἶμαι

233 1827 307 1878 γὰρ
344 1826 519 1868 ἅπαντας
554 1827 654 1877 ὑμᾶς
688 1826 846 1872 εἰδέναι,
881 1828 941 1866 ὅτι
972 1830 1121 1874 τοῦτον,
1146 1826 1247 1878 ἡνίκ’
1285 1828 1398 1868 ὤνιος
1430 1825 1490 1877 ἦν,
1525 1828 1559 1868 εἰ
1580 1849 1618 1882 25

235 1892 386 1944 συνέβη
411 1892 599 1945 μάγειρον
618 1892 643 1944 ἥ
660 1909 766 1935 τινος
786 1893 912 1943 ἄλλης
928 1893 1071 1947 τέχνης
1094 1894 1332 1947 δημιουργὸν
1351 1895 1557 1946 πρίασθαι,

233 1958 305 2008 τὴν
346 1963 415 1999 τοῦ
450 1960 647 2000 δεσπότου
683 1960 828 2014 τέχνην
863 1960 911 2001 ἂν
946 1962 1082 2011 μαθὼν
1115 1962 1246 2013 πόρρω
1279 1965 1358 2001 τῶν
1384 1964 1455 2002 νῦν
1484 1978 1557 2001 πα-

169 2043 213 2078 72
233 2026 381 2077 ρόντων
405 2024 453 2076 ἣν
478 2028 649 2079 ἀγαθῶν.
723 2026 858 2077 ἐπειδὴ
891 2027 924 2067 δ’
953 2028 974 2067 ὁ
999 2027 1123 2080 πατὴρ
1149 2029 1169 2067 ὁ
1198 2027 1385 2080 ἡμέτερος
1411 2044 1556 2080 τραπε-

236 2092 339 2142 ζίτης
365 2091 419 2133 ὢν
444 2092 627 2143 ἐκτήσατ’
663 2092 779 2134 αὐτὸν
807 2095 869 2134 καὶ
904 2094 1098 2147 γράμματ’
1132 2096 1364 2136 ἐπαίδευσεν
1400 2095 1464 2135 καὶ
1488 2094 1559 2145 τὴν

277 2210 297 2239 3
323 2214 449 2242 συνεωρ.
477 2204 573 2235 codd.
699 2214 718 2241 4
745 2206 784 2236 ὡς
808 2204 932 2235 codd.:
963 2206 1012 2236 καὶ
1037 2206 1077 2236 ὡς
1102 2204 1286 2244 Huettner,
1311 2203 1353 2236 cf.
1376 2203 1493 2233 xxxvii
1516 2211 1559 2242 43

233 2245 256 2274 6
280 2246 504 2285 ἐπαγγείλειεν
520 2246 636 2277 Wolf:
661 2247 889 2288 ἆπαγγείλειεν
905 2249 1002 2279 codd.
1155 2258 1172 2287 7
1197 2246 1345 2285 ὀκνήσειέ
1357 2260 1407 2279 τις
1423 2248 1460 2279 ἂν
1478 2246 1557 2277 Din-

235 2287 336 2318 dors.-
357 2288 487 2326 ὀκνήσει
504 2303 552 2321 τις
570 2291 606 2321 ἂν
625 2289 649 2320 S
664 2300 671 2320 ε
696 2290 862 2328 ὀκνήσειεν
879 2292 916 2322 ἄν
931 2304 980 2323 τις
996 2290 1087 2330 vulg.
1246 2290 1388 2331 πρῶτον]
1407 2290 1558 2331 πρότερος

236 2329 406 2361 Richards
555 2342 592 2361 12
616 2334 635 2371 ἢ
651 2333 710 2364 τίν’
728 2334 761 2364 εὖ
778 2335 951 2372 πεποίηκας
968 2344 975 2371 ;
1000 2344 1064 2364 om.
1083 2333 1107 2364 S
1243 2343 1280 2372 14
1305 2336 1442 2366 σεαυτοῦ
1458 2334 1514 2365 ’ἰ-ὀὺ
1533 2332 1557 2363 S

238 2375 277 2404 16
301 2374 465 2415 ἀοίκητον]
484 2375 591 2407 ἄοικον
608 2375 773 2406 Schaeser
904 2387 945 2416 24
971 2389 1180 2418 αχαριστειαν
1196 2376 1235 2407 Sl
