1763 2778
129 131 219 187 nv]
475 135 636 173 ΚΑΤΑ
683 135 1029 173 ΣΤΕΦΑΝΟΎ
1074 136 1109 174 Α
1479 132 1606 186 [1116]

129 234 169 287 μ’
194 233 379 288 ἐλέγχειν
409 232 663 284 ἀξιώσουσιν,
695 234 788 274 ὅταν
819 235 861 275 δὲ
892 233 1050 275 ταύταις
1083 233 1236 285 ἐπεξίω,
1268 235 1356 287 περὶ
1381 239 1458 276 τῶν

131 301 177 352 ἐξ
205 302 330 354 ἀρχῆς
364 299 624 354 ἐγκλημάτων
654 300 790 352 λέγειν
823 318 872 353 με
910 301 1180 348 κελεύσουσιν,
1219 302 1307 342 οὔτε
1343 302 1457 342 δίκαι’

130 368 212 409 οὔθ’
249 369 340 419 ὑμῖν
381 366 623 421 συμφέροντ’
660 369 830 420 ἐροῦσιν.
899 360 1078 408 δικάσειν
1119 370 1194 421 γὰρ
1235 369 1456 420 ὀμωμόκαθ’
1479 386 1523 422 5ο

129 437 238 487 ὑμεῖς
267 435 310 475 οὗ
348 435 438 488 περὶ
467 436 521 476 ὧν
546 434 594 475 ἂν
619 435 639 474 ὁ
673 435 832 488 φεύγων
857 434 972 486 ἀξιοῖ,
999 435 1091 476 ἀλλ’
1121 437 1217 487 ὑπὲρ
1249 436 1378 476 αὐτῶν
1403 437 1456 477 ὧν

91 523 108 554 5
129 502 176 544 ἂν
205 503 227 554 ἡ
258 501 389 553 δίωξις
421 501 455 560 ᾗ.
515 500 659 552 ταύτην
690 502 723 542 δ’
756 501 905 554 ἀνάγκη
933 507 982 560 τῇ
1012 506 1080 542 τοῦ
1108 503 1315 546 διώκοντος
1343 503 1457 554 λήξει

116 572 360 620 δηλοῦσθαι,
388 568 436 620 ἣν
461 569 540 622 ἐγὼ
572 567 695 624 τούτῳ
728 570 1077 622 ψευδομαρτυρίων
1105 571 1262 624 εἴληχα.
1323 570 1375 621 μὴ
1410 571 1455 621 δὴ

127 636 229 678 τοῦτ’
254 636 371 690 ἀφεὶς
394 637 482 688 περὶ
506 638 560 678 ὧν
585 636 653 677 οὐκ
677 636 910 690 ἀγωνίζεται
926 636 1091 689 λεγέτω·
1115 637 1204 689 μηδ’
1224 638 1333 688 ὑμεῖς
1353 639 1453 684 ἐᾶτε,
1477 640 1597 695 [1117]

128 703 177 745 ἂν
201 703 262 756 ἄρ’
286 704 398 746 οὗτος
423 705 681 761 ἀναισχυντῇ.

194 773 342 823 Οἵομαι
364 772 496 812 τοίνυν
521 770 639 812 αὐτὸν
664 770 778 812 οὐδὲν
802 771 951 828 οὐδαμῇ
977 772 1128 812 δίκαιον
1153 771 1297 826 ἔχοντα
1320 771 1455 824 λέγειν
1477 792 1515 828 51

71 860 108 882 ιο
127 836 236 889 ἥξειν
255 838 319 879 καὶ
337 838 401 879 ἐπὶ
420 842 547 886 τοῦτο,
567 838 617 881 ὡς
641 837 789 879 ἄτοπον
806 842 918 884 ποιῶ,
941 838 1204 891 παραγραφὴν
1223 838 1453 890 ἡττημένος,

126 905 214 946 τοὺς
251 905 438 957 διαθήκην
472 905 797 959 μαρτυρήσαντας
838 906 1001 952 διώκων,
1042 907 1104 946 καὶ
1143 906 1232 948 τοὺς
1269 908 1456 949 δικαστὰς

126 971 217 1015 τοὺς
251 973 340 1013 τότε
376 971 524 1025 φήσειν
556 974 618 1013 διὰ
655 971 744 1014 τοὺς
780 973 941 1024 ἀφεῖναι
976 974 1320 1025 μεμαρτυρηκότας
1356 974 1453 1014 &770-

125 1041 391 1093 ψηφίσασθαι
426 1042 583 1090 μᾶλλον
612 1037 634 1090 ἢ
672 1040 734 1080 διὰ
770 1040 858 1080 τοὺς
895 1038 1083 1090 διαθήκην
1114 1039 1449 1093 μαρτυρήσαντας.

126 1107 205 1160 ἐγὼ
234 1106 280 1154 δ’,
315 1105 344 1147 ὦ
375 1106 511 1159 ἄνδρες
542 1106 757 1158 Ἀθηναῖοι,
795 1107 939 1157 νομίζω
974 1106 1124 1148 πάντας
1158 1108 1258 1158 ὑμᾶς
1295 1107 1452 1155 εἰδέναι,

70 1195 107 1227 15
126 1174 188 1214 ὅτι
216 1173 288 1228 οὐχ
318 1173 435 1225 ἧττον
464 1175 514 1214 τὰ
542 1173 786 1226 πεπραγμέν’
812 1174 976 1215 εἰώθατε
1012 1178 1178 1215 σκοπεῖν
1206 1171 1230 1225 ἢ
1259 1176 1329 1217 τὰς
1358 1176 1455 1227 ὑπὲρ

126 1240 275 1281 τούτων
312 1240 589 1294 παραγραφάς·
639 1242 726 1293 περὶ
764 1241 808 1291 δὴ
848 1245 925 1281 τῶν
962 1241 1204 1293 πραγμάτων
1242 1241 1369 1282 αὐτῶν
1407 1245 1455 1283 τὰ

125 1310 251 1361 ψευδῆ
273 1307 691 1361 καταμαρτυρήσαντες
717 1308 827 1348 οὗτοί
846 1325 934 1360 μου,
957 1309 1141 1350 ἀσθενεῖς
1167 1309 1255 1351 τοὺς
1280 1309 1367 1361 περὶ
1387 1312 1454 1359 τῆς

125 1377 389 1428 παραγραφῆς
425 1376 618 1426 ἐποίησαν
654 1376 810 1428 λόγους.
871 1375 991 1430 χωρὶς
1028 1378 1069 1416 δὲ
1105 1376 1255 1417 τούτων
1291 1376 1452 1423 ἄτοπον,
1476 1394 1519 1431 52

125 1441 284 1483 πάντων
320 1443 370 1483 τὰ
406 1445 534 1495 ψευδῆ
572 1442 919 1495 μαρτυρησάντων,
963 1444 1022 1485 τίς
1062 1442 1225 1494 μάλιστ’
1266 1444 1455 1496 ἔβλαψεν

67 1525 106 1547 20
126 1510 376 1562 ἀποφαίνειν,
405 1509 497 1550 ἀλλ’
522 1509 597 1564 οὐχ
622 1510 673 1552 ὡς
699 1509 813 1552 αὐτὸς
839 1511 1005 1551 ἕκαστος
1032 1511 1160 1561 ἀληθῆ
1185 1511 1454 1563 μεμαρτύρηκε

125 1576 332 1618 δεικνύναι.
393 1576 437 1617 οὐ
469 1576 556 1630 γάρ,
583 1576 631 1617 ἂν
657 1577 791 1630 ἕτερον
823 1576 930 1634 δείξῃ
961 1577 1147 1629 δεινότερ’
1178 1578 1451 1630 εἰργασμένον,

125 1644 369 1697 ἀποφεύγειν
393 1644 495 1699 αὐτῷ
520 1643 724 1697 προσήκει,
746 1644 837 1685 ἀλλ’
862 1643 909 1686 ἂν
935 1644 1051 1687 αὐτὸς
1077 1645 1127 1687 ὡς
1153 1645 1285 1696 ἀληθῆ,
1305 1662 1451 1698 μεμαρ-

124 1711 289 1763 τύρηκεν
313 1710 513 1768 ἀποφήνῃ.

192 1777 286 1831 Ἐφ’
310 1777 340 1834 ᾧ
366 1780 510 1826 τοίνυν,
542 1777 571 1819 δ’)
602 1778 739 1831 ἄνδρες
763 1778 980 1830 Ἀθηναῖοι,
1013 1778 1175 1830 μάλιστ’
1201 1778 1454 1820 ἀπολωλέναι
1475 1792 1516 1829 53

66 1859 105 1891 25
126 1845 273 1887 δίκαιός
299 1847 408 1886 ἐστιν
433 1846 570 1887 οὑτοσὶ
594 1846 812 1898 Στέφανος,
839 1846 942 1887 τοῦτ’
970 1846 1166 1887 ἀκούσατέ
1189 1864 1276 1898 μου.
1326 1846 1453 1887 δεινὸν

124 1914 196 1964 μὲν
220 1911 296 1965 γάρ
320 1914 431 1953 ἐστιν
457 1914 489 1954 εἰ
515 1913 578 1954 καὶ
605 1913 688 1953 καθ’
713 1914 804 1955 ὅτου
832 1931 892 1956 τις
919 1914 987 1954 οὖν
1017 1913 1065 1954 τὰ
1099 1916 1226 1966 ψευδῆ
1252 1918 1450 1966 μαρτυρεῖ,

126 1983 263 2034 πολλῷ
289 1981 331 2021 δὲ
356 1980 577 2033 δεινότερον
604 1981 665 2021 καὶ
692 1982 875 2023 πλείονος
901 1982 1019 2034 ὀργῆς
1044 1981 1155 2032 ἄξιον
1182 1982 1215 2022 εἶ
1245 1983 1344 2022 κατὰ
1374 1985 1452 2022 τῶν

126 2050 344 2099 συγγενῶν·
396 2046 440 2087 οὐ
476 2049 551 2100 γὰρ
586 2048 675 2090 τοὺς
711 2048 1004 2101 γεγραμμένους
1040 2049 1181 2100 νόμους
1216 2049 1236 2088 ὁ
1278 2052 1452 2090 τοιοῦτος

125 2111 330 2165 ἅνθρωπος
360 2115 494 2165 μόνον,
533 2113 640 2155 ἀλλὰ
674 2116 738 2156 καὶ
767 2117 816 2156 τὰ
851 2118 919 2166 τῆς
956 2116 1116 2168 φύσεως
1144 2115 1254 2156 οἰκεῖ’
1289 2117 1450 2167 ἀναιρεῖ-

66 2194 108 2226 30
125 2183 238 2220 τοῦτο
266 2180 398 2221 τοίνυν
425 2180 747 2236 ἐπιδειχθήσεται
775 2183 998 2233 πεποιηκὼς
1031 2182 1167 2229 οὗτος,
1217 2183 1304 2224 ἔστι
1328 2184 1404 2235 γὰρ
1428 2183 1450 2233 ἡ
1474 2195 1515 2230 54

173 2297 193 2327 3
217 2290 304 2330 ὑμῖν]
324 2290 398 2329 ἡμῖν
415 2290 453 2321 Sl
573 2301 590 2330 7
618 2296 693 2331 post
709 2293 798 2333 ἀφεὶς
814 2293 892 2323 add.
911 2295 1182 2333 ψευδομαρτυριων
1200 2292 1223 2323 S
1245 2292 1303 2323 sed
1317 2292 1452 2332 punctis

125 2337 279 2363 notatum
416 2344 456 2364 10
479 2334 675 2374 ἡττημένους
694 2335 731 2366 Sl
869 2347 906 2365 12
931 2337 1045 2374 φήσειν
1064 2335 1214 2366 Reiske:
1237 2336 1334 2376 φήσει
1352 2335 1449 2366 codd.

127 2386 170 2415 29
192 2376 289 2415 μόνον
313 2376 410 2408 codd.
442 2377 552 2417 (μόνος
580 2378 655 2410 fort.
682 2378 736 2415 8¹>
755 2390 762 2409 τ
784 2379 899 2418 μόνους
927 2379 1143 2410 Herwerden
1234 2379 1347 2419 νόμους
1374 2384 1453 2418 post

125 2419 224 2459 μόνον
247 2420 343 2459 ponit
368 2420 398 2450 D
488 2422 603 2463 οἰκεῖα]
624 2423 728 2455 δίκαια
751 2422 871 2463 Cobet,
895 2422 1072 2454 Richards.
1112 2428 1145 2454 at
1169 2422 1211 2454 cf.
1240 2423 1321 2462 Lyc.
1348 2425 1362 2460 §
1393 2432 1449 2461 131

126 2471 170 2501 30
193 2462 285 2496 οὗτος
303 2464 326 2495 S
341 2475 349 2494 ε
373 2464 483 2497 οὑτοσί
499 2470 578 2497 cett.

1327 2509 1366 2539 6*
