1746 2774
608 124 931 162 ΕΠΙΣΤΟΛΗ
973 125 1015 161 ΙΙ
1501 121 1629 176 [1471]

155 227 342 277 χαλεπῶς
373 226 426 278 τῷ
457 226 639 277 λογισμῷ
672 221 818 275 φέρων,
845 222 927 262 εἶτα
960 223 1022 262 διὰ
1048 221 1120 273 τὴν
1148 222 1306 273 ἡλικίαν
1340 221 1408 262 οὐκ
1432 221 1481 263 ἂν

156 291 238 333 οἷός
260 289 293 330 τ’
321 288 374 330 ὣν
402 294 456 344 τῷ
489 290 643 341 σώματι
675 289 745 340 τὴν
774 290 1017 330 κακοπαθίαν
1048 291 1289 341 ὑπενεγκεῖν.
1361 289 1419 329 ε”τι
1449 289 1479 329 δ’

155 357 236 398 οὐδ’
268 358 366 408 ὑμᾶς
397 357 577 408 ἐνόμιζον
609 358 800 408 ἀβουλεῖν
833 354 907 406 ἔξω
932 374 981 407 με
1005 359 1337 408 προπηλακισμοῦ
1368 356 1477 409 γενέ-

155 427 264 471 σθαι,
291 423 334 466 ὃς
365 424 479 465 οὐδὲν
507 426 605 475 ὑμᾶς
639 424 808 476 ὠφελῶν
836 423 894 474 ἔμ’
931 424 1154 464 ἀπώλλυεν.
1227 424 1310 464 ἐπεὶ
1347 424 1407 463 ὅτι
1443 422 1478 475 γ’
1504 433 1543 466 18

116 492 244 543 5ὑμῖν
286 495 503 544 προσεῖχον
544 491 612 531 τὸν
653 495 745 532 νοῦν
783 491 844 531 καὶ
886 490 1045 532 οὐδέσιν
1086 490 1237 537 ἄλλοις,
1276 490 1395 531 πόλλ’
1433 491 1480 531 ἂν

154 560 274 600 ἴδοιτε
299 562 456 610 σημεῖα.
528 559 582 600 εἵς
606 575 648 599 τε
672 559 747 611 γὰρ
777 559 896 598 πόλιν
921 558 1056 610 ἦλθον,
1085 559 1153 599 οὐκ
1178 559 1220 598 ἐν
1252 557 1278 615 ᾗ
1308 558 1481 610 μέγιστα

155 625 318 678 πράξειν
353 625 470 667 αὐτὸς
506 625 690 677 ἔμελλον,
729 625 820 666 ἀλλ’
857 627 911 667 εἰς
946 624 994 676 ἣν
1030 627 1093 666 καὶ
1134 625 1225 668 τοὺς
1264 625 1480 678 προγόνους

155 694 344 735 ἐλθόντας
381 692 501 749 ᾔδειν,
546 692 605 733 ὅθ’
649 693 669 732 ὁ
716 692 811 745 πρὸς
851 692 921 733 τὸν
962 692 1126 745 Πέρσην
1179 692 1481 744 κατελάμβανεν

155 760 293 802 αὐτοὺς
325 761 512 807 κίνδυνος,
549 759 610 800 καὶ
640 759 730 812 παρ’
759 759 786 817 ᾗ
811 760 1007 811 πλείστην
1037 760 1190 801 εὔνοιαν
1220 758 1481 813 ὑπάρχουσαν

96 843 136 866 10
154 828 244 878 ὑμῖν
284 826 514 878 ἠπιστάμην
553 827 658 879 (ἔστι
699 827 731 867 δ’
771 828 794 878 ἡ
836 828 1062 878 Τροζηνίων
1099 828 1209 878 αὕτη,
1247 826 1269 884 ᾗ
1302 826 1480 878 μάλιστα
1504 844 1544 878 19

153 896 225 946 μὲν
254 896 290 936 οἱ
317 895 398 936 θεοὶ
424 895 484 934 καὶ
509 897 577 945 τῆς
602 894 697 948 πρὸς
722 896 820 946 ὑμᾶς
845 894 998 937 εὐνοίας
1022 895 1136 936 ἕνεκα
1160 894 1222 935 καὶ
1247 897 1316 945 τῆς
1341 895 1395 937 εἷς
1420 893 1479 945 ἔμ’
1502 893 1638 949 [1472]

154 961 382 1014 εὐεργεσίας
408 962 509 1002 εὖνοι
537 961 679 1004 πάντες
705 963 857 1012 εἴησαν,
885 961 969 1003 εἶτα
989 962 1094 1015 κάγὼ
1120 962 1262 1004 σωθεὶς
1287 961 1354 1014 ὑφ’
1373 963 1481 1013 ὑμῶν

886 1029 901 1044 5!

153 1029 359 1080 δυνηθείην
392 1030 603 1070 ἀποδοῦναι
636 1027 825 1083 χάριτας)·
881 1047 924 1070 εν
948 1046 990 1070 τε
1015 1030 1133 1086 ταύτῃ
1159 1033 1288 1076 τινῶν,
1319 1029 1369 1071 ὡς
1395 1029 1481 1080 ἐμοὶ

152 1095 433 1150 χαριζομένων,
478 1097 661 1147 ἐπιτιμᾶν
701 1098 792 1148 ὑμῖν
828 1114 866 1137 τι
908 1096 1160 1149 πειρωμένων
1205 1102 1253 1154 τῇ
1293 1096 1377 1137 κατ’
1420 1095 1479 1147 ἔμ’

93 1179 131 1211 15
153 1164 306 1217 ἀγνοίᾳ,
334 1164 411 1215 ἐγὼ
442 1166 575 1204 πᾶσαν
605 1163 815 1216 εὐφημίαν,
843 1164 978 1215 ὥσπερ
1009 1164 1095 1215 ἐμοὶ
1127 1166 1315 1216 προσῆκε,
1347 1180 1479 1217 παρει-

151 1231 295 1284 χόμην·
333 1230 380 1281 ἐξ
399 1232 453 1271 ὧν
479 1231 541 1271 καὶ
564 1230 743 1283 μάλιστα
775 1232 918 1282 νομίζω
948 1231 1097 1274 πάντας
1127 1230 1375 1283 ἀγασθέντας
1407 1248 1482 1282 μου

153 1299 324 1352 δημοσίᾳ
355 1300 532 1349 τιμῆσαι.
603 1299 704 1351 ὁρῶν
740 1300 782 1339 δὲ
817 1298 888 1349 τὴν
923 1301 994 1349 μὲν
1025 1298 1180 1339 εὔνοιαν
1215 1302 1293 1339 τῶν
1330 1299 1481 1352 ἀνδρῶν
1502 1313 1547 1338 20

153 1364 346 1418 μεγάλην,
373 1365 443 1415 τὴν
476 1365 508 1406 δ’
540 1366 595 1408 εἷς
620 1365 666 1406 τὸ
691 1365 817 1417 παρὸν
841 1366 1006 1417 δύναμιν
1032 1364 1356 1418 καταδεεστέραν,
1391 1383 1482 1417 μετ-

155 1433 283 1473 ελθὼν
317 1433 371 1474 εἰς
403 1432 449 1473 τὸ
478 1435 545 1472 τοῦ
572 1435 828 1475 Ποσειδῶνος
854 1435 958 1485 ἱερὸν
983 1434 1024 1473 ἐν
1052 1434 1277 1487 Καλαυρείᾳ
1298 1433 1479 1485 κάθημαι,

95 1518 134 1539 20
154 1500 198 1540 οὐ
223 1500 344 1550 μόνον
369 1502 438 1549 τῆς
463 1500 690 1553 ἀσφαλείας
716 1501 841 1546 ἕνεκα,
870 1499 917 1550 ἢν
943 1501 1005 1541 διὰ
1030 1499 1098 1541 τὸν
1125 1503 1214 1541 θεὸν
1241 1501 1385 1550 ἐλπίζω
1415 1518 1482 1551 μοι

153 1565 346 1620 ὑπάρχειν
377 1565 436 1617 (οὐ
468 1568 544 1620 γὰρ
575 1567 616 1608 εὗ
649 1566 735 1607 οἶδά
764 1584 822 1620 γε·
861 1567 885 1608 ἃ
914 1570 988 1620 γὰρ
1020 1567 1084 1620 ἐφ’
1115 1567 1262 1620 ἑτέροις
1295 1567 1406 1608 ἐστὶν
1430 1568 1482 1610 ὡς

154 1632 202 1674 ἂν
235 1633 464 1684 βούλωνται
492 1633 649 1686 πρᾶξαι,
679 1633 831 1685 λεπτὴν
861 1635 923 1675 καὶ
958 1634 1108 1685 ἄδηλον
1144 1634 1227 1688 ἕχει
1263 1639 1315 1689 τῷ
1353 1637 1479 1675 κινδυ-

154 1700 308 1741 νεύοντι
336 1700 408 1751 τὴν
440 1701 696 1754 ἀσφάλειαν),
725 1701 817 1743 ἀλλ’
849 1703 910 1742 ὅτι
940 1702 1002 1742 καὶ
1026 1701 1098 1752 τὴν
1123 1700 1277 1754 πατρίδ’
1303 1703 1482 1743 ἐντεῦθεν

155 1766 326 1819 ἑκάστης
360 1767 506 1820 ἡμέρας
542 1769 693 1821 ἀφορῶ,
734 1770 788 1811 εἷς
821 1767 870 1820 ἢν
905 1769 1102 1819 τοσαύτην
1138 1769 1294 1810 εὔνοιαν
1332 1770 1482 1825 ἐμαυτῷ

96 1848 134 1881 25
156 1835 331 1882 σύνοιδα,
359 1835 457 1886 ὅσης
481 1835 572 1888 παρ’
601 1837 708 1887 ὑμῶν
734 1836 899 1889 εὔχομαι
922 1840 1069 1890 τυχεῖν.

215 1901 357 1944 ’Όπως
393 1902 473 1949 οὖν,
512 1901 541 1943 ὦ
578 1902 713 1954 ἄνδρες
749 1902 965 1954 Ἀθηναῖοι,
1002 1903 1141 1955 μηκέτι
1176 1904 1301 1944 πλείω
1338 1903 1484 1957 χρόνον
1504 1919 1544 1944 21

155 1972 238 2011 τοῖς
272 1973 442 2021 παροῦσι
478 1973 609 2011 κακοῖς
646 1969 888 2023 συνέχωμαι,
925 1969 1171 2023 ψηφίσασθέ
1209 1988 1275 2021 μοι
1311 1970 1419 2010 ταῦθ’
1461 1971 1485 2011 δι

157 2036 219 2076 καὶ
261 2035 401 2079 ἄλλοις
436 2036 542 2077 τισὶν
582 2036 668 2088 ἥδη,
707 2037 771 2077 ἵνα
804 2035 893 2088 μήτ’
930 2037 1092 2088 ἀνάξιον
1126 2039 1234 2088 ὑμῶν
1265 2037 1386 2088 μηδέν
1417 2054 1485 2089 μοι

157 2107 307 2160 συμβῇ,
344 2102 434 2155 μήθ’
465 2103 591 2154 ἱκέτης
623 2103 768 2156 ἑτέρων
793 2104 1031 2156 ἀναγκασθῶ
1057 2104 1258 2157 γενέσθαι·
1297 2104 1385 2145 οὐδὲ
1410 2106 1485 2157 γὰρ

203 2223 223 2242 2
247 2213 459 2245 κακοπάθειαν
476 2213 500 2243 S
514 2212 539 2243 F
557 2224 564 2252 ;
583 2215 642 2244 sed
655 2213 694 2244 cf.
709 2214 754 2244 lxi
769 2214 811 2252 38
940 2225 959 2252 4
985 2214 1111 2255 ὀφελῶν
1129 2214 1153 2244 S
1245 2215 1310 2246 ἐπεὶ
1327 2214 1485 2245 Bekker:

159 2255 255 2288 ἔπειθ’
273 2257 369 2288 codd.
547 2269 568 2296 9
592 2258 753 2295 πλείστην
768 2280 775 2287 .
792 2282 797 2288 .
813 2280 820 2288 .
842 2259 911 2298 ὑμῖν
930 2258 1020 2298 (ἡμῖν
1039 2258 1077 2293 S)
1097 2258 1120 2288 S
1138 2258 1162 2287 F
1174 2257 1204 2296 Q
1221 2269 1227 2288 :
1251 2257 1393 2297 μέγιστα
1410 2259 1485 2299 πρὸς

157 2302 235 2340 ὑμᾶς
251 2299 422 2342 ὑπάρχοντ’
441 2302 680 2341 εὐεργετήματα
698 2301 722 2331 F
733 2314 783 2343 γρ.
800 2300 890 2341 Ωγρ.
1003 2312 1042 2331 10
1057 2301 1243 2342 Τροιζηνίων
1259 2302 1373 2340 codd.;
1398 2312 1484 2332 corr.

158 2343 255 2374 Blass
334 2353 372 2382 13
398 2344 507 2374 malim
525 2343 615 2387 (τὰς)
630 2344 765 2385 χάριτας
850 2355 887 2384 14
910 2360 941 2377 τι
960 2345 1024 2376 del.
1049 2345 1220 2384 Schaefer,
1238 2350 1330 2374 recte
1349 2345 1426 2376 sort.
1445 2345 1486 2378 cf.

158 2386 219 2426 Ep.
246 2387 279 2416 iii
307 2397 334 2425 1,
361 2397 378 2426 7
484 2389 523 2417 16
545 2388 676 2428 μάλιστ’
692 2387 765 2430 (ἂν)
788 2388 884 2420 Turr.
911 2398 1091 2428 perperam
1205 2402 1265 2428 μου
1291 2388 1337 2419 S:
1360 2402 1399 2429 με
1417 2388 1486 2428 FQ

160 2440 198 2469 17
223 2433 302 2472 ὁρῶν
319 2429 369 2472 δὲ]
388 2433 468 2472 ὁρῶν
485 2431 543 2471 μὲν
561 2431 599 2462 S1
692 2442 730 2471 19
755 2434 916 2475 Καλαυρίᾳ
933 2433 1043 2472 codd.y
1062 2442 1148 2463 corr.
1168 2432 1314 2463 Dindorf
