1763 2778
93 130 227 186 [1124]

656 133 1146 172 ΔΗΝῙΟΣΘΕΝΟὙΣ
1481 129 1569 184 [Χιν

247 235 404 274 ναντίον
428 233 497 273 τὸν
530 233 728 282 δεσπότην
755 233 774 272 ὁ
806 234 947 274 δοῦλος
973 231 1157 283 ἐξετάζει,
1186 232 1236 274 ὡς
1272 235 1369 282 δῆτα
1399 232 1570 283 πονηρὸν

184 310 227 345 77
249 300 310 340 καὶ
335 300 491 340 ἄσωτον
518 301 558 339 ἐκ
583 299 731 339 τούτων
763 298 979 350 ἐπιδείξων.
1049 300 1126 351 ἐγὼ
1159 299 1205 346 δ’,
1233 298 1262 339 ὦ
1292 299 1428 350 ἄνδρες
1454 299 1570 350 Ἀθη-

249 372 362 414 ναῖοι,
389 370 458 417 τῆς
479 369 550 418 μὲν
576 369 709 419 ὅψεως
727 372 774 424 τῇ
799 366 922 419 φύσει
946 366 1009 406 καὶ
1040 370 1093 420 τῷ
1120 366 1271 419 ταχέως
1302 367 1480 417 βαδίζειν
1507 367 1569 407 καὶ

247 439 386 475 λαλεῖν
421 434 537 486 μέγα,
573 433 616 473 οὐ
645 437 724 474 τῶν
759 434 930 486 εὐτυχῶς
963 433 1196 485 πεφυκότων
1234 432 1401 483 ἐμαυτὸν
1439 435 1567 485 κρίνω·

248 501 313 554 ἐφ’
339 502 394 541 οἷς
428 492 504 554 γὰρ
537 501 648 541 οὐδὲν
679 500 958 553 ὠφελούμενος
991 504 1100 540 λυπῶ
1137 517 1258 547 τινας,
1293 500 1460 540 ἔλαττον
1489 500 1568 554 ἔχω

247 573 469 622 πολλαχοῦ·
506 571 559 622 τῷ
584 567 719 619 μέντοι
743 567 900 620 μέτριος
925 569 1022 607 κατὰ
1055 566 1186 609 πάσας
1215 569 1284 608 τὰς
1315 569 1370 608 εἰς
1402 567 1568 618 ἐμαυτὸν

1589 513 1607 544 5

95 631 224 687 [1125]
246 635 418 676 δαπάνας
452 635 552 676 εἶναι
580 634 682 675 πολὺ
713 635 853 675 τούτου
890 634 951 674 καὶ
986 635 1173 674 τοιούτων
1208 634 1350 686 ἑτέρων
1387 634 1566 674 εὖτακτό-
1616 678 1619 679 ⁷

1270 701 1420 715 Χηῖπ

182 712 225 753 78
245 720 358 754 τερον
385 703 458 752 ζῶν
477 702 525 742 ἂν
545 703 726 754 φανείην.
784 703 832 742 τὰ
853 701 886 741 δ’
908 703 961 742 εἰς
986 701 1057 751 τὴν
1082 702 1199 742 πόλιν
1221 719 1282 742 και
1298 719 1349 741 οσ
1387 719 1441 743 εις
1457 702 1567 752 ὑμᾶς,

247 770 298 812 ὡς
325 770 491 821 δύναμαι
521 770 795 821 λαμπρότατα,
826 768 877 811 ὡς
906 770 1013 819 ὑμεῖς
1044 769 1221 817 σύνιστε,
1259 772 1371 809 ποιῶ·
1415 769 1458 808 οὐ
1494 770 1569 821 γὰρ

246 837 376 889 ἀγνοῶ
407 836 512 877 τοῦθ’
543 837 604 876 ὅτι
631 839 713 878 τοῖς
742 839 813 887 μὲν
843 835 950 888 γένει
977 837 1159 877 πολίταις
1191 837 1281 887 ὑμῖν
1313 836 1446 876 ἱκανόν
1483 837 1569 876 ἐστι

245 908 480 960 λῃτουργεῖν
497 903 548 946 ὡς
573 905 609 944 οἱ
633 904 746 954 νόμοι
763 902 1071 954 προστάττουσι,
1098 903 1188 945 τοὺς
1208 905 1249 943 δὲ
1268 903 1453 953 ποιητοὺς
1469 903 1569 953 ἡμᾶς

246 971 296 1013 ὡς
333 972 592 1012 ἀποδιδόντας
622 970 752 1024 χάριν,
790 971 891 1011 οὕτω
926 968 1120 1022 προσήκει
1155 971 1372 1023 φαίνεσθαι
1402 975 1567 1026 λῃτουρ-

245 1042 425 1091 γοῦντας.
485 1038 538 1090 μὴ
563 1038 632 1078 οὗν
647 1055 713 1089 μοι
738 1037 844 1078 ταῦτ’
869 1038 1046 1087 ὀνείδιζε,
1066 1037 1130 1090 ἐφ’
1156 1038 1214 1080 οῖς
1231 1038 1391 1077 ἐπαίνου
1414 1036 1568 1090 τύχοιμ’

718 1106 728 1119 s
751 1105 760 1119 ²
806 1102 826 1111 Λ

181 1121 225 1157 79
243 1104 292 1146 ἂν
317 1106 486 1147 δικαίως.
556 1106 665 1146 ἀλλὰ
688 1123 749 1146 τιν
765 1137 775 1152 ,
803 1109 831 1144 ὠ
858 1106 1059 1157 Φορμίων,
1085 1108 1163 1144 τῶν
1188 1107 1361 1145 πολιτῶν
1385 1106 1567 1155 ἑταιρεῖν,

179 1645 224 1678 80

243 1172 377 1224 ὥσπερ
397 1173 459 1219 σύ,
478 1173 750 1223 μεμίσθωμαι;
788 1170 930 1222 δεῖξον.
991 1173 1079 1212 τίνα
1102 1174 1171 1221 τῆς
1197 1172 1364 1217 πόλεως,
1381 1170 1427 1221 ἧς
1453 1169 1569 1212 αὐτὸς

242 1238 428 1290 ἠξιώθην,
458 1239 521 1279 καὶ
545 1241 615 1289 τῆς
631 1241 674 1279 ἐν
700 1239 797 1296 αὐτῇ
820 1239 1040 1291 παρρησίας
1067 1238 1330 1290 ἀπεστέρηκα,
1358 1238 1492 1289 ὥσπερ
1518 1237 1569 1278 σὺ

244 1311 382 1347 τοῦτον
406 1305 451 1347 ὃν
478 1307 749 1363 κατῄσχυνας,·
775 1308 880 1347 τίνος
912 1309 1077 1358 γυναῖκα
1106 1305 1336 1358 διέφθαρκα,
1358 1305 1492 1357 ὥσπερ
1519 1304 1569 1344 σὺ

243 1373 340 1426 πρὸς
358 1378 529 1416 πολλαῖς
554 1373 698 1416 ἄλλαις
712 1373 870 1423 ταύτην,
895 1370 921 1429 ᾗ
944 1372 989 1413 τὸ
1007 1371 1124 1423 μνῆμ’
1149 1371 1400 1427 ᾠκοδόμησεν
1421 1372 1440 1411 ὁ
1467 1374 1570 1413 θεοῖς

245 1440 386 1494 ἐχθρὸς
410 1441 524 1483 οὗτος
550 1441 727 1491 πλησίον
752 1444 821 1480 τοῦ
852 1442 921 1490 τῆς
951 1439 1176 1489 δεσποίνης,
1203 1439 1416 1489 ἀνηλωκὼς
1444 1437 1569 1479 πλέον

242 1504 267 1558 ἢ
302 1507 477 1548 τάλαντα
517 1507 604 1555 δύο,·
658 1508 720 1548 καὶ
762 1507 830 1547 οὐκ
865 1506 1077 1563 ιἠσθάνετο,
1117 1507 1179 1547 ὅτι
1210 1506 1302 1559 οὐχὶ
1336 1508 1407 1545 τοῦ
1439 1504 1570 1557 τάφου

242 1578 431 1625 μνημεῖον
456 1574 570 1615 ἔσται
593 1574 637 1614 τὸ
655 1575 898 1625 οἰκοδόμημα
915 1577 1092 1614 τοιοῦτον
1116 1575 1174 1619 ὄν,
1197 1573 1304 1613 ἀλλὰ
1328 1574 1397 1622 τῆς
1420 1572 1571 1613 ἀδικίας

243 1641 288 1692 ἧς
313 1641 380 1682 τὸν
400 1641 508 1694 ἄνδρ’
523 1642 707 1692 ἠδίκηκεν
728 1641 856 1692 ἐκείνη
873 1642 937 1681 διὰ
953 1644 1103 1680 τοῦτον.
1164 1639 1248 1680 εἶτα
1261 1643 1421 1680 τοιαῦτα
1446 1643 1570 1680 ποιῶν

243 1709 307 1749 καὶ
322 1709 558 1759 τηλικαύτας
572 1709 782 1760 μαρτυρίας
799 1707 1045 1761 ἐξενηνοχὼς
1069 1709 1138 1757 τῆς
1161 1708 1315 1759 ὕβρεως
1330 1709 1398 1756 τῆς
1424 1709 1571 1746 σαυτοῦ

244 1775 307 1822 σύ,
334 1775 402 1816 τὸν
431 1775 559 1816 ἄλλου
590 1793 658 1816 του
682 1777 776 1826 βίον
807 1774 1003 1825 ἐξετάζειν
1031 1775 1202 1829 τολμᾷς,·
1239 1773 1325 1825 μεθ’
1355 1773 1505 1824 ἡμέραν
1534 1772 1574 1814 εἶ

245 1843 294 1883 σὺ
320 1842 506 1895 σώφρων,
534 1841 606 1892 τὴν
634 1844 676 1882 δὲ
709 1840 814 1882 νύκτ’
843 1841 910 1894 ἐφ’
944 1841 1003 1883 οῖς
1033 1840 1199 1883 θάνατος
1225 1840 1250 1891 ἡ
1289 1841 1417 1891 ζημία,
1449 1843 1570 1880 ταῦτα

244 1914 381 1951 ποιεῖς.
440 1909 622 1961 πονηρός,
643 1907 672 1949 ‹T›
697 1908 836 1960 ἄνδρες
861 1908 1078 1959 Ἀθηναῖοι,
1096 1907 1266 1959 πονηρὸς
1291 1906 1404 1949 οὗτος
1419 1906 1570 1947 ἄνωθεν

243 1977 287 2016 ἐκ
310 1979 378 2016 τοῦ
394 1975 599 2016 Ἀνακείου
619 1975 682 2016 καὶ
706 1975 851 2016 ἄδικος.
912 1979 1079 2026 σημεῖον
1095 1974 1150 2015 δέ·
1189 1976 1222 2014 εἰ
1238 1976 1314 2026 γέιρ
1338 1973 1385 2024 ἦν
1405 1975 1566 2023 δίκαιος,

243 2042 362 2093 πένης
381 2042 429 2083 ἂν
454 2041 500 2093 ἦν
525 2043 574 2082 τὰ
598 2047 665 2083 τοῦ
690 2043 886 2083 δεσπότου
915 2041 1132 2093 διοικήσας.
1204 2045 1273 2082 νῦν
1297 2043 1341 2082 δὲ
1366 2040 1570 2081 τοσούτων

242 2109 454 2163 χρημάτων
479 2109 523 2149 τὸ
547 2112 700 2161 πλῆθος
726 2109 854 2162 κύριος
881 2111 1080 2151 καταστὰς
1103 2109 1208 2149 ὥστε
1233 2110 1407 2148 τοσαῦτα
1431 2110 1570 2148 λαθεῖν

1593 848 1630 870 10

1591 1183 1628 1214 Ῑ5

1592 1518 1631 1540 20

1591 1853 1628 1884 25

243 2176 309 2217 ἀπ’
342 2176 469 2217 αὐτῶν
501 2176 655 2229 κλέψας
682 2177 760 2216 ὅσα
788 2180 858 2217 νῦν
888 2176 1084 2227 κέκτηται,
1122 2175 1191 2215 οὐκ
1220 2176 1402 2228 ὀφείλειν
1433 2179 1567 2220 ταῦτα,
1590 2189 1630 2220 3ο

287 2286 307 2316 8
329 2286 386 2318 τὰς
399 2285 424 2317 δ’
441 2285 470 2315 D
558 2295 579 2324 9
603 2287 643 2318 ὡς
656 2286 796 2316 alterum
812 2285 835 2316 S
851 2297 858 2316 :
882 2287 932 2318 καὶ
952 2288 991 2318 ὡς
1009 2285 1075 2324 FQ
1088 2285 1117 2315 D
1212 2295 1250 2315 10
1278 2287 1346 2316 ἐστι
1361 2283 1440 2315 secl.
1458 2283 1567 2314 Blass.

245 2340 318 2360 raro
336 2335 446 2359 tamen
465 2334 543 2368 post
560 2330 608 2361 ὅτι
626 2330 722 2360 deest
739 2329 860 2369 copula
952 2339 985 2359 11
1015 2329 1069 2370 ὡς]
1087 2327 1136 2361 ὅσ’
1156 2328 1270 2359 Naber·
1359 2338 1399 2366 24
1424 2341 1481 2359 του
1500 2326 1524 2357 S
1537 2326 1568 2365 Q

243 2384 316 2413 -yp,:
339 2383 405 2404 om.
423 2372 502 2410 FQ'
519 2373 549 2402 D
684 2384 723 2412 27
749 2374 911 2405 Ἀνακείου
929 2373 1047 2410 codd.;
1071 2373 1111 2403 cf.
1134 2372 1239 2402 Bekk.
1262 2371 1390 2402 Anecd.
1413 2381 1486 2401 212.
1510 2380 1566 2401 12:

245 2416 388 2448 Ἀνάκιον
406 2416 430 2447 Ι.
446 2415 485 2447 G.
506 2416 528 2446 ii
545 2417 611 2446 660
700 2418 749 2448 καὶ
767 2417 873 2449 ἄδικος
892 2416 916 2447 S
928 2426 1015 2446 corr.
1035 2416 1127 2454 vulg.
1143 2427 1150 2447 ε
1176 2417 1226 2447 καὶ
1244 2418 1329 2446 δικος
1347 2413 1385 2445 Sl
