1763 2778
166 129 267 185 Lvm]
539 133 697 171 ΚΑΤΑ
748 131 1115 170 ΘΕΟΚΡΙΝΟΎ
1514 122 1650 179 [1327]

166 234 382 286 Θεοκρίνης
408 232 668 284 ὡμολόγησεν
694 231 874 283 ὀφείλειν
898 230 963 271 καὶ
995 230 1189 270 ἐκτείσειν
1215 229 1394 269 ἐναντίον
1415 231 1493 268 τῶν

166 303 360 353 φυλετῶν,
388 299 521 349 ἐπειδὴ
552 299 792 351 προσιόντας
821 297 923 348 ἡμᾶς
951 295 1097 354 ιἤσθετο
1131 296 1192 336 καὶ
1222 295 1495 348 βουλομένους

165 367 388 419 ἀντίγραφα
412 370 490 407 τῶν
516 367 558 406 ἐν
583 369 635 420 τῷ
660 366 911 419 γραμματείῳ
938 363 1221 417 γεγραμμένων
1243 366 1405 413 λαβεῖν.

727 499 924 528 ΨΗΦῙΣΜΑ.

127 590 142 620 5
230 575 345 615 Πολύ
379 573 418 627 γ’
453 573 512 620 ἄν,
557 571 587 613 ὦ
622 573 761 625 ἄνδρες
797 573 1028 619 Λεωντίδαι,
1066 571 1155 614 τοὺς
1192 571 1496 624 ἀναγκάσαντας

165 643 378 683 ἀποδοῦναι
412 642 635 694 Θεοκρίνην
662 642 732 682 τὰς
765 641 868 682 ἑπτὰ
894 643 995 694 μνᾶς
1029 639 1242 696 ἐπῃνέσατ’
1267 639 1314 679 ἂν
1338 642 1496 690 μᾶλλον

164 705 187 760 ἢ
210 711 361 750 τοῦτον.

230 775 431 829 Τέταρτος
465 777 598 816 τοίνυν
633 776 752 826 νόμος
781 776 895 816 ἐστίν
925 772 1126 826 (ὁμολογῶ
1158 775 1236 826 γὰρ
1263 777 1344 815 τῶν
1372 773 1495 827 τούτῳ
1519 789 1564 824 19

165 842 455 896 πεπραγμένων
472 845 520 884 τὰ
540 846 713 883 πλεῖστα
739 840 982 892 ἐξητακέναι)
1003 840 1086 882 καθ’
1107 840 1151 881 δν
1171 840 1326 893 ὀφείλει
1352 857 1493 880 πεντα-

109 930 145 951 10
167 911 304 952 κοσίας
323 912 501 964 δραχμὰς
520 911 739 961 Θεοκρίνης
759 910 905 955 οὑτοσί,
928 909 997 949 οὐκ
1021 909 1283 949 ἐκτετεικότος
1308 907 1409 962 αὐτῷ
1430 910 1498 947 τοῦ

167 976 315 1030 πατρὸς
337 977 384 1020 ἃς
412 980 657 1030 προσῶφλεν
680 976 932 1028 ἀφελόμενος
964 975 1035 1026 τὴν
1062 975 1354 1028 Κηφισοδώρου
1381 973 1494 1026 θερά-

166 1061 308 1085 παιναν
335 1045 389 1086 εἷς
415 1045 652 1095 ἐλευθερίαν,
681 1044 787 1083 ἀλλὰ
812 1042 1115 1094 διοικησαμένου
1140 1046 1235 1094 πρὸς
1266 1040 1498 1092 Κτησικλέα

166 1111 234 1152 τὸν
258 1110 533 1165 λογογράφον,
560 1109 603 1153 ὃς
631 1109 678 1161 ἣν
704 1110 769 1151 ἐπὶ
794 1114 879 1152 τοῖς
910 1113 987 1150 τῶν
1013 1110 1221 1149 ἀντιδίκων
1253 1108 1496 1161 πράγμασιν,

167 1179 274 1220 ὥστε
311 1177 400 1230 μήτ’
439 1179 613 1218 ἐκτεῖσαι
650 1176 739 1229 μήτ’
779 1178 835 1219 εἷς
873 1177 1091 1229 ἀκρόπολιν
1129 1177 1402 1229 ἀνενεχθῆναι.
1455 1175 1499 1216 ἃς
1519 1192 1565 1217 20

108 1268 146 1300 15
167 1246 281 1286 οὐδὲν
303 1244 422 1296 ἣττον
452 1244 559 1296 οἶμαι
591 1245 809 1296 Θεοκρίνης
843 1244 999 1296 ὀφείλει
1024 1244 1108 1284 νυνὶ
1143 1245 1240 1283 κατὰ
1264 1242 1332 1283 τὸν
1362 1242 1498 1293 νόμον.

167 1312 214 1352 οὐ
231 1311 306 1365 γὰρ
326 1314 394 1353 ἐὰν
415 1314 642 1363 Κτησικλῆς
663 1313 683 1350 ὁ
702 1311 882 1362 μέτοικος
902 1309 1147 1367 συγχωρήσῃ
1173 1310 1310 1364 τούτῳ,
1331 1312 1502 1361 πονηρὸς

168 1383 338 1434 πονηρῷ,
364 1379 416 1430 μὴ
442 1381 710 1432 παραδοθῆναι
738 1382 821 1421 τοῖς
847 1377 1090 1431 πράκτορσιν
1118 1381 1185 1417 τὸν
1211 1376 1502 1429 προσοφλόντα

170 1448 268 1487 κατὰ
291 1446 360 1487 τὸν
385 1447 518 1497 νόμον,
546 1448 608 1486 διὰ
633 1449 746 1486 τοῦτο
773 1448 833 1486 δεῖ
861 1445 932 1495 τὴν
958 1446 1076 1486 πόλιν
1102 1445 1402 1496 ἀπεστερῆσθαι
1422 1447 1502 1484 τῶν
1521 1435 1660 1490 [1328]

170 1515 212 1554 ἐκ
232 1517 310 1554 τῶν
328 1514 459 1565 νόμων
477 1512 732 1564 ἐπικειμένων
752 1512 908 1563 ζημιῶν,
931 1513 1037 1551 ἀλλὰ
1061 1510 1254 1563 προσήκει
1277 1510 1367 1552 τοὺς
1393 1509 1499 1550 ἀντι-

110 1604 149 1627 20
169 1581 297 1622 δίκους
321 1581 418 1632 ὑπὲρ
444 1583 516 1632 μὲν
539 1584 617 1620 τῶν
644 1580 763 1625 ἰδίων,
790 1581 896 1621 ὅπως
924 1578 972 1619 ἂν
998 1578 1138 1620 αὐτοὺς
1171 1580 1377 1623 πείθωσιν,
1404 1580 1500 1618 διοι-

171 1649 325 1688 κεῖσθαι
362 1647 457 1700 πρὸς
494 1646 708 1698 ἀλλήλους,
747 1647 842 1698 ὑπὲρ
881 1648 922 1686 δὲ
960 1649 1038 1686 τῶν
1079 1648 1176 1697 πρὸς
1211 1644 1257 1685 τὸ
1292 1644 1499 1696 δημόσιον,

170 1716 274 1755 ὅπως
307 1714 355 1756 ἂν
378 1716 416 1755 οἱ
447 1714 563 1765 νόμοι
590 1714 820 1754 κελεύωσιν.
881 1711 949 1754 καί
972 1728 1041 1764 μοι
1071 1712 1169 1765 λέγε
1196 1712 1265 1752 τόν
1293 1729 1337 1752 τε
1366 1712 1500 1763 νόμον,
1523 1730 1563 1754 21

171 1780 213 1824 ὃς
237 1781 388 1822 κελεύει
412 1780 457 1821 τὸ
481 1781 603 1832 ἥμισυ
629 1783 699 1821 τοῦ
725 1778 942 1831 τιμήματος
974 1780 1155 1833 ὀφείλειν
1179 1783 1232 1834 τῷ
1258 1779 1435 1834 δημοσίῳ
1459 1776 1503 1820 ὃς

170 1848 219 1889 ἂν
243 1847 338 1905 δόξῃ
362 1848 415 1900 μὴ
453 1850 610 1889 δικαίως
643 1849 698 1889 εἷς
727 1847 800 1898 τὴν
826 1847 1051 1900 ἐλευθερίαν
1077 1846 1315 1900 ἀφελέσθαι,
1344 1845 1409 1887 καὶ
1430 1844 1502 1896 τὴν

111 1938 148 1970 25
169 1919 237 1956 τοῦ
263 1915 554 1968 Κηφισοδώρου
573 1915 799 1967 μαρτυρίαν.

626 2031 783 2061 ΝΟΜΟΣ.
834 2032 1044 2059 ΜΑΡΤΎΡΙΑ.

237 2105 342 2159 Λέγε
378 2106 424 2157 δὴ
459 2107 639 2147 κάκεῖνον
667 2106 734 2146 τὸν
768 2106 889 2157 νόμον
919 2106 988 2147 τὸν
1015 2104 1082 2147 ἀπ’
1106 2105 1257 2155 ἐκείνης
1291 2105 1502 2145 κελεύοντα

220 2227 233 2247 1
262 2216 476 2249 ἐκτείσεινδῑ
501 2218 640 2248 ἐκτίσειν
655 2217 743 2255 vulg.
851 2225 871 2245 2
896 2216 976 2256 ἡμᾶς
986 2214 1093 2247 om.A
1193 2226 1212 2253 4
1236 2218 1423 2247 ΨΗΦΙΣΜΑ
1437 2210 1459 2245 ᾗ
1478 2212 1502 2244 S

174 2269 194 2299 5
217 2261 388 2292 Λεωντίδαι
408 2260 528 2299 scripsi
544 2271 551 2290 :
586 2262 742 2298 Ἀθηναῖοι
758 2261 934 2291 Λεωντίδας
950 2260 1044 2291 codd.
1180 2258 1396 2288 manifestum
1416 2262 1466 2286 est
1484 2267 1503 2287 a

175 2303 349 2334 Leontidis
365 2304 592 2334 Theocrinem
610 2314 684 2334 esse
702 2304 936 2334 collaudatum.
986 2303 1118 2333 insolita
1137 2312 1220 2332 sane
1242 2301 1404 2331 eiusmodi
1423 2310 1502 2338 apo-

173 2348 329 2386 strophe;
354 2348 414 2378 sed
435 2347 474 2378 cf.
493 2347 516 2378 ὦ
540 2347 729 2388 Μοιρόκλεις
753 2348 850 2384 §562
876 2347 1043 2385 Ἀθηναῖοι,
1066 2346 1235 2377 Λεωντίδαι
1260 2345 1340 2384 ἡμᾶς
1364 2349 1398 2374 et
1423 2353 1503 2373 mox

174 2391 333 2433 ἐτι-ᾔνεσαν
347 2390 524 2421 Thalheim
590 2391 610 2420 8
634 2390 728 2429 νόμος
745 2390 790 2420 S:
823 2389 929 2430 ἕτερος
946 2390 1040 2429 νόμος
1056 2389 1146 2427 vulg.
1220 2398 1258 2417 10
1283 2386 1502 2419 ἐκτετεικότος

175 2434 223 2465 S:
247 2436 384 2466 ἐκτετικ,
397 2434 485 2473 vulg.
602 2443 637 2463 11
666 2432 930 2474 ΚηφισοδότουΑ
1067 2442 1104 2470 15
1129 2431 1221 2463 οὐδὲν
1235 2430 1362 2460 Reiske
1379 2441 1386 2461 ε
1411 2429 1503 2462 οὐδὲν

172 2476 232 2517 μὲν
246 2477 343 2508 codd.
467 2487 507 2516 19
530 2477 617 2509 ἀλλὰ
633 2478 682 2508 καὶ
699 2490 750 2517 πρ.
768 2475 801 2506 Α
911 2486 952 2506 22
975 2475 1032 2508 τόν
1047 2489 1084 2507 τε
1099 2474 1131 2504 Α
1146 2486 1153 2505 :
1176 2475 1233 2506 τὸν
1249 2478 1327 2505 cett.
