<?xml version="1.0" encoding="UTF-8"?>
<!DOCTYPE html PUBLIC "-//W3C//DTD XHTML 1.0 Transitional//EN"
    "http://www.w3.org/TR/xhtml1/DTD/xhtml1-transitional.dtd">
<html xmlns="http://www.w3.org/1999/xhtml" xml:lang="en" lang="en">
 <head>
  <title>
</title>
<meta http-equiv="Content-Type" content="text/html;charset=utf-8" />
  <meta name='ocr-system' content='tesseract 3.04.00' />
  <meta name='ocr-capabilities' content='ocr_page ocr_carea ocr_par ocr_line ocrx_word'/>
</head>
<body>
  <div class='ocr_page' id='page_1' title='image "./orationesrecog03demouoft_0301.png"; bbox 0 0 1763 2778; ppageno 0'>
   <div class='ocr_carea' id='block_1_1' title="bbox 177 112 1669 181">
    <p class='ocr_par' dir='ltr' id='par_1_1' title="bbox 177 112 1669 181">
     <span class='ocr_line' id='line_1_1' title="bbox 177 112 1669 181; baseline 0.002 -17"><span class='ocrx_word' id='word_1_1' title='bbox 177 125 281 181; x_wconf 73' lang='lat' dir='ltr'>mn]</span> <span class='ocrx_word' id='word_1_2' title='bbox 555 128 717 166; x_wconf 73' lang='lat' dir='ltr'><strong>RATA</strong></span> <span class='ocrx_word' id='word_1_3' title='bbox 765 126 1134 165; x_wconf 76' lang='grc' dir='ltr'>ΘΕΟΚΡΙΝΟΎ·</span> <span class='ocrx_word' id='word_1_4' title='bbox 1526 112 1669 167; x_wconf 85' lang='lat'><strong>[1329]</strong></span> 
     </span>
    </p>
   </div>
   <div class='ocr_carea' id='block_1_2' title="bbox 117 222 1668 2431">
    <p class='ocr_par' dir='ltr' id='par_1_2' title="bbox 176 222 1569 480">
     <span class='ocr_line' id='line_1_2' title="bbox 177 222 1502 276; baseline -0.003 -9"><span class='ocrx_word' id='word_1_5' title='bbox 177 245 255 269; x_wconf 89' lang='grc' dir='ltr'>σιν.</span> <span class='ocrx_word' id='word_1_6' title='bbox 315 228 369 268; x_wconf 81' lang='grc' dir='ltr'>ὧν</span> <span class='ocrx_word' id='word_1_7' title='bbox 395 226 520 268; x_wconf 85' lang='grc' dir='ltr'>οὐδεὶς</span> <span class='ocrx_word' id='word_1_8' title='bbox 545 226 591 267; x_wconf 79' lang='grc' dir='ltr'>ἂν</span> <span class='ocrx_word' id='word_1_9' title='bbox 617 224 742 276; x_wconf 84' lang='grc' dir='ltr'>δήπου</span> <span class='ocrx_word' id='word_1_10' title='bbox 767 226 989 276; x_wconf 73' lang='grc' dir='ltr'>Θεοκρίνην</span> <span class='ocrx_word' id='word_1_11' title='bbox 1014 224 1168 264; x_wconf 85' lang='grc' dir='ltr'>τουτονὶ</span> <span class='ocrx_word' id='word_1_12' title='bbox 1198 222 1367 276; x_wconf 83' lang='grc' dir='ltr'>φήσειεν</span> <span class='ocrx_word' id='word_1_13' title='bbox 1392 223 1502 269; x_wconf 83' lang='grc' dir='ltr'>εῖναι,</span> 
     </span>
     <span class='ocr_line' id='line_1_3' title="bbox 177 290 1569 342; baseline -0.005 -5"><span class='ocrx_word' id='word_1_14' title='bbox 177 296 283 337; x_wconf 79' lang='grc' dir='ltr'>ἀλλὰ</span> <span class='ocrx_word' id='word_1_15' title='bbox 314 295 542 335; x_wconf 83' lang='grc' dir='ltr'>τούναντίον</span> <span class='ocrx_word' id='word_1_16' title='bbox 574 293 732 335; x_wconf 85' lang='grc' dir='ltr'>οὐδενὸς</span> <span class='ocrx_word' id='word_1_17' title='bbox 761 297 838 333; x_wconf 91' lang='grc' dir='ltr'>τῶν</span> <span class='ocrx_word' id='word_1_18' title='bbox 865 294 906 332; x_wconf 86' lang='grc' dir='ltr'>ἐν</span> <span class='ocrx_word' id='word_1_19' title='bbox 932 296 1013 334; x_wconf 87' lang='grc' dir='ltr'>τοῖς</span> <span class='ocrx_word' id='word_1_20' title='bbox 1046 292 1183 342; x_wconf 87' lang='grc' dir='ltr'>νόμοις</span> <span class='ocrx_word' id='word_1_21' title='bbox 1210 290 1386 342; x_wconf 80' lang='grc' dir='ltr'>ἄπειρον.</span> <span class='ocrx_word' id='word_1_22' title='bbox 1447 290 1505 330; x_wconf 84' lang='grc' dir='ltr'>διὸ</span> <span class='ocrx_word' id='word_1_23' title='bbox 1526 304 1569 340; x_wconf 82' lang='grc'>25</span> 
     </span>
     <span class='ocr_line' id='line_1_4' title="bbox 178 358 1505 415; baseline -0.005 -13"><span class='ocrx_word' id='word_1_24' title='bbox 178 363 240 403; x_wconf 89' lang='grc' dir='ltr'>καὶ</span> <span class='ocrx_word' id='word_1_25' title='bbox 266 364 326 402; x_wconf 89' lang='grc' dir='ltr'>δεῖ</span> <span class='ocrx_word' id='word_1_26' title='bbox 353 360 569 415; x_wconf 84' lang='grc' dir='ltr'>φυλάττειν</span> <span class='ocrx_word' id='word_1_27' title='bbox 602 361 733 406; x_wconf 82' lang='grc' dir='ltr'>αὐτόν,</span> <span class='ocrx_word' id='word_1_28' title='bbox 760 359 812 411; x_wconf 78' lang='grc' dir='ltr'>μὴ</span> <span class='ocrx_word' id='word_1_29' title='bbox 844 359 939 411; x_wconf 86' lang='grc' dir='ltr'>πρὸς</span> <span class='ocrx_word' id='word_1_30' title='bbox 974 359 1064 401; x_wconf 79' lang='grc' dir='ltr'>τοὺς</span> <span class='ocrx_word' id='word_1_31' title='bbox 1098 358 1213 409; x_wconf 84' lang='grc' dir='ltr'>ἐμοὺς</span> <span class='ocrx_word' id='word_1_32' title='bbox 1239 358 1385 409; x_wconf 81' lang='grc' dir='ltr'>λόγους</span> <span class='ocrx_word' id='word_1_33' title='bbox 1409 360 1505 408; x_wconf 84' lang='grc' dir='ltr'>μηδὲ</span> 
     </span>
     <span class='ocr_line' id='line_1_5' title="bbox 176 425 1506 480; baseline -0.005 -10"><span class='ocrx_word' id='word_1_34' title='bbox 176 429 266 471; x_wconf 86' lang='grc' dir='ltr'>τοὺς</span> <span class='ocrx_word' id='word_1_35' title='bbox 284 428 360 469; x_wconf 83' lang='grc' dir='ltr'>ὑπὸ</span> <span class='ocrx_word' id='word_1_36' title='bbox 379 429 516 469; x_wconf 91' lang='grc' dir='ltr'>τούτου</span> <span class='ocrx_word' id='word_1_37' title='bbox 530 426 824 480; x_wconf 85' lang='grc' dir='ltr'>ῥηθησομένους</span> <span class='ocrx_word' id='word_1_38' title='bbox 840 425 1160 477; x_wconf 79' lang='grc' dir='ltr'>ἀποβλέποντας.</span> <span class='ocrx_word' id='word_1_39' title='bbox 1204 425 1247 465; x_wconf 77' lang='grc' dir='ltr'>οὐ</span> <span class='ocrx_word' id='word_1_40' title='bbox 1264 426 1338 478; x_wconf 76' lang='grc' dir='ltr'>γὰρ</span> <span class='ocrx_word' id='word_1_41' title='bbox 1357 426 1506 464; x_wconf 90' lang='grc' dir='ltr'>δίκαιον</span> 
     </span>
    </p>

    <p class='ocr_par' dir='ltr' id='par_1_3' title="bbox 138 493 1510 817">
     <span class='ocr_line' id='line_1_6' title="bbox 138 493 1503 548; baseline -0.005 -11"><span class='ocrx_word' id='word_1_42' title='bbox 138 514 154 544; x_wconf 83' lang='lat'>5</span> <span class='ocrx_word' id='word_1_43' title='bbox 175 497 265 538; x_wconf 89' lang='grc' dir='ltr'>τοὺς</span> <span class='ocrx_word' id='word_1_44' title='bbox 289 497 385 548; x_wconf 81' lang='grc' dir='ltr'>ὑπὲρ</span> <span class='ocrx_word' id='word_1_45' title='bbox 409 499 485 536; x_wconf 92' lang='grc' dir='ltr'>τῶν</span> <span class='ocrx_word' id='word_1_46' title='bbox 510 496 641 546; x_wconf 90' lang='grc' dir='ltr'>νόμων</span> <span class='ocrx_word' id='word_1_47' title='bbox 665 493 904 544; x_wconf 84' lang='grc' dir='ltr'>καθημένους</span> <span class='ocrx_word' id='word_1_48' title='bbox 929 497 1091 545; x_wconf 81' lang='grc' dir='ltr'>μακροῖς</span> <span class='ocrx_word' id='word_1_49' title='bbox 1123 493 1261 545; x_wconf 83' lang='grc' dir='ltr'>λόγοις</span> <span class='ocrx_word' id='word_1_50' title='bbox 1291 493 1354 533; x_wconf 85' lang='grc' dir='ltr'>καὶ</span> <span class='ocrx_word' id='word_1_51' title='bbox 1389 508 1503 542; x_wconf 87' lang='grc' dir='ltr'>κατη-</span> 
     </span>
     <span class='ocr_line' id='line_1_7' title="bbox 176 557 1504 616; baseline -0.005 -13"><span class='ocrx_word' id='word_1_52' title='bbox 176 564 326 616; x_wconf 89' lang='grc' dir='ltr'>γορίαις</span> <span class='ocrx_word' id='word_1_53' title='bbox 351 561 578 615; x_wconf 80' lang='grc' dir='ltr'>προσέχειν,</span> <span class='ocrx_word' id='word_1_54' title='bbox 607 561 700 601; x_wconf 80' lang='grc' dir='ltr'>ἀλλ’</span> <span class='ocrx_word' id='word_1_55' title='bbox 727 562 783 602; x_wconf 79' lang='grc' dir='ltr'>οῖς</span> <span class='ocrx_word' id='word_1_56' title='bbox 808 560 856 601; x_wconf 77' lang='grc' dir='ltr'>ἂν</span> <span class='ocrx_word' id='word_1_57' title='bbox 876 560 1046 602; x_wconf 79' lang='grc' dir='ltr'>ἅπαντες</span> <span class='ocrx_word' id='word_1_58' title='bbox 1068 561 1210 614; x_wconf 79' lang='grc' dir='ltr'>ῥᾳδίως</span> <span class='ocrx_word' id='word_1_59' title='bbox 1236 557 1504 609; x_wconf 83' lang='grc' dir='ltr'>ἐπακολουθή-</span> 
     </span>
     <span class='ocr_line' id='line_1_8' title="bbox 177 626 1506 684; baseline -0.004 -14"><span class='ocrx_word' id='word_1_60' title='bbox 177 648 302 677; x_wconf 89' lang='grc' dir='ltr'>σαιτε,</span> <span class='ocrx_word' id='word_1_61' title='bbox 339 631 400 671; x_wconf 85' lang='grc' dir='ltr'>καὶ</span> <span class='ocrx_word' id='word_1_62' title='bbox 432 629 481 671; x_wconf 87' lang='grc' dir='ltr'>δι’</span> <span class='ocrx_word' id='word_1_63' title='bbox 505 630 559 670; x_wconf 79' lang='grc' dir='ltr'>ὧν</span> <span class='ocrx_word' id='word_1_64' title='bbox 585 628 719 679; x_wconf 77' lang='grc' dir='ltr'>δόξετε</span> <span class='ocrx_word' id='word_1_65' title='bbox 752 631 854 669; x_wconf 78' lang='grc' dir='ltr'>πᾶσι</span> <span class='ocrx_word' id='word_1_66' title='bbox 885 632 967 669; x_wconf 87' lang='grc' dir='ltr'>τοῖς</span> <span class='ocrx_word' id='word_1_67' title='bbox 995 629 1038 667; x_wconf 92' lang='grc' dir='ltr'>ἐν</span> <span class='ocrx_word' id='word_1_68' title='bbox 1063 632 1110 684; x_wconf 80' lang='grc' dir='ltr'>τῇ</span> <span class='ocrx_word' id='word_1_69' title='bbox 1134 627 1250 668; x_wconf 89' lang='grc' dir='ltr'>πόλει</span> <span class='ocrx_word' id='word_1_70' title='bbox 1275 630 1352 666; x_wconf 86' lang='grc' dir='ltr'>τῶν</span> <span class='ocrx_word' id='word_1_71' title='bbox 1376 626 1506 677; x_wconf 89' lang='grc' dir='ltr'>νόμων</span> 
     </span>
     <span class='ocr_line' id='line_1_9' title="bbox 176 693 1510 749; baseline -0.004 -11"><span class='ocrx_word' id='word_1_72' title='bbox 176 697 294 749; x_wconf 79' lang='grc' dir='ltr'>ἀξίως</span> <span class='ocrx_word' id='word_1_73' title='bbox 328 697 474 747; x_wconf 89' lang='grc' dir='ltr'>ταύτην</span> <span class='ocrx_word' id='word_1_74' title='bbox 506 696 578 747; x_wconf 79' lang='grc' dir='ltr'>τὴν</span> <span class='ocrx_word' id='word_1_75' title='bbox 611 694 775 746; x_wconf 82' lang='grc' dir='ltr'>ἔνδειξιν</span> <span class='ocrx_word' id='word_1_76' title='bbox 807 695 980 741; x_wconf 83' lang='grc' dir='ltr'>δικάσαι,</span> <span class='ocrx_word' id='word_1_77' title='bbox 1016 698 1158 747; x_wconf 84' lang='grc' dir='ltr'>σαφῶς</span> <span class='ocrx_word' id='word_1_78' title='bbox 1190 695 1417 746; x_wconf 84' lang='grc' dir='ltr'>ἐρωτῶντας</span> <span class='ocrx_word' id='word_1_79' title='bbox 1443 693 1510 734; x_wconf 65' lang='grc' dir='ltr'>’τί</span> 
     </span>
     <span class='ocr_line' id='line_1_10' title="bbox 175 760 1504 817; baseline -0.002 -12"><span class='ocrx_word' id='word_1_80' title='bbox 175 765 321 817; x_wconf 87' lang='grc' dir='ltr'>λέγεις,</span> <span class='ocrx_word' id='word_1_81' title='bbox 343 764 538 817; x_wconf 85' lang='grc' dir='ltr'>Θεοκρίνη</span> <span class='ocrx_word' id='word_1_82' title='bbox 560 763 623 804; x_wconf 88' lang='grc' dir='ltr'>καὶ</span> <span class='ocrx_word' id='word_1_83' title='bbox 650 762 792 804; x_wconf 82' lang='grc' dir='ltr'>πάντες</span> <span class='ocrx_word' id='word_1_84' title='bbox 812 764 849 803; x_wconf 86' lang='grc' dir='ltr'>οἱ</span> <span class='ocrx_word' id='word_1_85' title='bbox 867 766 945 802; x_wconf 91' lang='grc' dir='ltr'>τῶν</span> <span class='ocrx_word' id='word_1_86' title='bbox 964 761 1090 803; x_wconf 80' lang='grc' dir='ltr'>αὐτῶν</span> <span class='ocrx_word' id='word_1_87' title='bbox 1109 762 1231 816; x_wconf 75' lang='grc' dir='ltr'>τούτῳ</span> <span class='ocrx_word' id='word_1_88' title='bbox 1251 760 1484 815; x_wconf 79' lang='grc' dir='ltr'>μετέχοντες</span> <span class='ocrx_word' id='word_1_89' title='bbox 1492 777 1504 807; x_wconf 88' lang='lat'><em>;</em></span> 
     </span>
    </p>

    <p class='ocr_par' dir='ltr' id='par_1_4' title="bbox 118 828 1573 1153">
     <span class='ocr_line' id='line_1_11' title="bbox 118 828 1507 883; baseline -0.004 -11"><span class='ocrx_word' id='word_1_90' title='bbox 118 854 156 876; x_wconf 86' lang='lat'>10</span> <span class='ocrx_word' id='word_1_91' title='bbox 176 831 323 883; x_wconf 81' lang='grc' dir='ltr'>ἀξιοῦθ’</span> <span class='ocrx_word' id='word_1_92' title='bbox 347 831 461 883; x_wconf 78' lang='grc' dir='ltr'>ἡμᾶς,</span> <span class='ocrx_word' id='word_1_93' title='bbox 489 832 584 872; x_wconf 80' lang='grc' dir='ltr'>κατὰ</span> <span class='ocrx_word' id='word_1_94' title='bbox 608 830 698 872; x_wconf 83' lang='grc' dir='ltr'>τοὺς</span> <span class='ocrx_word' id='word_1_95' title='bbox 727 831 871 882; x_wconf 89' lang='grc' dir='ltr'>νόμους</span> <span class='ocrx_word' id='word_1_96' title='bbox 897 830 1152 880; x_wconf 87' lang='grc' dir='ltr'>ὀμωμοκότας</span> <span class='ocrx_word' id='word_1_97' title='bbox 1185 828 1373 875; x_wconf 84' lang='grc' dir='ltr'>δικάσειν,</span> <span class='ocrx_word' id='word_1_98' title='bbox 1400 829 1507 880; x_wconf 79' lang='grc' dir='ltr'>παρὰ</span> 
     </span>
     <span class='ocr_line' id='line_1_12' title="bbox 174 897 1573 950; baseline -0.004 -10"><span class='ocrx_word' id='word_1_99' title='bbox 174 899 334 942; x_wconf 87' lang='grc' dir='ltr'>τούτους</span> <span class='ocrx_word' id='word_1_100' title='bbox 359 900 422 940; x_wconf 79' lang='grc' dir='ltr'>διὰ</span> <span class='ocrx_word' id='word_1_101' title='bbox 443 898 534 941; x_wconf 85' lang='grc' dir='ltr'>τοὺς</span> <span class='ocrx_word' id='word_1_102' title='bbox 556 897 765 950; x_wconf 87' lang='grc' dir='ltr'>ὑμετέρους</span> <span class='ocrx_word' id='word_1_103' title='bbox 787 898 933 950; x_wconf 87' lang='grc' dir='ltr'>λόγους</span> <span class='ocrx_word' id='word_1_104' title='bbox 957 897 1227 949; x_wconf 74' lang='grc' dir='ltr'>ψηφίζεσθαι;</span> <span class='ocrx_word' id='word_1_105' title='bbox 1265 912 1505 948; x_wconf 89' lang='grc' dir='ltr'>μεμαρτυρη-</span> <span class='ocrx_word' id='word_1_106' title='bbox 1527 908 1573 942; x_wconf 83' lang='lat'>26</span> 
     </span>
     <span class='ocr_line' id='line_1_13' title="bbox 177 962 1507 1018; baseline -0.004 -11"><span class='ocrx_word' id='word_1_107' title='bbox 177 966 290 1008; x_wconf 86' lang='grc' dir='ltr'>κότος</span> <span class='ocrx_word' id='word_1_108' title='bbox 312 968 387 1018; x_wconf 81' lang='grc' dir='ltr'>μὲν</span> <span class='ocrx_word' id='word_1_109' title='bbox 407 965 502 1018; x_wconf 86' lang='grc' dir='ltr'>ἡμῖν</span> <span class='ocrx_word' id='word_1_110' title='bbox 524 969 595 1006; x_wconf 80' lang='grc' dir='ltr'>τοῦ</span> <span class='ocrx_word' id='word_1_111' title='bbox 619 966 818 1011; x_wconf 84' lang='grc' dir='ltr'>Μίκωνος,</span> <span class='ocrx_word' id='word_1_112' title='bbox 846 964 930 1004; x_wconf 91' lang='grc' dir='ltr'>καθ’</span> <span class='ocrx_word' id='word_1_113' title='bbox 951 964 995 1004; x_wconf 82' lang='grc' dir='ltr'>οὗ</span> <span class='ocrx_word' id='word_1_114' title='bbox 1019 964 1109 1005; x_wconf 86' lang='grc' dir='ltr'>δοὺς</span> <span class='ocrx_word' id='word_1_115' title='bbox 1136 963 1352 1015; x_wconf 84' lang='grc' dir='ltr'>Θεοκρίνης</span> <span class='ocrx_word' id='word_1_116' title='bbox 1371 962 1507 1002; x_wconf 85' lang='grc' dir='ltr'>οὑτοσὶ</span> 
     </span>
     <span class='ocr_line' id='line_1_14' title="bbox 175 1030 1505 1087; baseline -0.005 -12"><span class='ocrx_word' id='word_1_117' title='bbox 175 1033 248 1085; x_wconf 76' lang='grc' dir='ltr'>τὴν</span> <span class='ocrx_word' id='word_1_118' title='bbox 272 1032 399 1087; x_wconf 86' lang='grc' dir='ltr'>φάσιν</span> <span class='ocrx_word' id='word_1_119' title='bbox 425 1033 494 1072; x_wconf 87' lang='grc' dir='ltr'>οὐκ</span> <span class='ocrx_word' id='word_1_120' title='bbox 518 1031 728 1083; x_wconf 83' lang='grc' dir='ltr'>ἐπεξῆλθε,</span> <span class='ocrx_word' id='word_1_121' title='bbox 750 1033 813 1072; x_wconf 81' lang='grc' dir='ltr'>καὶ</span> <span class='ocrx_word' id='word_1_122' title='bbox 833 1031 1093 1082; x_wconf 85' lang='grc' dir='ltr'>πεποιηκότος</span> <span class='ocrx_word' id='word_1_123' title='bbox 1112 1030 1228 1071; x_wconf 83' lang='grc' dir='ltr'>αὑτὸν</span> <span class='ocrx_word' id='word_1_124' title='bbox 1244 1030 1396 1071; x_wconf 87' lang='grc' dir='ltr'>τούτοις</span> <span class='ocrx_word' id='word_1_125' title='bbox 1411 1030 1505 1070; x_wconf 83' lang='grc' dir='ltr'>ὑπό-</span> 
     </span>
     <span class='ocr_line' id='line_1_15' title="bbox 176 1096 1507 1153; baseline -0.004 -11"><span class='ocrx_word' id='word_1_126' title='bbox 176 1104 296 1152; x_wconf 81' lang='grc' dir='ltr'>δικον,</span> <span class='ocrx_word' id='word_1_127' title='bbox 322 1101 612 1153; x_wconf 83' lang='grc' dir='ltr'>ὁμολογοῦντος</span> <span class='ocrx_word' id='word_1_128' title='bbox 645 1102 686 1140; x_wconf 81' lang='grc' dir='ltr'>δὲ</span> <span class='ocrx_word' id='word_1_129' title='bbox 717 1103 787 1139; x_wconf 83' lang='grc' dir='ltr'>τοῦ</span> <span class='ocrx_word' id='word_1_130' title='bbox 815 1097 1073 1152; x_wconf 85' lang='grc' dir='ltr'>γραμματέως</span> <span class='ocrx_word' id='word_1_131' title='bbox 1105 1101 1250 1149; x_wconf 79' lang='grc' dir='ltr'>λαβεῖν</span> <span class='ocrx_word' id='word_1_132' title='bbox 1279 1097 1350 1144; x_wconf 76' lang='grc' dir='ltr'>τὴν</span> <span class='ocrx_word' id='word_1_133' title='bbox 1380 1096 1507 1150; x_wconf 87' lang='grc' dir='ltr'>φάσιν</span> 
     </span>
    </p>

    <p class='ocr_par' dir='ltr' id='par_1_5' title="bbox 119 1165 1668 1488">
     <span class='ocr_line' id='line_1_16' title="bbox 119 1165 1668 1220; baseline -0.003 -10"><span class='ocrx_word' id='word_1_134' title='bbox 119 1188 155 1219; x_wconf 86' lang='lat'>15</span> <span class='ocrx_word' id='word_1_135' title='bbox 176 1170 280 1220; x_wconf 79' lang='grc' dir='ltr'>παρὰ</span> <span class='ocrx_word' id='word_1_136' title='bbox 304 1168 454 1213; x_wconf 90' lang='grc' dir='ltr'>τούτου,</span> <span class='ocrx_word' id='word_1_137' title='bbox 483 1168 546 1208; x_wconf 84' lang='grc' dir='ltr'>καὶ</span> <span class='ocrx_word' id='word_1_138' title='bbox 578 1167 836 1217; x_wconf 87' lang='grc' dir='ltr'>πεποιηκυίας</span> <span class='ocrx_word' id='word_1_139' title='bbox 866 1168 935 1216; x_wconf 87' lang='grc' dir='ltr'>τῆς</span> <span class='ocrx_word' id='word_1_140' title='bbox 966 1167 1179 1218; x_wconf 87' lang='grc' dir='ltr'>μαρτυρίας</span> <span class='ocrx_word' id='word_1_141' title='bbox 1212 1168 1281 1216; x_wconf 79' lang='grc' dir='ltr'>τῆς</span> <span class='ocrx_word' id='word_1_142' title='bbox 1310 1165 1449 1217; x_wconf 86' lang='grc' dir='ltr'>ὀλίγον</span> <span class='ocrx_word' id='word_1_143' title='bbox 1471 1181 1507 1204; x_wconf 81' lang='grc' dir='ltr'>τι</span> <span class='ocrx_word' id='word_1_144' title='bbox 1529 1166 1668 1220; x_wconf 84' lang='lat'><strong>[1330]</strong></span> 
     </span>
     <span class='ocr_line' id='line_1_17' title="bbox 177 1232 1508 1288; baseline -0.004 -13"><span class='ocrx_word' id='word_1_145' title='bbox 177 1235 367 1288; x_wconf 89' lang='grc' dir='ltr'>πρότερον</span> <span class='ocrx_word' id='word_1_146' title='bbox 399 1234 725 1287; x_wconf 80' lang='grc' dir='ltr'>ἀναγνωσθείσης</span> <span class='ocrx_word' id='word_1_147' title='bbox 762 1232 879 1273; x_wconf 82' lang='grc' dir='ltr'>αὐτὸν</span> <span class='ocrx_word' id='word_1_148' title='bbox 914 1234 1119 1278; x_wconf 85' lang='grc' dir='ltr'>ὑπόδικον;</span> <span class='ocrx_word' id='word_1_149' title='bbox 1159 1233 1214 1272; x_wconf 82' lang='grc' dir='ltr'>ἔτι</span> <span class='ocrx_word' id='word_1_150' title='bbox 1251 1234 1292 1272; x_wconf 79' lang='grc' dir='ltr'>δὲ</span> <span class='ocrx_word' id='word_1_151' title='bbox 1329 1235 1406 1272; x_wconf 90' lang='grc' dir='ltr'>τῶν</span> <span class='ocrx_word' id='word_1_152' title='bbox 1441 1234 1508 1271; x_wconf 86' lang='grc' dir='ltr'>τοῦ</span> 
     </span>
     <span class='ocr_line' id='line_1_18' title="bbox 175 1298 1507 1353; baseline -0.002 -11"><span class='ocrx_word' id='word_1_153' title='bbox 175 1302 360 1353; x_wconf 82' lang='grc' dir='ltr'>ἐμπορίου</span> <span class='ocrx_word' id='word_1_154' title='bbox 400 1302 648 1352; x_wconf 79' lang='grc' dir='ltr'>ἐπιμελητῶν</span> <span class='ocrx_word' id='word_1_155' title='bbox 688 1301 804 1352; x_wconf 90' lang='grc' dir='ltr'>μόλις</span> <span class='ocrx_word' id='word_1_156' title='bbox 838 1300 924 1351; x_wconf 86' lang='grc' dir='ltr'>μέν,</span> <span class='ocrx_word' id='word_1_157' title='bbox 963 1300 1054 1340; x_wconf 84' lang='grc' dir='ltr'>ἀλλ’</span> <span class='ocrx_word' id='word_1_158' title='bbox 1091 1301 1159 1340; x_wconf 70' lang='grc' dir='ltr'>οὖν</span> <span class='ocrx_word' id='word_1_159' title='bbox 1197 1298 1319 1339; x_wconf 77' lang='grc' dir='ltr'>ταύτὰ</span> <span class='ocrx_word' id='word_1_160' title='bbox 1355 1298 1507 1340; x_wconf 80' lang='grc' dir='ltr'>τούτοις</span> 
     </span>
     <span class='ocr_line' id='line_1_19' title="bbox 174 1365 1507 1421; baseline -0.003 -12"><span class='ocrx_word' id='word_1_161' title='bbox 174 1369 544 1421; x_wconf 84' lang='grc' dir='ltr'>μεμαρτυρηκότων,·</span> <span class='ocrx_word' id='word_1_162' title='bbox 585 1367 682 1420; x_wconf 83' lang='grc' dir='ltr'>πρὸς</span> <span class='ocrx_word' id='word_1_163' title='bbox 717 1370 759 1409; x_wconf 82' lang='grc' dir='ltr'>δὲ</span> <span class='ocrx_word' id='word_1_164' title='bbox 789 1369 939 1409; x_wconf 83' lang='grc' dir='ltr'>τούτοις</span> <span class='ocrx_word' id='word_1_165' title='bbox 975 1371 1052 1408; x_wconf 90' lang='grc' dir='ltr'>τῶν</span> <span class='ocrx_word' id='word_1_166' title='bbox 1091 1367 1253 1407; x_wconf 86' lang='grc' dir='ltr'>ἰδόντων</span> <span class='ocrx_word' id='word_1_167' title='bbox 1282 1365 1507 1416; x_wconf 85' lang='grc' dir='ltr'>ἐκκειμένην</span> 
     </span>
     <span class='ocr_line' id='line_1_20' title="bbox 175 1433 1503 1488; baseline -0.003 -12"><span class='ocrx_word' id='word_1_168' title='bbox 175 1436 247 1486; x_wconf 81' lang='grc' dir='ltr'>τὴν</span> <span class='ocrx_word' id='word_1_169' title='bbox 283 1435 410 1488; x_wconf 85' lang='grc' dir='ltr'>φάσιν</span> <span class='ocrx_word' id='word_1_170' title='bbox 440 1436 503 1476; x_wconf 87' lang='grc' dir='ltr'>καὶ</span> <span class='ocrx_word' id='word_1_171' title='bbox 535 1436 844 1487; x_wconf 85' lang='grc' dir='ltr'>προσελθόντων</span> <span class='ocrx_word' id='word_1_172' title='bbox 875 1437 958 1476; x_wconf 87' lang='grc' dir='ltr'>τοῖς</span> <span class='ocrx_word' id='word_1_173' title='bbox 990 1434 1160 1487; x_wconf 76' lang='grc' dir='ltr'>ἄρχουσι</span> <span class='ocrx_word' id='word_1_174' title='bbox 1193 1433 1503 1486; x_wconf 80' lang='grc' dir='ltr'>μαρτυρούντων,</span> 
     </span>
    </p>

    <p class='ocr_par' dir='ltr' id='par_1_6' title="bbox 117 1498 1507 1611">
     <span class='ocr_line' id='line_1_21' title="bbox 117 1498 1507 1556; baseline -0.005 -10"><span class='ocrx_word' id='word_1_175' title='bbox 117 1525 155 1546; x_wconf 81' lang='lat'>20</span> <span class='ocrx_word' id='word_1_176' title='bbox 175 1503 310 1556; x_wconf 83' lang='grc' dir='ltr'>ὥσπερ</span> <span class='ocrx_word' id='word_1_177' title='bbox 328 1504 468 1556; x_wconf 86' lang='grc' dir='ltr'>ὀλίγον</span> <span class='ocrx_word' id='word_1_178' title='bbox 487 1504 678 1556; x_wconf 87' lang='grc' dir='ltr'>πρότερον</span> <span class='ocrx_word' id='word_1_179' title='bbox 698 1501 933 1553; x_wconf 82' lang='grc' dir='ltr'>ἠκούσατε,·’</span> <span class='ocrx_word' id='word_1_180' title='bbox 961 1501 1053 1541; x_wconf 81' lang='grc' dir='ltr'>ἀλλ’</span> <span class='ocrx_word' id='word_1_181' title='bbox 1072 1501 1115 1541; x_wconf 88' lang='grc' dir='ltr'>οὐ</span> <span class='ocrx_word' id='word_1_182' title='bbox 1137 1502 1300 1550; x_wconf 83' lang='grc' dir='ltr'>δίκαιον,</span> <span class='ocrx_word' id='word_1_183' title='bbox 1321 1498 1351 1540; x_wconf 73' lang='grc' dir='ltr'>ὦ</span> <span class='ocrx_word' id='word_1_184' title='bbox 1369 1499 1507 1552; x_wconf 79' lang='grc' dir='ltr'>ἄνδρες</span> 
     </span>
     <span class='ocr_line' id='line_1_22' title="bbox 175 1571 369 1611; baseline 0.005 -1"><span class='ocrx_word' id='word_1_185' title='bbox 175 1571 369 1611; x_wconf 87' lang='grc' dir='ltr'>δικασταί.</span> 
     </span>
    </p>

    <p class='ocr_par' dir='ltr' id='par_1_7' title="bbox 175 1633 1570 1824">
     <span class='ocr_line' id='line_1_23' title="bbox 241 1633 1570 1690; baseline -0.002 -12"><span class='ocrx_word' id='word_1_186' title='bbox 241 1638 302 1678; x_wconf 84' lang='grc' dir='ltr'>Οὐ</span> <span class='ocrx_word' id='word_1_187' title='bbox 325 1639 400 1690; x_wconf 77' lang='grc' dir='ltr'>γὰρ</span> <span class='ocrx_word' id='word_1_188' title='bbox 426 1637 472 1689; x_wconf 79' lang='grc' dir='ltr'>δὴ</span> <span class='ocrx_word' id='word_1_189' title='bbox 497 1639 561 1678; x_wconf 78' lang='grc' dir='ltr'>διὰ</span> <span class='ocrx_word' id='word_1_190' title='bbox 585 1640 653 1677; x_wconf 87' lang='grc' dir='ltr'>τὸν</span> <span class='ocrx_word' id='word_1_191' title='bbox 678 1636 824 1688; x_wconf 87' lang='grc' dir='ltr'>τρόπον</span> <span class='ocrx_word' id='word_1_192' title='bbox 850 1654 895 1689; x_wconf 93' lang='grc' dir='ltr'>γε</span> <span class='ocrx_word' id='word_1_193' title='bbox 919 1636 989 1678; x_wconf 85' lang='grc' dir='ltr'>τὸν</span> <span class='ocrx_word' id='word_1_194' title='bbox 1011 1639 1080 1677; x_wconf 84' lang='grc' dir='ltr'>τοῦ</span> <span class='ocrx_word' id='word_1_195' title='bbox 1105 1635 1322 1688; x_wconf 83' lang='grc' dir='ltr'>φεύγοντος</span> <span class='ocrx_word' id='word_1_196' title='bbox 1349 1634 1412 1675; x_wconf 86' lang='grc' dir='ltr'>καὶ</span> <span class='ocrx_word' id='word_1_197' title='bbox 1439 1633 1507 1675; x_wconf 84' lang='grc' dir='ltr'>τὸν</span> <span class='ocrx_word' id='word_1_198' title='bbox 1529 1650 1570 1684; x_wconf 85' lang='lat'>27</span> 
     </span>
     <span class='ocr_line' id='line_1_24' title="bbox 175 1701 1507 1757; baseline -0.002 -13"><span class='ocrx_word' id='word_1_199' title='bbox 175 1705 268 1756; x_wconf 86' lang='grc' dir='ltr'>βίον</span> <span class='ocrx_word' id='word_1_200' title='bbox 293 1708 454 1757; x_wconf 80' lang='grc' dir='ltr'>ψευδεῖς</span> <span class='ocrx_word' id='word_1_201' title='bbox 475 1703 743 1757; x_wconf 80' lang='grc' dir='ltr'>ὑπολήψεσθε</span> <span class='ocrx_word' id='word_1_202' title='bbox 766 1706 835 1746; x_wconf 76' lang='grc' dir='ltr'>τὰς</span> <span class='ocrx_word' id='word_1_203' title='bbox 858 1704 1070 1756; x_wconf 86' lang='grc' dir='ltr'>μαρτυρίας</span> <span class='ocrx_word' id='word_1_204' title='bbox 1099 1702 1168 1744; x_wconf 82' lang='grc' dir='ltr'>τὰς</span> <span class='ocrx_word' id='word_1_205' title='bbox 1202 1701 1507 1755; x_wconf 84' lang='grc' dir='ltr'>ἀνεγνωσμένας</span> 
     </span>
     <span class='ocr_line' id='line_1_25' title="bbox 177 1770 1507 1824; baseline -0.003 -12"><span class='ocrx_word' id='word_1_206' title='bbox 177 1771 288 1814; x_wconf 79' lang='grc' dir='ltr'>εἶναι.</span> <span class='ocrx_word' id='word_1_207' title='bbox 349 1771 452 1812; x_wconf 85' lang='grc' dir='ltr'>πολὺ</span> <span class='ocrx_word' id='word_1_208' title='bbox 488 1773 564 1824; x_wconf 79' lang='grc' dir='ltr'>γὰρ</span> <span class='ocrx_word' id='word_1_209' title='bbox 594 1773 636 1812; x_wconf 87' lang='grc' dir='ltr'>ἐκ</span> <span class='ocrx_word' id='word_1_210' title='bbox 673 1775 742 1812; x_wconf 86' lang='grc' dir='ltr'>τοῦ</span> <span class='ocrx_word' id='word_1_211' title='bbox 776 1772 922 1824; x_wconf 89' lang='grc' dir='ltr'>τρόπου</span> <span class='ocrx_word' id='word_1_212' title='bbox 958 1770 1213 1822; x_wconf 88' lang='grc' dir='ltr'>σαφέστερον</span> <span class='ocrx_word' id='word_1_213' title='bbox 1245 1771 1507 1811; x_wconf 87' lang='grc' dir='ltr'>ἐπιδείκνυται</span> 
     </span>
    </p>

    <p class='ocr_par' dir='ltr' id='par_1_8' title="bbox 118 1834 1507 2159">
     <span class='ocr_line' id='line_1_26' title="bbox 118 1834 1506 1892; baseline -0.004 -12"><span class='ocrx_word' id='word_1_214' title='bbox 118 1858 155 1888; x_wconf 85' lang='lat'>25</span> <span class='ocrx_word' id='word_1_215' title='bbox 178 1839 395 1892; x_wconf 90' lang='grc' dir='ltr'>Θεοκρίνης</span> <span class='ocrx_word' id='word_1_216' title='bbox 427 1842 601 1880; x_wconf 76' lang='grc' dir='ltr'>τοιοῦτος</span> <span class='ocrx_word' id='word_1_217' title='bbox 633 1837 687 1879; x_wconf 78' lang='grc' dir='ltr'>ὢν</span> <span class='ocrx_word' id='word_1_218' title='bbox 718 1834 742 1888; x_wconf 84' lang='grc' dir='ltr'>ἢ</span> <span class='ocrx_word' id='word_1_219' title='bbox 780 1840 842 1878; x_wconf 76' lang='grc' dir='ltr'>διὰ</span> <span class='ocrx_word' id='word_1_220' title='bbox 878 1842 956 1879; x_wconf 90' lang='grc' dir='ltr'>τῶν</span> <span class='ocrx_word' id='word_1_221' title='bbox 990 1837 1218 1890; x_wconf 85' lang='grc' dir='ltr'>εἰρημένων.</span> <span class='ocrx_word' id='word_1_222' title='bbox 1278 1838 1319 1877; x_wconf 89' lang='grc' dir='ltr'>τί</span> <span class='ocrx_word' id='word_1_223' title='bbox 1352 1838 1426 1888; x_wconf 74' lang='grc' dir='ltr'>γὰρ</span> <span class='ocrx_word' id='word_1_224' title='bbox 1463 1835 1506 1875; x_wconf 84' lang='grc' dir='ltr'>οὐ</span> 
     </span>
     <span class='ocr_line' id='line_1_27' title="bbox 176 1902 1506 1957; baseline -0.002 -12"><span class='ocrx_word' id='word_1_225' title='bbox 176 1907 388 1956; x_wconf 90' lang='grc' dir='ltr'>πεποίηκεν</span> <span class='ocrx_word' id='word_1_226' title='bbox 413 1906 526 1948; x_wconf 74' lang='grc' dir='ltr'>οὗτος</span> <span class='ocrx_word' id='word_1_227' title='bbox 556 1906 612 1946; x_wconf 78' lang='grc' dir='ltr'>ῶν</span> <span class='ocrx_word' id='word_1_228' title='bbox 632 1904 691 1946; x_wconf 69' lang='grc' dir='ltr'>’ἂν</span> <span class='ocrx_word' id='word_1_229' title='bbox 721 1905 890 1957; x_wconf 85' lang='grc' dir='ltr'>πονηρὸς</span> <span class='ocrx_word' id='word_1_230' title='bbox 919 1906 981 1946; x_wconf 88' lang='grc' dir='ltr'>καὶ</span> <span class='ocrx_word' id='word_1_231' title='bbox 1015 1904 1270 1957; x_wconf 86' lang='grc' dir='ltr'>συκοφάντης</span> <span class='ocrx_word' id='word_1_232' title='bbox 1301 1902 1506 1956; x_wconf 83' lang='grc' dir='ltr'>ἄνθρωπος</span> 
     </span>
     <span class='ocr_line' id='line_1_28' title="bbox 176 1970 1507 2024; baseline -0.002 -12"><span class='ocrx_word' id='word_1_233' title='bbox 176 1971 397 2023; x_wconf 89' lang='grc' dir='ltr'>ποιήσειεν;</span> <span class='ocrx_word' id='word_1_234' title='bbox 437 1973 482 2013; x_wconf 84' lang='grc' dir='ltr'>οὐ</span> <span class='ocrx_word' id='word_1_235' title='bbox 513 1974 576 2013; x_wconf 82' lang='grc' dir='ltr'>διὰ</span> <span class='ocrx_word' id='word_1_236' title='bbox 607 1974 680 2024; x_wconf 82' lang='grc' dir='ltr'>μὲν</span> <span class='ocrx_word' id='word_1_237' title='bbox 703 1972 774 2022; x_wconf 75' lang='grc' dir='ltr'>τὴν</span> <span class='ocrx_word' id='word_1_238' title='bbox 798 1973 937 2013; x_wconf 90' lang='grc' dir='ltr'>τούτου</span> <span class='ocrx_word' id='word_1_239' title='bbox 965 1973 1156 2024; x_wconf 89' lang='grc' dir='ltr'>πονηρίαν</span> <span class='ocrx_word' id='word_1_240' title='bbox 1187 1970 1363 2023; x_wconf 80' lang='grc' dir='ltr'>ἁδελφὸς</span> <span class='ocrx_word' id='word_1_241' title='bbox 1391 1970 1507 2010; x_wconf 81' lang='grc' dir='ltr'>αὐτοῦ</span> 
     </span>
     <span class='ocr_line' id='line_1_29' title="bbox 177 2036 1507 2094; baseline -0.002 -15"><span class='ocrx_word' id='word_1_242' title='bbox 177 2042 427 2090; x_wconf 86' lang='grc' dir='ltr'>θεσμοθετῶν</span> <span class='ocrx_word' id='word_1_243' title='bbox 451 2041 514 2080; x_wconf 86' lang='grc' dir='ltr'>καὶ</span> <span class='ocrx_word' id='word_1_244' title='bbox 546 2039 669 2094; x_wconf 82' lang='grc' dir='ltr'>τούτῳ</span> <span class='ocrx_word' id='word_1_245' title='bbox 702 2040 905 2092; x_wconf 79' lang='grc' dir='ltr'>χρώμενος</span> <span class='ocrx_word' id='word_1_246' title='bbox 936 2039 1154 2093; x_wconf 78' lang='grc' dir='ltr'>συμβούλῳ</span> <span class='ocrx_word' id='word_1_247' title='bbox 1187 2042 1365 2080; x_wconf 76' lang='grc' dir='ltr'>τοιοῦτος</span> <span class='ocrx_word' id='word_1_248' title='bbox 1398 2036 1507 2087; x_wconf 81' lang='grc' dir='ltr'>ἔδοξε</span> 
     </span>
     <span class='ocr_line' id='line_1_30' title="bbox 177 2105 1504 2159; baseline -0.002 -13"><span class='ocrx_word' id='word_1_249' title='bbox 177 2105 267 2159; x_wconf 86' lang='grc' dir='ltr'>παρ’</span> <span class='ocrx_word' id='word_1_250' title='bbox 285 2107 376 2158; x_wconf 87' lang='grc' dir='ltr'>ὑμῖν</span> <span class='ocrx_word' id='word_1_251' title='bbox 398 2106 604 2158; x_wconf 81' lang='grc' dir='ltr'>ἄνθρωπος</span> <span class='ocrx_word' id='word_1_252' title='bbox 631 2106 743 2152; x_wconf 81' lang='grc' dir='ltr'>εἶναι,</span> <span class='ocrx_word' id='word_1_253' title='bbox 765 2107 869 2147; x_wconf 89' lang='grc' dir='ltr'>ὥστε</span> <span class='ocrx_word' id='word_1_254' title='bbox 895 2106 939 2147; x_wconf 85' lang='grc' dir='ltr'>οὐ</span> <span class='ocrx_word' id='word_1_255' title='bbox 962 2107 1084 2159; x_wconf 84' lang='grc' dir='ltr'>μόνον</span> <span class='ocrx_word' id='word_1_256' title='bbox 1110 2105 1225 2148; x_wconf 81' lang='grc' dir='ltr'>αὐτὸς</span> <span class='ocrx_word' id='word_1_257' title='bbox 1249 2105 1504 2158; x_wconf 76' lang='grc' dir='ltr'>ἀπεχειροτο-</span> 
     </span>
    </p>

    <p class='ocr_par' dir='ltr' id='par_1_9' title="bbox 176 2213 1507 2431">
     <span class='ocr_line' id='line_1_31' title="bbox 220 2213 1506 2257; baseline -0.002 -9"><span class='ocrx_word' id='word_1_258' title='bbox 220 2227 240 2255; x_wconf 89' lang='lat'><strong>4</strong></span> <span class='ocrx_word' id='word_1_259' title='bbox 263 2215 350 2257; x_wconf 82' lang='grc' dir='ltr'>τοὺς]</span> <span class='ocrx_word' id='word_1_260' title='bbox 367 2216 468 2249; x_wconf 72' lang='grc' dir='ltr'>τοΐςῧ</span> <span class='ocrx_word' id='word_1_261' title='bbox 579 2216 693 2248; x_wconf 84' lang='grc' dir='ltr'>τούτου</span> <span class='ocrx_word' id='word_1_262' title='bbox 708 2215 832 2254; x_wconf 85' lang='lat' dir='ltr'>Svulg.</span> <span class='ocrx_word' id='word_1_263' title='bbox 851 2227 859 2247; x_wconf 75' lang='grc' dir='ltr'>ι</span> <span class='ocrx_word' id='word_1_264' title='bbox 882 2215 1052 2253; x_wconf 77' lang='grc' dir='ltr'>τούτωνΑ,</span> <span class='ocrx_word' id='word_1_265' title='bbox 1075 2215 1116 2246; x_wconf 88' lang='lat' dir='ltr'>cf.</span> <span class='ocrx_word' id='word_1_266' title='bbox 1139 2216 1211 2254; x_wconf 82' lang='lat'>§48</span> <span class='ocrx_word' id='word_1_267' title='bbox 1352 2224 1372 2254; x_wconf 89' lang='lat'><strong>5</strong></span> <span class='ocrx_word' id='word_1_268' title='bbox 1396 2213 1506 2253; x_wconf 73' lang='grc' dir='ltr'>λόγοις</span> 
     </span>
     <span class='ocr_line' id='line_1_32' title="bbox 176 2258 1506 2300; baseline -0.005 -7"><span class='ocrx_word' id='word_1_269' title='bbox 176 2262 305 2300; x_wconf 77' lang='grc' dir='ltr'>μακροῖς</span> <span class='ocrx_word' id='word_1_270' title='bbox 335 2259 367 2290; x_wconf 90' lang='grc' dir='ltr'><strong>Α</strong></span> <span class='ocrx_word' id='word_1_271' title='bbox 466 2262 486 2289; x_wconf 89' lang='lat'>6</span> <span class='ocrx_word' id='word_1_272' title='bbox 510 2261 549 2292; x_wconf 75' lang='grc' dir='ltr'>ἂν</span> <span class='ocrx_word' id='word_1_273' title='bbox 577 2271 641 2293; x_wconf 91' lang='lat' dir='ltr'>om.</span> <span class='ocrx_word' id='word_1_274' title='bbox 669 2259 701 2288; x_wconf 88' lang='lat' dir='ltr'><strong>A</strong></span> <span class='ocrx_word' id='word_1_275' title='bbox 798 2260 1075 2297; x_wconf 77' lang='grc' dir='ltr'>ἐπακολουθήσετε</span> <span class='ocrx_word' id='word_1_276' title='bbox 1107 2260 1218 2297; x_wconf 88' lang='lat' dir='ltr'>codd.‚</span> <span class='ocrx_word' id='word_1_277' title='bbox 1251 2268 1336 2288; x_wconf 84' lang='lat' dir='ltr'>corr.</span> <span class='ocrx_word' id='word_1_278' title='bbox 1371 2258 1506 2287; x_wconf 79' lang='lat' dir='ltr'><strong>Bekker</strong></span> 
     </span>
     <span class='ocr_line' id='line_1_33' title="bbox 176 2300 1507 2344; baseline -0.004 -10"><span class='ocrx_word' id='word_1_279' title='bbox 176 2304 197 2333; x_wconf 92' lang='lat'><em>8</em></span> <span class='ocrx_word' id='word_1_280' title='bbox 221 2303 439 2344; x_wconf 82' lang='grc' dir='ltr'>ἐρωτῶντεςΑ</span> <span class='ocrx_word' id='word_1_281' title='bbox 560 2314 598 2342; x_wconf 81' lang='lat'>15</span> <span class='ocrx_word' id='word_1_282' title='bbox 622 2303 843 2344; x_wconf 80' lang='grc' dir='ltr'>πεποιηκυίας]</span> <span class='ocrx_word' id='word_1_283' title='bbox 858 2303 1068 2341; x_wconf 81' lang='grc' dir='ltr'>πεποιηκότος</span> <span class='ocrx_word' id='word_1_284' title='bbox 1079 2304 1128 2334; x_wconf 81' lang='grc' dir='ltr'>καὶ</span> <span class='ocrx_word' id='word_1_285' title='bbox 1139 2303 1255 2334; x_wconf 83' lang='grc' dir='ltr'>τούτου</span> <span class='ocrx_word' id='word_1_286' title='bbox 1267 2300 1507 2339; x_wconf 65' lang='grc' dir='ltr'>διὰΑ(Τ3)’1οι·</span> 
     </span>
     <span class='ocr_line' id='line_1_34' title="bbox 177 2343 1502 2388; baseline -0.005 -10"><span class='ocrx_word' id='word_1_287' title='bbox 177 2347 272 2379; x_wconf 78' lang='grc' dir='ltr'>αὑτὸν</span> <span class='ocrx_word' id='word_1_288' title='bbox 283 2357 362 2377; x_wconf 83' lang='lat' dir='ltr'>mox</span> <span class='ocrx_word' id='word_1_289' title='bbox 373 2346 515 2386; x_wconf 83' lang='lat' dir='ltr'>scripto)</span> <span class='ocrx_word' id='word_1_290' title='bbox 576 2357 614 2386; x_wconf 80' lang='lat'>19</span> <span class='ocrx_word' id='word_1_291' title='bbox 631 2348 680 2378; x_wconf 80' lang='grc' dir='ltr'>καὶ</span> <span class='ocrx_word' id='word_1_292' title='bbox 692 2347 933 2388; x_wconf 82' lang='grc' dir='ltr'>μαρτυρούντων</span> <span class='ocrx_word' id='word_1_293' title='bbox 949 2346 988 2382; x_wconf 83' lang='grc' dir='ltr'>Α,</span> <span class='ocrx_word' id='word_1_294' title='bbox 1007 2347 1047 2377; x_wconf 77' lang='lat' dir='ltr'>cs.</span> <span class='ocrx_word' id='word_1_295' title='bbox 1065 2348 1080 2383; x_wconf 70' lang='grc' dir='ltr'><strong>ξ</strong></span> <span class='ocrx_word' id='word_1_296' title='bbox 1096 2356 1112 2384; x_wconf 88' lang='grc'><strong>7</strong></span> <span class='ocrx_word' id='word_1_297' title='bbox 1163 2356 1205 2375; x_wconf 82' lang='grc'>20</span> <span class='ocrx_word' id='word_1_298' title='bbox 1218 2346 1330 2385; x_wconf 76' lang='grc' dir='ltr'>ὀλίγον</span> <span class='ocrx_word' id='word_1_299' title='bbox 1342 2344 1365 2374; x_wconf 84' lang='lat' dir='ltr'>S</span> <span class='ocrx_word' id='word_1_300' title='bbox 1382 2344 1405 2373; x_wconf 90' lang='lat' dir='ltr'>F</span> <span class='ocrx_word' id='word_1_301' title='bbox 1419 2343 1448 2381; x_wconf 80' lang='lat' dir='ltr'>Q</span> <span class='ocrx_word' id='word_1_302' title='bbox 1462 2344 1502 2381; x_wconf 86' lang='lat' dir='ltr'>D,</span> 
     </span>
     <span class='ocr_line' id='line_1_35' title="bbox 176 2385 1506 2431; baseline -0.004 -11"><span class='ocrx_word' id='word_1_303' title='bbox 176 2390 219 2421; x_wconf 88' lang='lat' dir='ltr'>cf.</span> <span class='ocrx_word' id='word_1_304' title='bbox 250 2391 319 2420; x_wconf 84' lang='lat' dir='ltr'>xvii</span> <span class='ocrx_word' id='word_1_305' title='bbox 350 2401 413 2430; x_wconf 88' lang='lat'>27:</span> <span class='ocrx_word' id='word_1_306' title='bbox 453 2391 566 2431; x_wconf 74' lang='grc' dir='ltr'>ὀλίγον</span> <span class='ocrx_word' id='word_1_307' title='bbox 595 2404 627 2422; x_wconf 82' lang='grc' dir='ltr'>τι</span> <span class='ocrx_word' id='word_1_308' title='bbox 666 2396 701 2420; x_wconf 89' lang='lat' dir='ltr'>ut</span> <span class='ocrx_word' id='word_1_309' title='bbox 732 2400 834 2430; x_wconf 82' lang='lat' dir='ltr'>supra</span> <span class='ocrx_word' id='word_1_310' title='bbox 863 2389 895 2418; x_wconf 84' lang='lat' dir='ltr'><strong>A</strong></span> <span class='ocrx_word' id='word_1_311' title='bbox 1053 2399 1094 2418; x_wconf 89' lang='lat'>22</span> <span class='ocrx_word' id='word_1_312' title='bbox 1117 2388 1259 2418; x_wconf 77' lang='lat' dir='ltr'>alterum</span> <span class='ocrx_word' id='word_1_313' title='bbox 1290 2389 1348 2419; x_wconf 79' lang='grc' dir='ltr'>τὸν</span> <span class='ocrx_word' id='word_1_314' title='bbox 1377 2397 1443 2417; x_wconf 85' lang='lat' dir='ltr'>om.</span> <span class='ocrx_word' id='word_1_315' title='bbox 1474 2385 1506 2415; x_wconf 89' lang='lat' dir='ltr'><strong>A</strong></span> 
     </span>
    </p>
   </div>
   <div class='ocr_carea' id='block_1_3' title="bbox 177 2431 1505 2518">
    <p class='ocr_par' dir='ltr' id='par_1_10' title="bbox 177 2431 1505 2518">
     <span class='ocr_line' id='line_1_36' title="bbox 178 2431 1505 2473; baseline -0.005 -8"><span class='ocrx_word' id='word_1_316' title='bbox 178 2443 219 2471; x_wconf 83' lang='lat'>24</span> <span class='ocrx_word' id='word_1_317' title='bbox 244 2433 321 2465; x_wconf 82' lang='grc' dir='ltr'>εἶναι</span> <span class='ocrx_word' id='word_1_318' title='bbox 339 2444 403 2465; x_wconf 91' lang='lat' dir='ltr'>om.</span> <span class='ocrx_word' id='word_1_319' title='bbox 424 2434 454 2464; x_wconf 94' lang='lat' dir='ltr'>D</span> <span class='ocrx_word' id='word_1_320' title='bbox 557 2444 597 2472; x_wconf 85' lang='lat'>27</span> <span class='ocrx_word' id='word_1_321' title='bbox 620 2433 680 2473; x_wconf 87' lang='grc' dir='ltr'>μὲν</span> <span class='ocrx_word' id='word_1_322' title='bbox 698 2443 762 2463; x_wconf 90' lang='lat' dir='ltr'>om.</span> <span class='ocrx_word' id='word_1_323' title='bbox 780 2433 811 2462; x_wconf 87' lang='lat' dir='ltr'><strong>A</strong></span> <span class='ocrx_word' id='word_1_324' title='bbox 909 2433 1049 2472; x_wconf 79' lang='grc' dir='ltr'>ἁδελφὸς</span> <span class='ocrx_word' id='word_1_325' title='bbox 1068 2431 1202 2461; x_wconf 78' lang='lat' dir='ltr'><strong>Bekker</strong></span> <span class='ocrx_word' id='word_1_326' title='bbox 1217 2442 1223 2461; x_wconf 90' lang='lat'><strong>:</strong></span> <span class='ocrx_word' id='word_1_327' title='bbox 1244 2432 1293 2462; x_wconf 84' lang='grc' dir='ltr'>ἆδ.</span> <span class='ocrx_word' id='word_1_328' title='bbox 1306 2431 1403 2460; x_wconf 87' lang='lat' dir='ltr'><strong>codd.</strong></span> <span class='ocrx_word' id='word_1_329' title='bbox 1418 2431 1505 2468; x_wconf 65' lang='lat' dir='ltr'>[sine</span> 
     </span>
     <span class='ocr_line' id='line_1_37' title="bbox 177 2473 1396 2518; baseline -0.003 -11"><span class='ocrx_word' id='word_1_330' title='bbox 177 2477 296 2516; x_wconf 86' lang='lat' dir='ltr'><strong>spiritu</strong></span> <span class='ocrx_word' id='word_1_331' title='bbox 314 2476 353 2517; x_wconf 84' lang='lat' dir='ltr'>S)</span> <span class='ocrx_word' id='word_1_332' title='bbox 508 2487 550 2517; x_wconf 89' lang='lat'>29</span> <span class='ocrx_word' id='word_1_333' title='bbox 574 2478 731 2518; x_wconf 76' lang='grc' dir='ltr'>ἅνθρωπος</span> <span class='ocrx_word' id='word_1_334' title='bbox 755 2474 827 2516; x_wconf 84' lang='grc' dir='ltr'>παρ’</span> <span class='ocrx_word' id='word_1_335' title='bbox 843 2478 913 2515; x_wconf 80' lang='grc' dir='ltr'>ὑμῖν</span> <span class='ocrx_word' id='word_1_336' title='bbox 928 2475 970 2506; x_wconf 91' lang='grc' dir='ltr'>Α.</span> <span class='ocrx_word' id='word_1_337' title='bbox 1022 2476 1181 2515; x_wconf 77' lang='grc' dir='ltr'>ἄνθρωπος</span> <span class='ocrx_word' id='word_1_338' title='bbox 1199 2475 1279 2505; x_wconf 79' lang='lat' dir='ltr'>secl.</span> <span class='ocrx_word' id='word_1_339' title='bbox 1299 2473 1396 2504; x_wconf 80' lang='lat' dir='ltr'>Blass</span> 
     </span>
    </p>
   </div>
  </div>
 </body>
</html>
