1763 2778
108 147 246 203 [1100]

206 664 248 705 67

206 1064 250 1099 68

374 146 896 201 [ΔΗΜΟΣΘΕΝΟΎΣ]
922 153 1084 189 ΠΡΟΣ
1112 152 1410 190 ΛΕΩΧΑΡΙῘ
1488 147 1593 202 [xuv

268 251 429 302 οἰόμεθα
463 253 546 290 δεῖν
582 253 839 301 κληρονομεῖν
875 253 953 290 τῶν
990 249 1214 303 Ἀρχιάδου,
1254 249 1315 289 καὶ
1356 249 1445 302 παρ’
1485 250 1594 301 ἡμῶν

269 318 368 358 εἶναι
414 316 482 358 τὸν
522 316 607 358 υἱὸν
653 317 722 357 τὸν
763 316 1062 367 εἰσποιούμενον
1107 320 1185 357 τῶν
1225 316 1278 368 μὴ
1321 316 1595 368 πεποιημένων

268 385 473 437 πρότερον,
514 383 567 436 μὴ
609 385 715 436 παρὰ
755 384 914 424 τούτων.
986 385 1142 425 δικαίως
1182 383 1256 436 γὰρ
1304 384 1324 423 ὁ
1365 383 1592 435 νομοθέτης,

269 451 389 503 οἶμαι,
416 452 552 504 ὥσπερ
578 451 641 492 καὶ
664 452 733 493 τὰς
759 451 920 504 ἀτυχίας
943 454 1023 491 τῶν
1047 450 1201 491 οἰκείων
1228 451 1290 491 καὶ
1315 450 1383 492 τὰς
1415 451 1594 493 ἐκδόσεις

269 523 346 559 τῶν
373 523 567 571 γυναικῶν
588 521 672 561 τοῖς
696 518 891 571 ἐγγύτατα
915 517 1053 570 γένους
1082 516 1326 570 προσέταττε
1351 515 1592 570 [ποιεῖσθαι],

270 587 392 628 οὕτως
421 586 485 627 καὶ
510 587 582 628 τὰς
612 586 872 636 κληρονομίας
904 585 969 626 καὶ
991 585 1064 636 τὴν
1095 588 1173 625 τῶν
1197 585 1356 638 ἀγαθῶν
1379 586 1595 637 μετουσίαν

269 656 351 695 τοῖς
391 652 521 694 αὐτοῖς
562 652 821 693 ἀποδέδωκεν.
894 651 937 691 τὸ
985 654 1028 694 δὲ
1078 651 1238 693 πάντων
1290 651 1483 705 μέγιστον
1532 653 1594 693 καὶ

270 721 574 773 γνωριμώτατον
598 720 701 770 ὑμῖν·
740 720 760 759 ὁ
796 721 870 772 γὰρ
901 723 970 759 τοῦ
996 720 1180 762 μόλωνος
1204 719 1327 770 νόμος
1353 719 1442 761 οὐδὲ
1465 719 1594 760 διαθέ-

272 790 366 828 σθαι
384 786 454 828 τὸν
477 786 641 837 ποιητὸν
663 788 708 842 ἐᾷ
730 788 779 826 τὰ
800 788 840 826 ἐν
859 790 910 841 τῷ
931 787 1037 841 οἴκῳ,
1058 788 1100 827 οἵ
1119 785 1168 827 ἂν
1193 789 1349 844 ποιηθῇ.
1421 787 1592 834 εἰκότως,

271 855 391 905 οἶμαι·
429 857 481 909 τῷ
511 855 588 907 γὰρ
620 855 717 894 κατὰ
749 854 872 904 νόμον
902 853 1170 904 εἰσποιηθέντι
1198 854 1264 894 ἐπὶ
1289 852 1338 894 τὰ
1363 853 1497 906 ἑτέρου
1521 854 1596 908 οὐχ

270 922 392 964 οὕτως
417 921 469 964 ὡς
491 922 579 972 περὶ
605 925 682 961 τῶν
709 922 817 962 ἰδίων
844 920 1049 972 κτημάτων
1072 920 1312 974 βουλευτέον
1339 921 1462 970 ἐστίν,
1489 922 1596 961 ἀλλὰ

270 992 352 1031 τοῖς
376 989 510 1040 νόμοις
539 988 778 1038 ἀκολούθως,
806 988 894 1040 περὶ
922 987 1093 1029 ἑκάστου
1121 992 1199 1029 τῶν
1228 987 1512 1041 γεγραμμένων
1545 988 1596 1031 ὡς

271 1057 291 1095 ὁ
316 1056 435 1107 νόμος
459 1054 584 1108 λέγει.
656 1056 774 1096 ’ὅσοι
796 1055 848 1107 μὴ
879 1056 1140 1105 ἐπεποίηντο’
1165 1055 1294 1108 φησίν
1327 1054 1337 1073 ⁶
1356 1056 1423 1095 ὅτε
1456 1055 1595 1096 Σόλων

271 1121 396 1179 εἰσῄει
434 1124 488 1165 εἷς
523 1122 595 1173 τὴν
630 1121 770 1177 ἀρχήν,
810 1121 954 1173 ἐξεῖναι
990 1122 1121 1165 αὐτοῖς
1155 1121 1362 1163 διαθέσθαι
1404 1123 1510 1165 ὅπως
1546 1121 1596 1163 ἂν

270 1190 464 1230 ἐθέλωσιν
480 1189 503 1236 ’,
532 1189 580 1230 ὡς
605 1194 688 1232 τοῖς
709 1206 756 1243 γε
782 1192 1005 1240 ποιηθεῖσιν
1030 1189 1097 1229 οὐκ
1121 1188 1212 1240 ἐξὸν
1243 1189 1462 1235 διαθέσθαι,
1488 1189 1597 1230 ἀλλὰ

273 1258 416 1307 ζῶντας
441 1257 779 1309 ἐγκαταλιπόντας
804 1256 888 1297 υἱὸν
912 1255 1079 1308 γνήσιον
1109 1255 1325 1303 ἐπανιέναι,
1356 1252 1381 1306 ἢ
1410 1255 1594 1307 τελευτή-

272 1340 422 1366 σαντας
452 1324 682 1364 ἀποδιδόναι
713 1323 783 1374 τὴν
816 1325 1080 1376 κληρονομίαν
1107 1328 1191 1366 τοῖς
1222 1322 1267 1374 ἐξ
1290 1325 1415 1377 ἀρχῆς
1437 1324 1596 1366 οἰκείοις

271 1391 360 1433 οὖσι
383 1394 451 1431 τοῦ
476 1390 758 1442 ποιησαμένου.

317 1512 329 1531 1
357 1502 406 1533 καὶ
424 1500 550 1541 οἰόμεθα
580 1501 677 1531 codd.
700 1502 775 1534 ;καὶ
805 1501 868 1531 del.
900 1500 1063 1531 Schaeser
1216 1512 1234 1530 2
1260 1503 1304 1541 τῷ
1328 1502 1372 1540 μὴ
1398 1500 1597 1542 πεποιημένῳ

272 1545 400 1576 Reiske
550 1556 568 1582 4
594 1545 687 1583 prius
703 1545 753 1576 καὶ
771 1544 804 1575 in
823 1545 898 1585 πρὸς
914 1549 1020 1574 mutat
1038 1543 1162 1574 Naber.
1204 1544 1303 1575 malui
1319 1547 1473 1576 ποιεῖσθαι
1489 1544 1597 1575 seclu-

270 1589 362 1628 dere,
378 1589 420 1620 cf.
443 1589 547 1620 Isocr.
567 1599 589 1618 x
606 1590 648 1626 36
795 1597 814 1627 5
840 1587 1008 1628 ἐγγυτάτω
1024 1587 1057 1617 Α
1206 1599 1223 1627 7
1248 1588 1448 1620 ἀποδέδωκεν
1465 1586 1574 1627 SAQ
1589 1598 1597 1619 :

272 1632 431 1664 ἀπέδωκεν
449 1632 537 1672 vulg.
652 1642 674 1671 9
697 1631 730 1663 οῗ
742 1632 781 1663 ἂν
798 1631 896 1662 BlaSS
911 1643 917 1662 ε
943 1632 1021 1663 ὅταν
1036 1631 1133 1663 codd.
1154 1642 1162 1662 t
1187 1633 1249 1672 ὅτῳ
1266 1633 1304 1663 ἂν
1323 1631 1449 1662 Reiske
1559 1641 1598 1661 10

273 1677 321 1707 ἐπὶ
343 1676 398 1717 τὰ]
419 1690 486 1707 επει
502 1690 543 1707 τα
559 1675 606 1706 S:
633 1677 677 1708 εἷς
692 1676 733 1707 τὰ
749 1675 781 1705 Α
925 1685 960 1704 ΙΙ
989 1687 1029 1707 ως
1044 1676 1113 1717 περὶ
1128 1674 1161 1705 Α
1177 1686 1184 1705 :
1209 1677 1316 1717 ὥσπερ
1333 1675 1356 1706 S
1370 1675 1395 1705 F
1411 1675 1441 1713 Q
1459 1686 1466 1706 2
1491 1675 1598 1716 ὥσπερ

271 1720 338 1760 περὶ
358 1720 387 1749 D
500 1728 538 1758 15
565 1721 604 1751 ὡς
619 1722 686 1751 τοῖς
701 1732 740 1760 γε
758 1719 788 1758 Q
805 1731 868 1760 γρ.,
891 1718 1067 1759 Schaeser,
1086 1719 1127 1749 cf.
1145 1718 1227 1749 xxiii
1244 1729 1308 1758 50:
1332 1722 1399 1751 τοῖς
1416 1718 1450 1751 δὲ
1468 1718 1492 1749 S
1506 1718 1532 1748 F
1544 1718 1574 1755 Q
1590 1728 1597 1747 ε

273 1766 338 1795 τοῖς
349 1762 386 1795 δέ
395 1776 434 1803 ’γε
450 1761 482 1792 Α
552 1764 590 1793 16
613 1762 873 1800 τελευτήσαντας
888 1762 911 1792 S
926 1761 952 1791 F
965 1761 994 1800 Q
1011 1762 1041 1791 D
1058 1773 1065 1792 :
1089 1762 1349 1800 τελευτήσαντος
1364 1762 1417 1793 A:
1443 1761 1597 1799 τελευτή·

273 1819 392 1838 σαντας
409 1806 576 1847 (ammas)
593 1805 755 1845 Hirschig

315 1849 357 1880 ln
373 1849 398 1880 S
414 1849 641 1889 subscriptum

769 1896 875 1924 ΠΡΟΣ
905 1897 1094 1924 ΛΕΩΧΑΡΗ

1614 538 1631 569 5

1618 873 1656 894 10

1617 1206 1655 1240 15
