1763 2778
108 842 147 865 10

104 1515 143 1537 20

103 1852 141 1882 ²5

174 120 249 166 1,v1]
478 126 641 164 ΚΑΤΑ
692 125 1196 163 ΔΙΟΝΥΣΟΔΩΡΟὙ
1518 124 1658 178 [1295]

172 225 228 266 εἷς
251 223 389 265 Ῥόδον
409 223 667 276 προστάττεις
686 225 923 274 ἀπολαβεῖν,
952 224 1088 275 ὥσπερ
1105 223 1150 263 τὸ
1167 223 1240 263 σὸν
1260 224 1497 275 πρόσταγμα

171 293 241 341 τῆς
259 294 494 343 συγγραφῆς
519 290 609 331 δέον
630 291 859 343 κυριώτερον
880 289 1080 342 γενέσθαι,
1101 290 1162 330 καὶ
1188 291 1337 344 τολμᾷς
1361 290 1496 342 λέγειν

171 357 223 400 ὡς
242 358 310 398 οὐκ
335 359 466 408 ἐσώθη
489 358 514 410 ἡ
534 362 626 400 ναῦς
643 359 697 399 εἰς
716 357 784 398 τὸν
810 360 990 408 Πειραιᾶ·
1014 356 1094 408 ’ἐφ’
1113 355 1141 412 ᾧ
1159 358 1314 398 δικαίως
1330 356 1378 397 ἂν
1397 358 1494 398 ἀπο-

171 424 303 467 θάνοις
327 424 404 465 ὑπὸ
427 429 505 465 τῶν
529 428 735 466 δικαστῶν.
808 426 871 464 διὰ
896 425 984 464 τίνα
1008 425 1083 476 γὰρ
1115 427 1282 475 μᾶλλον,
1305 421 1333 463 ὦ
1360 424 1494 476 ἄνδρες
1514 439 1558 472 42

170 493 365 538 δικασταί,
393 492 437 532 οὐ
463 490 668 546 σέσῳσται
693 491 715 542 ἡ
741 495 834 533 ναῦς
858 492 913 533 εἷς
937 490 1005 531 τὸν
1031 494 1218 543 Πειραιᾶ,·
1257 491 1422 542 πότερον
1447 491 1494 532 δι’

169 558 269 610 ἡμᾶς
293 558 383 600 τοὺς
402 558 611 611 διαρρήδην
637 559 896 600 δανείσαντας
922 559 975 600 εἷς
1002 560 1203 610 Αἴγυπτον
1224 558 1285 598 καὶ
1303 559 1357 600 εἰς
1374 557 1491 609 Ἀθή-

168 643 251 673 νας,
277 622 300 676 ἢ
326 626 388 666 διὰ
413 629 551 667 τοῦτον
587 625 651 666 καὶ
683 625 753 666 τὸν
782 624 969 666 κοινωνὸν
1006 625 1135 671 αὐτοῦ,
1171 625 1207 666 οἳ
1237 626 1300 666 ἐπὶ
1337 626 1494 669 ταύταις

168 696 254 735 ταῖς
277 693 508 746 ὁμολογίαις
532 692 821 744 δανεισάμενοι,
851 693 914 745 ἐφ’
942 691 970 748 ᾧ
989 709 1033 733 τε
1060 696 1272 733 καταπλεῖν
1290 691 1492 743 Ἀθήναζε,

168 760 223 801 εἷς
247 759 382 801 Ῥόδον
409 759 634 812 κατήγαγον
656 759 727 810 τὴν
753 763 867 805 man
908 761 966 800 ὅτι
992 761 1032 800 δὲ
1068 759 1222 801 ἑκόντες
1252 760 1314 800 καὶ
1351 759 1418 799 οὐκ
1452 759 1497 810 ἐξ

167 826 341 880 ἀνάγκης
363 825 469 868 ταῦτ’
497 826 681 878 ἔπραξαν,
709 828 751 867 ἐκ
776 830 939 867 πολλῶν
966 829 1100 877 δῆλον.
1160 827 1201 867 εῖν
1218 828 1292 878 γὰρ
1318 826 1368 868 ὡς
1394 823 1488 877 ἀλη-
1513 842 1558 876 43

167 895 244 937 θῶς
269 894 459 935 ἀκούσιον
482 893 527 934 τὸ
553 896 713 945 συμβὰν
740 893 897 946 ἐγένετο
924 895 985 934 καὶ
1002 894 1024 945 ἡ
1042 897 1134 936 ναῦς
1151 894 1308 945 ἐρράγη,
1329 893 1373 933 τὸ
1397 896 1494 944 μετὰ

167 960 270 1001 τοῦτ’
296 961 430 1012 ἐπειδὴ
456 961 732 1002 ἐπεσκεύασαν
757 960 828 1011 τὴν
853 964 960 1007 ναῦν,
993 960 1059 1000 οὐκ
1086 960 1133 1001 ἂν
1160 962 1214 1002 εἰς
1240 961 1353 1012 ἕτερα
1372 959 1494 1011 δήπου

166 1029 336 1081 ἐμπόρια
359 1029 590 1080 ἐμίσθωσαν
617 1027 750 1079 αὐτήν,
773 1027 865 1068 ἀλλ’
892 1027 943 1069 ὡς
968 1029 1067 1079 ὑμᾶς
1091 1026 1356 1074 ἀπέστελλον,
1377 1028 1491 1068 ἐπαν-

165 1096 394 1148 ορθούμενοι
442 1095 487 1136 τὸ
531 1096 722 1137 ἀκούσιον
768 1095 1001 1146 σύμπτωμα.
1072 1098 1141 1135 νῦν
1189 1094 1221 1134 δ’
1268 1095 1343 1148 οὐχ
1387 1095 1493 1137 ὅπως

165 1163 517 1215 ἐπηνωρθώσαντο,
545 1161 651 1203 ἀλλὰ
676 1161 773 1215 πρὸς
797 1166 879 1204 τοῖς
903 1161 950 1213 ἐξ
975 1162 1100 1215 ἀρχῆς
1125 1160 1338 1212 ἀδικήμασι
1355 1166 1492 1217 πολλῷ

162 1230 280 1281 μείζω
300 1229 736 1282 προσεξημαρτήκασιν,
767 1230 830 1270 καὶ
855 1229 989 1282 ὥσπερ
1015 1230 1080 1270 ἐπὶ
1110 1228 1355 1281 καταγέλωτι
1385 1229 1489 1269 ἀντι-

164 1300 358 1338 δικοῦντες
375 1297 697 1348 εἰσεληλύθασιν,
709 1297 759 1339 ὡς
775 1296 836 1337 ἐπ’
853 1297 984 1338 αὐτοῖς
1005 1296 1211 1347 ἐσόμενον,
1222 1297 1291 1336 ἐὰν
1310 1300 1488 1348 καταψη-

164 1365 343 1416 φίσησθε
369 1364 507 1410 αὐτῶν,
534 1366 583 1405 τὰ
608 1365 755 1418 ἀρχαῖα
777 1364 899 1415 μόνον
916 1364 1130 1404 ἀποδοῦναι
1149 1363 1210 1403 καὶ
1226 1363 1316 1405 τοὺς
1340 1363 1489 1405 τόκους.

163 1432 273 1482 ὑμεῖς
298 1431 380 1479 οὖν,
405 1428 436 1471 ὦ
459 1430 597 1484 ἄνδρες
622 1431 836 1482 Ἀθηναῖοι,
863 1430 916 1481 μὴ
942 1430 1173 1483 ἐπιτρέπετε
1197 1430 1348 1471 τούτοις
1369 1431 1489 1472 οὕτως
1511 1448 1553 1480 44

163 1498 340 1551 ἔχουσιν,
364 1497 454 1550 μηδ’
481 1499 543 1540 ἐπὶ
569 1501 677 1539 δυοῖν
700 1498 888 1551 ἀγκύραιν
907 1499 1039 1549 ὁρμεῖν
1060 1497 1199 1540 αὐτοὺς
1217 1499 1317 1543 ἐᾶτε,
1341 1497 1403 1544 ὡς,
1423 1498 1491 1537 ἐὰν

161 1567 235 1617 μὲν
267 1565 565 1618 κατορθώσωσι,
599 1565 816 1618 τάλλότρια
840 1564 1014 1616 ἕξοντας,
1044 1566 1112 1606 ἐὰν
1145 1567 1186 1606 δὲ
1218 1564 1270 1615 μὴ
1301 1564 1490 1605 δύνωνται
1512 1563 1653 1617 [1296]

162 1630 410 1683 ἐξαπατῆσαι
433 1633 545 1684 ὑμᾶς,
571 1633 669 1674 αὐτὰ
693 1633 742 1673 τὰ
768 1632 1015 1685 ὀφειλόμενα
1051 1632 1348 1673 ἀποδώσοντας·
1385 1632 1492 1672 ἀλλὰ

163 1703 244 1741 τοῖς
270 1700 478 1751 ἐπιτιμίοις
503 1700 682 1751 ζημιοῦτε
709 1702 792 1741 τοῖς
821 1701 865 1740 ἐκ
894 1702 964 1750 τῆς
995 1701 1245 1751 συγγραφῆς.
1317 1698 1379 1739 καὶ
1416 1701 1490 1751 γὰρ

163 1766 211 1807 ἂν
237 1766 363 1808 δεινὸν
389 1769 460 1818 εἴη,
488 1766 625 1810 αὐτοὺς
648 1769 721 1818 μὲν
746 1766 906 1808 τούτους
931 1767 1147 1806 διπλασίαν
1174 1765 1258 1806 καθ’
1278 1767 1404 1806 αὐτῶν
1420 1765 1490 1816 τὴν

165 1834 303 1885 ζημίαν
325 1834 575 1887 γράψασθαι,
597 1833 665 1875 ἐάν
683 1850 722 1875 τι
737 1835 1020 1886 παραβαίνωσι
1035 1837 1112 1873 τῶν
1130 1834 1171 1873 ἐν
1196 1838 1244 1890 τῇ
1261 1838 1488 1890 συγγραφῇ,

160 1902 260 1952 ὑμᾶς
285 1899 319 1941 δ’
341 1900 567 1954 ἠπιωτέρως
589 1902 698 1955 ἔχειν
722 1901 821 1954 πρὸς
846 1900 998 1952 αὐτούς,
1028 1900 1091 1941 καὶ
1117 1904 1240 1941 ταῦτα
1270 1899 1344 1953 οὐχ
1373 1900 1490 1951 ἧττον

160 1967 270 2019 ἡμῶν
295 1968 636 2020 συνηδικημένους.

227 2037 290 2076 Τὰ
311 2037 384 2086 μὲν
403 2035 470 2076 οὗν
495 2035 582 2088 περὶ
605 2038 675 2076 τοῦ
707 2034 936 2088 πράγματος
964 2035 1093 2076 δίκαια
1122 2032 1282 2087 βραχέα
1315 2034 1401 2075 ἐστὶ
1428 2036 1489 2074 καὶ
1509 2045 1550 2081 45

163 2101 463 2154 εὐμνημόνευτα.
535 2104 793 2154 ἐδανείσαμεν
835 2101 1122 2156 Διονυσοδώρῳ
1162 2101 1300 2155 τουτῳὶ
1339 2100 1401 2141 καὶ
1436 2105 1488 2155 τῷ

102 2189 143 2220 30
164 2173 335 2224 κοινωνῷ
360 2169 479 2210 αὐτοῦ
502 2170 727 2224 τρισχιλίας
751 2172 929 2223 δραχμὰς
954 2167 1173 2219 Ἀθήνηθεν
1202 2169 1257 2210 εἰς
1288 2169 1489 2220 Αἴγυπτον

209 2290 229 2318 4
252 2282 382 2318 μᾶλλον
404 2279 546 2319 scripsi:
573 2280 675 2312 ἄλλον
706 2280 829 2310 codd.:
858 2278 923 2310 dcl.
952 2278 1051 2309 Blass
1162 2287 1180 2315 5
1207 2277 1370 2316 δικασταί]
1397 2276 1487 2314 Ἀθη-

163 2326 241 2355 ναῖοι
254 2322 285 2352 Α
377 2333 415 2353 10
439 2326 537 2361 δῆλον
552 2325 585 2355 ἐκ
599 2326 730 2355 πολλῶν
742 2322 775 2352 Α
866 2333 903 2360 13
922 2323 1100 2362 ἐμίσθωσαν
1112 2321 1135 2351 S
1150 2321 1208 2359 FQ
1222 2321 1251 2349 D
1267 2332 1273 2350 :
1300 2321 1445 2359 ἐμίσθουν
1457 2319 1489 2348 A

166 2376 205 2405 19
229 2366 352 2398 τούτοις
373 2366 433 2396 SF
449 2367 544 2405 QD:
572 2370 638 2398 τοῖς
654 2366 686 2395 Α
819 2376 856 2395 21
885 2366 1108 2406 κατορθώσωσι
1134 2363 1173 2396 Α.
1196 2364 1237 2394 cs.
1265 2363 1346 2394 Isae.
1372 2363 1403 2392 iv
1418 2372 1488 2393 22:

163 2413 336 2451 κατορθῶσι
353 2409 414 2440 SF
427 2410 456 2448 Q
472 2410 502 2439 D
635 2419 676 2449 25
700 2423 732 2441 τι
749 2420 814 2440 om.
832 2408 865 2439 A
995 2419 1038 2448 29
1061 2408 1163 2440 τούτω
1179 2407 1277 2438 codd.
