1763 2778
124 113 129 165 ἔ
145 113 253 167 1174]
679 114 730 169 [Δ
743 120 779 156 11
792 120 831 156 M
843 120 966 157 οΣΘ
979 120 1007 156 Ε
1020 113 1196 168 ΝΟΎΣ]
1470 114 1599 168 [mm

275 220 468 257 δικαστῶν
494 216 710 269 διέγραψεν
737 218 756 257 ὁ
782 217 916 270 ἄρχων
934 218 1158 259 Πυθόδοτος
1176 218 1271 256 κατὰ
1290 217 1359 258 τὸν
1383 218 1504 268 νόμον
1529 218 1599 268 τὴν

273 284 427 324 τουτουὶ
464 283 788 336 Ὀλυμπιοδώρου
828 283 1151 338 ἀμφισβήτησιν.
1222 286 1510 337 διαγραφείσης
1556 287 1598 325 δὲ

273 350 427 401 ταύτης,
453 349 501 401 ἐξ
521 349 694 403 ἀνάγκης
714 352 776 392 καὶ
802 351 888 402 ἐμοὶ
914 350 960 402 ἦν
985 353 1162 392 ἐκλιπεῖν
1185 351 1257 402 τὴν
1275 355 1343 391 τοῦ
1367 351 1599 404 ἡμικληρίου

274 416 595 470 ἀμφισβήτησιν.
666 417 889 471 γενομένων
922 420 963 459 δὲ
995 418 1142 459 τούτων
1169 419 1402 459 ἐπεδίκασεν
1427 419 1447 458 ὁ
1467 418 1598 472 ἄρχων

272 488 355 526 τοῖς
395 476 606 527 ἀντιδίκοις
643 489 725 528 τοῖς
761 484 966 538 ἡμετέροις
1001 484 1070 526 τὸν
1109 487 1256 537 κλῆρον
1292 489 1361 526 τὸν
1396 485 1596 537 Κόμωνος·
1619 504 1636 536 5

209 569 251 603 27
271 553 394 592 ταῦτα
429 553 504 604 γὰρ
543 553 579 594 οἱ
615 552 728 603 νόμοι
765 552 882 593 αὐτὸν
918 551 1139 605 ἠνάγκαζον
1175 556 1314 594 ποιεῖν.
1388 552 1519 603 ἐπειδὴ
1557 555 1599 593 δὲ

272 617 571 666 ἐπεδικάσαντο,
615 619 727 661 εὐθὺς
769 621 823 662 εἰς
861 623 1027 672 Πειραιᾶ
1066 620 1251 662 ἐλθόντες
1287 619 1598 672 παρελάμβανον

271 684 400 726 πάντα
430 685 508 725 ὅσα
538 686 649 737 ἡμῶν
682 687 790 740 εἶχεν
824 685 1006 739 ἑκάτερος
1036 686 1268 738 νειμάμενος
1301 688 1344 727 ἐν
1375 692 1422 744 τῇ
1457 688 1597 739 μερίδι.

272 752 378 804 κάγὼ
409 754 482 803 μὲν
516 754 714 804 ἐπιδημῶν
751 753 865 795 αὐτὸς
900 754 1107 806 παρέδωκα
1138 753 1301 806 (ἀνάγκη
1331 755 1406 806 γὰρ
1437 752 1484 804 ἦν
1513 754 1595 794 πεί-

271 821 413 859 θεσθαι
448 823 528 860 τοῖς
568 818 727 871 νόμοις),
764 822 814 861 τὰ
850 823 891 861 δὲ
928 820 1265 873 Ὀλυμπιοδώρου,
1305 822 1599 872 ἀποδημοῦντος
1622 843 1658 865 10

269 886 419 932 τούτου,
462 885 617 927 ἅπαντα
655 885 803 942 ᾤχοντο
838 889 1049 939 λαβόντες,
1090 887 1194 938 πλὴν
1230 891 1298 928 τοῦ
1334 889 1517 941 ἀργυρίου
1554 888 1598 928 οὗ

270 952 377 1006 εἶχεν
402 953 517 995 αὐτὸς
542 956 647 1006 παρὰ
666 958 735 995 τοῦ
760 955 966 1008 ἀνθρώπου
991 958 1058 995 τοῦ
1083 954 1246 1002 οἰκέτου,
1264 954 1309 996 ὃν
1335 955 1596 1007 ἐβασάνισεν·

206 1025 248 1058 28
270 1019 314 1060 οὐ
338 1021 412 1073 γὰρ
443 1020 553 1074 εἶχον
579 1022 677 1063 ὅπου
705 1021 967 1074 ἐπιλάβοιντο
999 1025 1068 1062 τοῦ
1095 1023 1290 1074 ἀργυρίου.
1363 1023 1426 1063 καὶ
1455 1024 1503 1063 τὰ
1525 1025 1598 1074 μὲν

269 1087 495 1140 πραχθέντα
520 1088 626 1129 ταῦτ’
652 1088 699 1140 ἧν
725 1091 767 1130 ἐν
796 1089 843 1146 τῇ
869 1090 1066 1144 ἀποδημίᾳ
1097 1095 1145 1146 τῇ
1169 1089 1507 1143 Ὀλυμπιοδώρου,
1535 1090 1598 1130 καὶ

121 1160 246 1215 [1175]
268 1156 336 1204 τῆς
363 1156 565 1198 κοινωνίας
583 1158 652 1206 τῆς
669 1159 765 1208 πρὸς
779 1160 918 1197 τοῦτον
943 1160 1064 1197 ταῦτα
1080 1157 1157 1209 ἐγὼ
1184 1156 1404 1198 ἀπέλαυσα.
1464 1157 1596 1207 ἐπειδὴ
1622 1178 1658 1210 ¹5

270 1223 310 1262 δὲ
347 1221 594 1273 ἐπεδήμησεν
631 1223 741 1265 οὗτος
776 1224 841 1265 καὶ
874 1225 911 1265 οἱ
942 1223 1062 1265 ἄλλοι
1098 1228 1349 1277 στρατιῶται,
1386 1224 1599 1276 ἠγανάκτει

270 1288 594 1342 Ὀλυμπιόδωρος
625 1291 773 1337 οὑτοσί,
813 1289 841 1331 ὦ
871 1290 1009 1344 ἄνδρες
1045 1292 1240 1338 δικασταί,
1280 1291 1345 1332 ἐπὶ
1380 1295 1461 1333 τοῖς
1498 1309 1595 1343 συμ-

268 1356 486 1406 βεβηκόσι,
515 1357 577 1397 καὶ
601 1357 735 1410 ἡγεῖτο
761 1359 869 1399 δεινὰ
902 1358 1154 1399 πεπονθέναι.
1226 1358 1358 1409 ἐπειδὴ
1384 1361 1424 1400 δὲ
1449 1362 1598 1410 μεστὸς

270 1421 427 1474 ἐγένετο
467 1424 711 1476 ἀγανακτῶν,
751 1426 998 1477 ἐσκοποῧμεν
1038 1425 1161 1467 πάλιν
1204 1426 1266 1466 καὶ
1305 1426 1598 1477 ἐβουλευόμεθα

271 1489 380 1545 κοινῇ
403 1491 481 1542 ἐγὼ
508 1492 570 1531 καὶ
596 1491 921 1545 Ὀλυμπιόδωρος
943 1494 1093 1540 οὑτοσί,
1119 1494 1256 1534 ὅντινα
1278 1493 1424 1545 τρόπον
1449 1493 1597 1534 τούτων
1618 1513 1658 1534 20

207 1571 251 1606 29
269 1573 306 1596 τι
330 1556 451 1598 πάλιν
478 1558 726 1609 κομιούμεθα.
798 1561 860 1601 καὶ
878 1560 1005 1600 ἐδόκει
1029 1560 1121 1612 ἡμῖν
1137 1560 1445 1612 βουλευομένοις
1470 1578 1594 1612 προσ-

270 1627 480 1666 καλεῖσθαι
514 1626 604 1668 τοὺς
641 1626 1008 1678 ἐπιδεδικασμένους
1047 1629 1143 1668 κατὰ
1179 1631 1249 1668 τὸν
1282 1628 1416 1679 νόμον,
1457 1627 1517 1668 καὶ
1554 1629 1595 1668 ἐκ

269 1695 348 1731 τῶν
377 1692 637 1746 ὑπαρχόντων
674 1693 990 1746 ἀσφαλέστατον
1014 1694 1115 1735 εἶναι
1139 1694 1191 1746 μὴ
1216 1696 1260 1736 ἐν
1287 1699 1341 1750 τῷ
1367 1694 1467 1749 αὐτῷ
1496 1695 1596 1745 ἡμᾶς

269 1758 516 1811 ἀμφοτέρους
553 1763 624 1800 τὸν
667 1762 844 1802 κίνδυνον
882 1764 1082 1802 ποιεῖσθαι
1126 1765 1224 1815 πρὸς
1256 1762 1346 1804 τοὺς
1384 1763 1592 1814 ἀμφισβη-

269 1829 442 1872 τοῦντας,
461 1827 566 1866 ἀλλὰ
582 1827 702 1880 χωρὶς
719 1827 914 1880 ἑκάτερον,
935 1829 996 1870 καὶ
1013 1829 1166 1870 τουτονὶ
1180 1830 1252 1880 μὲν
1268 1828 1596 1881 Ὀλυμπιόδωρον
1617 1848 1654 1880 25
1694 1838 1699 1843 ’

269 1892 364 1932 ὅλου
383 1896 450 1932 τοῦ
469 1892 613 1945 κλήρου
626 1898 782 1948 λαχεῖν,
801 1895 936 1948 ὥσπερ
952 1895 997 1936 τὸ
1021 1897 1226 1948 πρότερον,
1249 1896 1311 1937 καὶ
1329 1896 1595 1948 ἀγωνίζεσθαι

269 1958 354 1998 καθ’
386 1960 516 2006 αὐτόν,
549 1962 615 2011 ἐμὲ
649 1963 690 2002 δὲ
715 1965 783 2002 τοῦ
813 1962 1056 2014 ἡμικληρίου,
1090 1963 1221 2013 ἐπειδὴ
1259 1963 1322 2004 καὶ
1355 1963 1595 2005 Κάλλιππος

204 2040 249 2074 30
269 2025 288 2064 ὁ
314 2026 489 2078 ἀδελφὸς
513 2027 533 2066 ὁ
560 2028 652 2078 ἐμὸς
675 2031 744 2068 τοῦ
771 2029 1005 2081 ἡμικληρίου
1028 2030 1150 2080 μόιόν
1174 2029 1446 2082 ἠμφεσβήτει,
1471 2031 1590 2078 ὅπως,

269 2093 338 2132 ἐὰν
370 2095 443 2144 μὲν
481 2093 802 2148 Ὀλυμπιόδωρος
837 2097 971 2137 οὑτοσὶ
1008 2096 1174 2153 ἐπιτύχῃ
1210 2100 1277 2137 τοῦ
1314 2098 1476 2149 ἀγῶνος,
1516 2097 1592 2150 ἐγὼ

316 2207 328 2227 1
357 2199 538 2239 Πυθόδωρος
555 2200 585 2230 Α
651 2202 711 2239 τὴν
727 2211 751 2231 s.
767 2212 796 2231 ν.
818 2212 836 2232 a
850 2212 898 2241 pr.
915 2211 958 2233 m.
973 2203 996 2233 S
1108 2214 1127 2242 3
1153 2204 1295 2236 ἐκλίπειν
1312 2204 1336 2236 S
1352 2215 1358 2235 ε
1384 2206 1546 2238 ἐλλείπειν
1561 2206 1593 2236 Α

274 2250 310 2270 10
334 2241 360 2272 δ’
377 2243 430 2273 ἀπ’
449 2242 494 2275 Ὀ.
511 2243 543 2272 Λ
632 2245 869 2283 ἀποδημοῦντος
886 2245 1004 2278 τούτου
1021 2257 1085 2277 om.
1103 2246 1142 2278 F¹
1269 2258 1308 2288 13
1331 2251 1392 2281 ποῦ
1406 2247 1438 2278 Α
1528 2252 1592 2281 ἐπι-

267 2286 419 2323 λάβοιντο
433 2286 463 2316 Λ
479 2299 486 2318 :
509 2288 727 2328 λαμβάνοιντο
744 2290 768 2320 S
783 2291 807 2320 F
821 2291 851 2330 Q
866 2291 894 2321 D
1041 2303 1078 2331 15
1105 2295 1169 2325 ἐπεὶ
1187 2294 1212 2324 S
1341 2305 1382 2334 25
1407 2297 1456 2327 καὶ
1474 2306 1539 2327 om.
1558 2296 1590 2327 A

270 2340 337 2366 (me
361 2334 464 2361 testex
596 2335 714 2365 τοῦτον
736 2335 831 2366 codd.
966 2345 1006 2376 27
1031 2337 1098 2378 καὶ]
1123 2337 1157 2369 δὲ
1181 2339 1230 2369 καὶ
1252 2337 1283 2368 Α
1415 2340 1456 2369 28
1480 2343 1496 2371 ὁ
1517 2341 1589 2380 ἐμὸς

268 2374 406 2414 ἀδελφὸς
434 2374 456 2404 F
470 2374 500 2413 Q
516 2374 546 2404 D
698 2378 904 2418 ἠμφεσβήτει
928 2377 953 2410 S
971 2390 978 2409 :
1005 2381 1144 2421 ἠμφισβ.
1171 2381 1258 2420 vulg.
1414 2393 1456 2422 29
1478 2385 1588 2416 οὑτοσὶ

268 2416 520 2460 Ὀλυμπιόδωρος
535 2417 566 2448 Α
