1763 2778
148 125 252 180 XLIII]
492 130 652 166 ΠΡΟΣ
695 127 1122 166 MAKAPTATON
1492 126 1630 182 [1073]

1443 224 1462 240 Φ

147 230 294 269 ἑαυτῶν
332 227 401 268 τὸν
444 229 590 279 κλῆρον
626 227 712 268 νυνὶ
751 226 1022 280 ἀγωνίζονται.
1092 226 1172 278 ἐγὼ
1208 228 1250 267 δὲ
1284 224 1408 281 ᾤμην,
1440 244 1469 265 ω

145 294 284 348 ἄνδρες
321 296 514 341 δικασταί,
543 292 762 347 προσήκειν
795 297 865 334 τὸν
898 293 1116 345 τάλλότρια
1152 293 1293 335 ἀδίκως
1325 293 1470 346 ἔχοντα

146 361 214 402 οὐκ
251 363 447 415 ἐγκαλεῖν,
475 363 508 403 εἰ
543 362 668 403 πλείω
701 361 845 414 χρόνον
883 360 1004 415 εῖχεν,
1031 361 1139 401 ἀλλὰ
1166 359 1283 413 χάριν
1309 359 1467 407 εἰδέναι,

144 428 196 481 μὴ
221 429 327 481 ἡμῖν,
354 429 460 470 ἀλλὰ
485 434 532 486 τῇ
556 429 669 485 τύχῃ,
690 429 751 469 ὅτι
775 428 924 469 πολλαὶ
949 428 1012 469 καὶ
1037 427 1245 480 ἀναγκαῖαι
1270 428 1470 480 διατριβαὶ

107 506 125 538 5
146 495 330 549 ἐγένοντο
356 498 397 538 ἐν
421 500 475 553 τῷ
499 496 647 548 μεταξὺ
670 496 815 552 χρόνῳ,
836 496 942 538 ὥστε
965 499 1033 537 νῦν
1053 495 1141 547 περὶ
1157 495 1307 536 τούτων
1327 495 1469 547 ἀγωνί-

147 564 296 615 ζεσθαι.

213 631 336 672 Οὗτοι
353 632 426 683 μὲν
445 630 514 672 οὗν
532 632 707 672 τοιοῦτοί
723 632 826 672 εἰσιν
841 630 1053 684 ἄνθρωποι,
1072 627 1101 670 ὦ
1118 628 1254 682 ἄνδρες
1276 629 1468 675 δικασταί,
1491 634 1535 668 68

147 698 210 739 καὶ
245 697 360 750 μέλει
391 697 522 741 αὐτοῖς
552 697 665 739 οὐδὲν
698 699 787 739 οὔτε
819 702 886 739 τοῦ
918 700 1026 739 οἴκου
1058 696 1370 749 ἐξερημουμένου
1402 699 1471 736 τοῦ

145 764 306 818 Ἃγνίου
336 765 423 807 οὔτε
453 769 532 807 τῶν
562 765 699 806 ἄλλων
732 766 810 806 ὅσα
842 768 1152 818 παρανομοῦσιν·
1190 763 1333 807 οἵτινές
1356 781 1414 817 γε,
1442 761 1471 803 ‹T›

88 843 126 865 10
147 836 224 874 Ζεῦ
254 833 317 874 καὶ
348 833 444 880 θεοί,
470 835 518 874 τὰ
549 834 622 885 μὲν
655 832 763 874 ἄλλα
792 835 832 874 τί
860 832 908 874 ἄν
936 850 994 875 τις
1025 831 1140 885 λέγοι
1180 832 1267 885 περὶ
1303 831 1469 878 τούτων,·

147 902 281 941 πολλὰ
299 901 374 954 γὰρ
392 899 441 941 ἂν
461 901 519 951 εἴη
538 900 686 953 λέγειν·
722 900 765 941 ἓν
784 902 826 942 δὲ
847 899 867 940 δ
887 899 1222 952 παρανομώτατον
1241 898 1305 940 καὶ
1327 899 1473 951 μιαρώ-

145 984 263 1009 τατον
291 966 630 1021 διαπεπραγμένοι
660 968 776 1015 εἰσίν,
803 967 866 1008 καὶ
894 966 1074 1019 μάλιστα
1098 966 1388 1018 ἐνδεικνύμενοι
1411 966 1472 1005 ὅτι

146 1034 259 1076 οὐδὲν
295 1034 427 1078 αὐτοῖς
458 1034 571 1087 μέλει
605 1034 712 1086 πλὴν
748 1038 816 1075 τοῦ
854 1037 1120 1076 πλεονεκτεῖν·
1183 1034 1228 1075 οὐ
1260 1035 1335 1086 γὰρ
1368 1032 1470 1086 ἔφθη
1491 1036 1536 1081 69

147 1103 387 1154 Θεόπομπος
423 1101 495 1154 τὴν
535 1103 785 1143 ἐπιδικασίαν
823 1101 1092 1154 ποιησάμενος
1126 1105 1194 1142 τοῦ
1228 1099 1372 1152 κλήρου
1404 1103 1472 1140 τοῦ

87 1177 124 1210 15
146 1169 306 1223 Ἃγνίου
337 1169 405 1211 τὸν
436 1170 584 1222 τρόπον
621 1173 760 1211 τοῦτον
797 1169 841 1211 ὃν
875 1170 986 1221 ὑμεῖς
1023 1169 1227 1220 ἀκηκόατε,
1264 1167 1326 1208 καὶ
1362 1166 1473 1209 εὐθὺς

147 1236 367 1289 ἐνεδείξατο
399 1237 459 1277 ὅτι
490 1239 539 1278 τὰ
567 1237 680 1278 οὐδὲν
710 1236 964 1290 προσήκοντα
996 1238 1119 1292 ἑαυτῷ
1148 1235 1257 1290 ἔχειν
1281 1235 1470 1286 ἐνόμιζεν.

146 1302 166 1344 ὃ
191 1305 266 1357 γὰρ
299 1303 348 1355 ἣν
376 1305 570 1346 πλείστου
597 1303 708 1355 ἄξιον
734 1306 776 1346 ἐν
809 1308 891 1347 τοῖς
923 1304 1083 1358 χωρίοις
1116 1306 1198 1345 τοῖς
1222 1302 1382 1355 Ἃγνίου
1412 1301 1474 1341 καὶ

146 1371 385 1423 ἐθαυμάζετο
408 1371 588 1424 μάλιστα
605 1373 680 1413 ὑπὸ
700 1376 777 1413 τῶν
797 1372 1046 1425 προσχώρων
1065 1371 1128 1411 καὶ
1146 1369 1222 1411 ὑπὸ
1241 1373 1318 1410 τῶν
1336 1369 1474 1409 ἄλλων

146 1439 375 1492 ἀνθρώπων,
407 1441 446 1480 αἱ
482 1441 609 1486 ἐλᾶαι,
642 1439 782 1481 ταύτας
822 1438 1038 1492 ἐξώρυττον
1079 1438 1141 1478 καὶ
1183 1435 1471 1490 ἐξεπρέμνιζον,

86 1524 126 1545 20
147 1504 272 1547 πλέον
296 1503 320 1557 ἢ
344 1507 459 1560 χίλια
479 1506 668 1561 στελέχη,
690 1507 780 1548 ὅθεν
801 1507 935 1547 ἔλαιον
957 1505 1059 1547 πολὺ
1080 1505 1273 1558 ἐγίγνετο.
1331 1503 1474 1545 ταύτας

148 1573 255 1614 οὗτοι
296 1573 490 1615 ἀπέδοντο
538 1574 884 1627 ἐκπρεμνίσαντες,
931 1574 993 1613 καὶ
1040 1572 1225 1625 ἀργύριον
1272 1570 1474 1623 ὑπέρπολυ

146 1640 311 1692 ἔλαβον.
371 1641 434 1682 καὶ
458 1640 564 1682 ταῦτ’
584 1642 741 1682 ἐποίουν
767 1641 872 1682 οὗτοι
899 1641 1074 1681 ἐπιδίκου
1099 1642 1213 1681 ὄντος
1236 1642 1304 1679 τοῦ
1329 1636 1474 1689 κλήρου
1496 1634 1634 1688 [1074]

144 1711 213 1748 τοῦ
242 1707 416 1762 Ἀγνίου-
442 1709 539 1749 κατὰ
570 1708 639 1750 τὸν
669 1709 804 1760 νόμον,
834 1707 917 1749 καθ’
943 1709 1063 1760 ὅνπερ
1093 1707 1201 1747 οὗτοι
1224 1705 1296 1756 τὴν
1319 1704 1473 1745 τουτουὶ

144 1774 293 1828 μητέρα
329 1775 695 1828 προσεκαλέσαντο.
766 1777 826 1817 ὅτι
862 1778 904 1816 δὲ
945 1774 1051 1816 ταῦτ’
1091 1775 1218 1824 ἀληθῆ
1258 1772 1378 1825 λέγω,
1412 1771 1474 1811 καὶ
1495 1778 1539 1813 70

86 1851 123 1883 25
145 1841 431 1895 ἐξεπρέμνισαν
469 1843 575 1884 οὗτοι
607 1845 678 1886 τὰς
709 1842 829 1886 ἐλάας
863 1844 906 1883 ἐκ
938 1846 1014 1883 τῶν
1048 1842 1203 1896 χωρίων
1233 1841 1287 1881 ὧν
1311 1839 1474 1891 (Αγνίας

145 1908 368 1958 κατέλιπεν,
386 1909 584 1963 μάρτυρας
607 1912 698 1963 ὑμῖν
722 1911 871 1951 τούτων
897 1909 1148 1962 παρεξόμεθα
1169 1907 1259 1949 τούς
1284 1924 1325 1948 τε
1350 1923 1474 1958 προσ-

144 1977 297 2030 χώρους
316 1978 379 2018 καὶ
403 1982 481 2019 τῶν
505 1977 642 2019 ἄλλων
667 1978 732 2020 οὓς
758 1976 1100 2031 παρεκαλέσαμεν,
1125 1974 1182 2016 ὅτ’
1210 1973 1471 2027 ἐπεμαρτυρό-

143 2047 244 2095 μεθα
268 2044 355 2097 περὶ
378 2045 538 2087 τούτων.
611 2045 706 2098 λέγε
730 2045 801 2096 τὴν
825 2044 1054 2098 μαρτυρίαν.

188 2162 208 2192 5
233 2154 298 2186 νυνὶ
315 2155 384 2196 περὶ
401 2155 524 2187 τούτων
541 2154 613 2195 ἡμῖν
629 2154 662 2186 Α
791 2165 813 2194 9
835 2168 874 2196 ’γε
897 2164 960 2186 om.
982 2153 1014 2184 A
1146 2162 1181 2182 11
1207 2152 1226 2184 ‘b
1243 2151 1352 2190 codd.‚
1371 2149 1471 2180 etiam

146 2195 173 2227 F
189 2208 196 2227 :
221 2197 342 2228 iniuria
359 2198 422 2230 del.
441 2198 592 2228 Dindors
672 2207 710 2237 13
729 2198 819 2231 οὐδὲν
836 2199 933 2229 codd.
950 2208 957 2228 :
981 2197 1106 2229 οὐδενὸς
1124 2195 1252 2226 Reiske
1344 2203 1381 2232 14
1398 2194 1471 2232 ἡμῖν

145 2245 225 2271 ante
241 2241 456 2282 ποιησάμενος
473 2242 551 2272 add.
568 2242 601 2272 A
738 2252 776 2281 15
801 2242 931 2273 ἀκούετε
948 2240 979 2271 Α
1128 2241 1166 2269 18
1191 2240 1249 2271 ὑπὸ
1267 2238 1292 2268 S
1306 2237 1330 2267 F
1342 2236 1372 2274 Q
1389 2247 1395 2266 ἶ
1419 2236 1469 2268 Καὶ

145 2284 203 2315 ὑπὸ
219 2283 252 2314 Α
364 2294 405 2324 19
426 2286 530 2317 ἐλαῖαι
547 2286 643 2317 codd.
664 2285 716 2316 hic
734 2291 767 2315 et
784 2285 869 2316 infra
988 2294 1030 2315 20
1054 2283 1154 2314 πλέον
1169 2282 1200 2312 Α
1216 2293 1223 2312 :
1246 2283 1358 2313 πλεῖον
1368 2283 1441 2310 cett.
1460 2291 1467 2310 t

143 2331 238 2359 πλεῖν
255 2328 408 2359 Dindorf
511 2330 596 2361 πολὺ
612 2329 641 2358 Α
658 2340 664 2359 ῑ
690 2330 849 2370 ὑπερπολὺ
868 2333 945 2360 cett.
1073 2327 1192 2358 ταύτας
1208 2325 1238 2354 Α
1254 2336 1260 2355 2
1285 2326 1333 2356 καὶ
1351 2323 1469 2354 Ταύτας

143 2376 221 2401 cett·
322 2382 364 2410 23
388 2373 513 2404 τουτουὶ
529 2373 552 2403 S
566 2373 597 2402 A
612 2384 618 2402 :
635 2373 750 2404 τούτου
762 2373 849 2411 vulg.
954 2380 994 2409 25
1013 2370 1173 2402 οὗτοιοητ.
1186 2369 1217 2398 Α
1319 2377 1357 2404 27
1377 2368 1468 2406 ἐμαρ-

141 2414 297 2457 τυρόμεθα
313 2415 345 2446 Α
363 2415 446 2458 (περὶ
462 2415 583 2448 τούτων
599 2416 737 2457 omisso)
