1742 2774
167 562 209 588 21

168 1101 211 1126 22

69 1423 210 1478 [1057]

169 1834 211 1868 23

639 99 1152 154 [ΔΙΙΜΟΣΘΕΝΟΎΣ]
1454 97 1557 153 [xmn

232 203 421 252 ἑκάστου,·
459 205 570 245 ὄντες
595 204 670 255 γὰρ
690 204 732 243 ἐν
756 202 808 258 τῷ
832 202 934 257 αὐτῷ
948 201 1054 254 γένει
1079 201 1308 255 Θεοπόμπῳ
1326 199 1388 241 καὶ
1404 199 1555 252 προσή-

233 289 366 314 κοντες
398 272 541 321 ὁμοίως
570 274 623 325 τῷ
648 269 800 324 Ἁγνίᾳ,
828 269 872 309 οῦ
896 271 1007 310 ἐστιν
1037 269 1057 308 ὁ
1082 271 1237 320 κλῆρος,
1273 268 1398 310 οὐδεὶς
1429 266 1557 308 αὐτῶν

231 339 320 380 οὔτε
339 339 528 391 πρότερον
548 338 702 379 πώποτε
729 337 817 378 οὔτε
842 339 910 378 νῦν
936 336 1174 390 ἠνώχλησεν
1198 335 1306 386 ἡμῖν,
1323 334 1403 376 οὐδ’
1427 334 1555 387 ἠμφε-

232 405 442 458 σβήτησεν
459 406 547 447 οὔτε
566 408 634 445 τοῦ
650 403 796 457 κλήρου
814 407 882 444 τοῦ
905 403 1067 456 Ἃγνίου
1087 403 1175 443 οὔτε
1194 405 1264 453 τῆς
1288 401 1472 455 γυναικὸς
1488 404 1557 453 τῆς

231 472 456 525 ἐπικλήρου,
474 471 523 523 ἢν
543 473 620 525 ἐγὼ
642 472 721 525 ἔχω
742 470 1083 522 ἐπιδικασάμενος,
1101 470 1312 523 ἡγούμενοι
1329 469 1408 510 οὐδ’
1427 470 1557 510 ὁτιοῦν
1577 486 1596 519 5

231 539 447 593 προσήκειν
473 543 624 581 ἑαυτοῖς·
647 538 805 581 οὐδενὸς
829 542 907 579 τῶν
939 537 1112 591 εΑγνίου.
1183 537 1391 590 περίεργον
1420 535 1466 587 δή
1490 553 1558 587 μοι

231 610 338 649 δοκεῖ
355 607 453 649 εῖναι
471 606 605 659 λέγειν
624 624 661 647 τι
681 607 768 658 περὶ
784 606 944 652 τούτων,
965 604 1070 656 πλὴν
1087 606 1166 646 ὅσα
1181 603 1229 656 ἐξ
1249 603 1422 657 ἀνάγκης
1447 603 1557 644 ἐστὶν

231 676 533 726 ἐπιμνησθῆναι.
604 674 692 726 περὶ
716 676 758 715 δὲ
777 673 1021 724 Θεοπόμπου
1045 676 1113 712 τοῦ
1132 671 1276 725 πατρὸς
1299 675 1367 711 τοῦ
1392 674 1554 723 Μακαρ-

230 742 347 783 τάτου
374 742 437 782 καὶ
456 742 571 782 αὐτοῦ
595 740 747 781 τουτουὶ
773 739 1048 792 Μακαρτάτου,
1076 739 1164 792 περὶ
1189 739 1336 779 τούτων
1360 738 1429 790 μοί
1446 739 1558 779 ἐστιν

232 808 274 860 ἐξ
310 808 484 862 ἀνάγκης
520 807 668 861 λέγειν.
728 807 839 848 ἔστιν
878 809 919 848 δὲ
954 806 1110 861 βραχὺς
1144 807 1163 846 ὁ
1195 806 1329 859 λόγος,
1361 803 1390 846 ὦ
1420 804 1557 858 ἄνδρες

231 878 426 917 δικασταί.
496 876 632 928 ὥσπερ
657 877 732 928 γὰρ
756 875 896 928 ὀλίγον
924 892 962 915 τι
986 875 1176 926 πρότερον
1201 873 1393 924 ἀκηκόατε
1417 873 1478 912 ὅτι
1508 872 1560 928 τῷ

233 943 422 999 Βουσέλῳ
459 943 578 984 πέντε
613 945 707 984 υἱεῖς
744 941 940 995 ἐγένοντο,
979 942 1127 982 τούτων
1161 941 1215 983 εἷς
1243 939 1290 992 ἦν
1323 939 1508 993 Στρατίος
1536 939 1557 979 ὁ

230 1011 384 1051 τουτουὶ
409 1011 603 1064 πρόγονος
631 1008 908 1062 Μακαρτάτου,
932 1009 995 1050 καὶ
1020 1009 1152 1061 ἕτερος
1177 1007 1339 1060 Ἁγνίας
1359 1007 1379 1046 ὁ
1403 1007 1557 1047 τουτουὶ

231 1079 423 1131 πρόγονος
447 1082 515 1118 τοῦ
541 1078 691 1119 παιδός.
763 1075 920 1129 ἐγένετο
945 1076 992 1130 δὴ
1017 1075 1099 1117 υἱὸς
1123 1076 1176 1130 τῷ
1201 1074 1344 1129 Ἀγνίᾳ
1359 1073 1558 1124 Πολέμων

232 1145 296 1186 καὶ
321 1145 493 1198 θυγάτηρ
520 1143 756 1198 Φυλομάχη,
783 1143 939 1196 ἀδελφὴ
965 1146 1034 1183 τοῦ
1064 1142 1308 1194 Πολέμωνος
1338 1141 1558 1192 ὁμοπατρία

234 1213 296 1254 καὶ
321 1213 551 1266 ὁμομητρία·
589 1215 656 1253 τοῦ
680 1214 723 1253 δὲ
747 1211 938 1264 Στρατίου
971 1209 1156 1263 ἐγένοντο
1188 1213 1256 1249 τοῦ
1287 1210 1467 1261 ἀδελφοῦ
1490 1211 1557 1248 τοῦ

231 1280 392 1333 Ἁγνίου
417 1279 702 1332 Φανόστρατος
727 1280 789 1320 καὶ
814 1279 1039 1331 Χαρίδημος
1063 1279 1083 1317 ὁ
1108 1277 1262 1318 τουτουὶ
1286 1275 1444 1317 πάππος
1470 1277 1558 1315 Μα-

233 1347 436 1400 καρτάτου.
509 1348 638 1400 ἐρωτῶ
681 1345 725 1397 δὴ
767 1347 877 1397 ὑμᾶς,
915 1343 945 1386 ὦ
981 1344 1117 1397 ἄνδρες
1158 1344 1352 1389 δικασταί,
1393 1342 1558 1394 πότερος

231 1415 466 1467 οἰκειότερός
491 1415 602 1455 ἐστιν
628 1414 690 1454 καὶ
715 1412 909 1466 προσήκει
938 1415 1097 1464 μᾶλλον
1121 1412 1172 1467 τῷ
1194 1410 1348 1464 Ἁγνίᾳ,
1375 1410 1395 1449 ὁ
1423 1408 1505 1451 υἱὸς
1538 1409 1558 1448 ὁ

233 1482 430 1534 Πολέμων
465 1482 527 1522 καὶ
551 1482 573 1533 ἡ
612 1479 786 1533 θυγάτηρ
809 1481 831 1531 ἡ
867 1478 1100 1532 Φυλομάχη,
1127 1475 1150 1529 ἦ
1180 1479 1407 1531 Χαρίδημος
1432 1477 1452 1516 ὁ
1476 1475 1558 1518 υἱὸς

232 1551 435 1603 Στρατίου,
458 1550 698 1601 ἀδελφιδοῦς
723 1547 754 1588 δ’
781 1547 960 1600 “Αγνίου,·
999 1547 1077 1599 ἐγὼ
1101 1547 1173 1597 μὲν
1198 1543 1274 1598 γὰρ
1298 1545 1466 1597 ἡγοῦμαι
1489 1546 1558 1584 τὸν

231 1616 315 1658 υἱὸν
342 1617 402 1657 καὶ
427 1615 498 1667 τὴν
518 1615 711 1668 θυγατέρα
730 1615 965 1667 οἰκειότερον
985 1614 1085 1654 εἶναι
1105 1611 1258 1667 ἑκάστῳ
1277 1612 1387 1663 ἡμῶν
1401 1613 1558 1662 μᾶλλον

231 1681 254 1735 ἦ
280 1683 348 1725 τὸν
374 1685 628 1736 ἀδελφιδοῦν·
667 1683 729 1724 καὶ
753 1682 798 1722 οὐ
813 1682 936 1734 μόνον
961 1680 1050 1734 παρ’
1069 1681 1162 1731 ἡμῖν
1177 1683 1291 1720 τοῦτο
1315 1679 1556 1730 νενόμισται,

232 1752 338 1792 ἀλλὰ
373 1751 437 1792 καὶ
472 1752 576 1803 παρὰ
611 1753 691 1792 τοῖς
727 1749 866 1792 ἄλλοις
901 1746 1029 1789 ἅπασι
1065 1747 1127 1788 καὶ
1145 1746 1326 1797 “Έλλησι
1363 1746 1425 1786 καὶ
1460 1749 1560 1797 βαρ-

231 1818 387 1872 βάροις.
457 1817 589 1868 ἐπειδὴ
622 1818 753 1858 τοίνυν
782 1820 896 1857 τοῦτο
923 1817 1187 1868 ὁμολογεῖται,
1213 1814 1356 1868 ῥαδίως
1379 1812 1451 1864 ἤδη
1476 1815 1560 1854 τοῖς

231 1886 383 1932 ἄλλοις,
401 1884 430 1926 ὦ
451 1885 588 1938 ἄνδρες
608 1885 804 1931 δικασταί,
826 1880 1211 1936 παρακολουθήσετε,
1230 1881 1293 1921 καὶ
1310 1879 1559 1931 αἰσθήσεσθε

231 1954 392 1995 τούτους
416 1954 476 1993 ὅτι
502 1952 579 1993 εἶσὶ
602 1953 730 2004 βίαιοι
756 1952 818 1992 καὶ
843 1952 1030 2003 ἀσελγεῖς
1055 1949 1263 2002 ἄνθρωποι.
1334 1950 1404 1988 τοῦ
1428 1945 1559 1986 Πολέ-

232 2038 361 2072 μωνος
385 2019 460 2073 γὰρ
484 2023 553 2061 τοῦ
567 2018 670 2061 υἱέος
688 2022 756 2059 τοῦ
781 2018 942 2072 Ἃγνίου
959 2017 1116 2071 ἐγένετο
1132 2015 1213 2058 υἱὸς
1228 2014 1403 2068 Ἃγνίας,
1423 2017 1467 2054 τὸ
1491 2016 1560 2054 τοῦ

281 2143 300 2171 3
324 2131 404 2172 οὐδ’]
423 2132 495 2162 οὔτε
513 2129 580 2161 SA
593 2130 620 2160 F
633 2129 663 2160 D
766 2131 910 2169 ἧμφεσβ.
930 2128 954 2160 S
971 2139 978 2159 ε
1003 2129 1143 2168 ἠμφισβ.
1161 2130 1239 2157 cett.
1396 2134 1414 2163 7
1440 2136 1472 2155 τι
1488 2124 1557 2164 περὶ

234 2176 337 2214 SFQ
352 2175 392 2215 D,
412 2174 452 2205 cf.
474 2174 558 2205 Isae.
580 2174 613 2203 iii
634 2184 668 2203 11
689 2184 696 2204 ε
719 2174 789 2214 περὶ
807 2173 837 2202 Α
948 2182 969 2210 9
991 2172 1116 2203 τουτουὶ
1134 2179 1199 2201 om.
1217 2169 1250 2200 A
1365 2178 1399 2197 11
1427 2166 1556 2207 ὀλίγον]

235 2221 333 2261 ὀλίγῳ
347 2219 388 2259 Α,
402 2218 607 2249 Schaefern
620 2217 733 2248 deleto
826 2217 865 2246 16
883 2219 928 2256 τῷ
942 2215 975 2247 δὲ
986 2215 1130 2256 Στρατίῳ
1142 2238 1149 2246 .
1163 2237 1171 2244 .
1186 2236 1194 2244 .
1208 2215 1252 2253 τᾷ
1263 2213 1390 2252 ἀδελφῷ
1404 2210 1434 2240 D
1520 2220 1557 2249 17

233 2263 454 2306 Φανόστρατος
470 2262 512 2301 Λ,
531 2262 572 2293 cs.
593 2264 609 2298 ξ
626 2272 668 2299 42
683 2272 690 2292 ἓ
714 2259 921 2300 Φανοστράτη
937 2263 1017 2289 cett.
1110 2257 1226 2289 τούτου
1242 2256 1340 2286 codd.
1438 2255 1476 2284 18
1501 2253 1556 2293 δὴ]

235 2309 264 2340 δ’
278 2307 310 2338 Α
424 2316 462 2345 19
478 2304 664 2345 οἰκειότερος
680 2316 746 2335 om.
766 2304 790 2334 S
880 2306 897 2335 ὁ
912 2303 975 2335 υἱὸς
993 2304 1009 2334 ὁ
1025 2301 1079 2332 A:
1105 2300 1195 2333 οὗτος
1212 2299 1272 2330 SF
1287 2298 1317 2337 Q
1331 2299 1361 2328 D
1480 2307 1522 2328 20
1538 2297 1558 2336 ἡ

234 2356 312 2382 ante
323 2350 497 2391 Φυλομάχη
512 2360 577 2380 om.
596 2349 628 2379 A
727 2358 765 2378 21
792 2347 947 2389 Στρατίου
964 2347 987 2377 S
999 2345 1024 2376 F
1037 2344 1068 2383 Q
1083 2344 1112 2374 D
1127 2355 1134 2375 τ
1161 2347 1176 2376 ὁ
1193 2342 1312 2384 Στρ.Α
1408 2351 1449 2371 22
1466 2342 1558 2373 οἰκει-

235 2396 345 2438 ότερον
359 2394 392 2425 Α
405 2405 413 2425 :
436 2393 635 2427 οἰκειότατον
651 2395 730 2423 cett.
864 2391 906 2421 28
928 2391 968 2422 τὸ
983 2393 1098 2420 servat
1112 2387 1144 2418 A
1162 2387 1255 2418 solus

1581 825 1618 846 10

1579 1159 1617 1192 15

1579 1496 1619 1518 20
