1763 2778
39 113 172 168 [1108]
619 121 654 156 Δ
667 119 1025 157 ΗΜΟΣΘΕΝΟ
1038 120 1112 157 ΥΣ
1431 117 1519 170 [κω

192 220 412 268 μαρτυρεῖν,
440 218 474 257 εἰ
498 218 546 256 τὰ
570 215 733 268 μάλιστ’
759 216 928 269 ἐγίγνεθ’
952 218 974 269 ἡ
1001 218 1231 269 πρόκλησις,
1261 217 1311 259 ὡς
1339 217 1407 258 οὐκ
1437 219 1516 271 ἐγί-

193 301 321 335 γνετο,
357 285 514 326 ἐκείνως
545 288 765 337 μαρτυρεῖν.
826 283 921 337 λέγε
952 284 1022 335 τὴν
1052 286 1264 337 μαρτυρίαν
1298 284 1363 325 ἀπ’
1397 286 1520 338 ἀρχῆς

192 350 325 392 πάλιν.

35 430 171 486 [1109]
742 445 949 472 MAPTTPIA.

246 503 487 550 hlaprvpofiffl
507 503 674 550 παρεῖναι
694 501 785 551 πρὸς
804 506 853 553 τῷ
874 501 1041 553 διαιτητῇ
1059 502 1243 553 Τεισίᾳ-
1541 531 1557 560 5

194 586 490 636 Μαρτυροῦμεν·
528 587 705 637 παρῆμεν
729 587 803 638 γὰρ
830 583 890 636 δή·
927 585 1033 638 λέγε.

246 666 306 704 ὅτε
324 668 569 716 προύκαλεῖτο
590 668 759 717 Φορμίων
777 667 1121 718 Ἀπολλόδωρον-

195 749 269 789 Καὶ
294 753 421 795 τοῦτο,
449 751 559 802 ε’ίπερ
583 751 856 802 προύκαλεῖτο,
882 752 1006 804 ὀρθῶς
1031 751 1080 792 ἂν
1106 752 1356 804 ἐμαρτύρουν.

246 835 275 870 εἷ
294 833 346 882 μή
366 837 485 882 φησιν
507 834 715 885 ἀντίγραφα
737 833 826 872 εῖναι
846 838 917 873 τῶν
937 834 1118 884 διαθηκῶν
1137 838 1208 872 τῶν
1230 835 1479 874 Πασίωνος-

128 946 172 980 26
254 939 347 993 ’'EX’
373 940 504 982 αὐτοῦ.
562 940 642 981 οὐδ’
666 939 713 981 ἂν
740 941 795 984 εῖς
818 942 876 983 ἔτι
906 940 1030 992 δήπου
1053 941 1154 982 τοῦτ’
1178 942 1459 995 ἐμαρτύρησεν,
1487 943 1521 982 εἰ
1543 963 1580 986 10

191 1006 244 1058 μή
269 1024 326 1048 τις
353 1008 415 1047 καὶ
440 1010 568 1059 παρῆν
586 1007 840 1064 διατιθεμένῳ
867 1012 919 1063 τῷ
946 1010 1063 1062 πατρὶ
1087 1012 1140 1064 τῷ
1167 1010 1258 1063 ἐμῷ·
1298 1009 1389 1049 ἀλλ’
1410 1009 1520 1051 εὐθὺς

192 1074 239 1114 ἂν
266 1074 351 1115 εἶπε
378 1076 446 1114 ίτί
475 1074 507 1114 δ’
540 1074 652 1126 ἡμεῖς
685 1077 801 1127 ἴσμεν
834 1078 870 1116 εἴ
896 1075 999 1117 τινές
1030 1077 1108 1116 εἰσι
1144 1078 1324 1126 διαθῆκαι
1356 1077 1520 1116 Πασίω-

192 1140 303 1188 νος;’
344 1141 407 1182 καὶ
437 1140 607 1194 γράφειν
637 1141 685 1182 ἂν
712 1143 830 1183 αὐτὸν
855 1141 1039 1193 ἠξίωσεν,
1075 1144 1209 1195 ὥσπερ
1242 1144 1292 1183 ἐνν
1314 1144 1415 1200 ἀρχῇ
1451 1145 1519 1194 τῆς

192 1207 451 1260 προκλήσεως
479 1211 488 1226 ‘
509 1210 542 1249 εἰ
566 1208 617 1260 μή
645 1209 755 1262 φημ’
780 1210 869 1262 ἐγὼ
902 1210 1128 1263 ἀντίγραφα
1153 1210 1253 1250 εἶναι
1281 1214 1360 1250 τῶν
1384 1212 1517 1261 διαθη-

192 1279 269 1315 κῶν
286 1274 308 1321 ’,
330 1277 452 1317 οὕτως
472 1277 484 1292 ‘
499 1277 554 1316 ὧν
572 1281 698 1328 φησι
724 1278 943 1329 Φορμίων
960 1279 1156 1318 Πασίωνα
1181 1280 1413 1318 καταλιπεῖν
1431 1276 1453 1323 ’,
1475 1277 1520 1317 οὗ
1545 1299 1578 1330 15

193 1344 204 1359 ‘
223 1346 300 1382 τῶν
325 1343 539 1384 Πασίωνος
555 1342 578 1383 ’.
643 1347 758 1383 τοῦτο
777 1346 849 1395 μὲν
873 1346 949 1397 γὰρ
974 1343 1020 1394 ἦν
1041 1344 1140 1384 εῖναι
1165 1343 1349 1395 διαθήκας
1373 1362 1517 1397 μαρτυ-

189 1413 286 1461 ρεῖν,
308 1410 403 1462 ὅπερ
423 1409 470 1460 ἦν
490 1409 641 1452 τούτοις
661 1411 859 1462 βούλημα,
883 1412 1009 1451 ἐκεῖνο
1036 1414 1075 1451 δὲ
1103 1411 1274 1464 φάσκειν
1292 1413 1518 1463 Φορμίωνα·

191 1479 384 1517 πλεῖστον
415 1478 457 1517 δὲ
493 1475 617 1528 δήπου
655 1478 895 1531 κεχώρισται
930 1479 976 1518 τό
1012 1478 1044 1519 τ’
1078 1478 1178 1519 εἶναι
1209 1478 1271 1519 καὶ
1307 1478 1351 1519 τὸ
1384 1482 1520 1520 τοῦτον

191 1543 375 1596 φάσκειν.

127 1634 169 1668 27
250 1610 338 1651 Ἵνα
372 1613 505 1652 τοίνυν
539 1611 660 1663 εἰδῆθ’
693 1613 791 1665 ὑπὲρ
823 1612 973 1663 ἡλίκων
1005 1613 1066 1653 καὶ
1103 1614 1211 1654 ὅσων
1240 1611 1287 1664 ἣν
1320 1612 1364 1654 τὸ
1401 1630 1517 1654 κατα·
1540 1635 1579 1657 20

192 1678 398 1729 σκεύασμα
422 1678 467 1718 τὸ
490 1681 560 1729 τῆς
585 1679 781 1730 διαθήκης,
809 1680 911 1732 μίκρ’
939 1680 1135 1721 ἀκούσατέ
1159 1698 1247 1732 μου.
1300 1679 1349 1731 ἦν
1374 1680 1461 1733 γάρ,
1490 1679 1518 1720 ὦ
1543 1681 1546 1683 ’

190 1744 327 1798 ἄνδρες
361 1745 578 1796 Ἀθηναῖοι,
614 1751 729 1787 τοῦτο
765 1751 920 1799 πρῶτον
947 1749 1021 1799 μὲν
1055 1749 1152 1800 ὑπὲρ
1188 1751 1256 1787 τοῦ
1291 1747 1343 1798 μὴ
1386 1750 1519 1788 δοῦναι

191 1813 300 1862 δίκην
324 1813 380 1852 ὧν
402 1812 644 1865 διεφθάρκει,
674 1813 723 1864 ἣν
749 1814 833 1864 ἐμοὶ
857 1816 930 1865 μὲν
954 1814 998 1854 οὐ
1026 1814 1148 1855 καλὸν
1171 1814 1319 1866 λέγειν,
1346 1815 1454 1865 ὑμεῖς
1483 1814 1516 1854 δ’

192 1880 290 1924 ἴστε,
326 1878 397 1919 κᾶν
428 1880 505 1932 ἐγὼ
538 1879 589 1931 μὴ
623 1880 743 1933 λέγω,
769 1880 892 1921 ἔπειθ’
917 1883 1013 1934 ὑπὲρ
1045 1886 1113 1922 τοῦ
1140 1885 1356 1934 κατασχεῖν
1380 1880 1444 1921 ὅσ’
1468 1880 1518 1932 ἦν

190 1949 242 2000 τῷ
266 1946 442 2001 ἡμετέρῳ
466 1947 582 1998 πατρὶ
606 1947 787 2000 χρήματα
814 1950 916 2000 παρὰ
941 1955 987 2005 τῇ
1011 1949 1139 2001 μητρί,
1172 1948 1267 2001 πρὸς
1297 1951 1336 1989 δὲ
1366 1949 1518 1990 τούτοις
1540 1970 1577 2000 25

190 2014 286 2065 ὑπὲρ
319 2017 386 2053 τοῦ
420 2013 482 2053 καὶ
509 2018 588 2054 τῶν
613 2014 749 2055 ἄλλων
773 2019 851 2055 τῶν
875 2015 1074 2067 ἡμετέρων
1099 2015 1282 2056 ἁπάντων
1310 2017 1424 2070 κυρίῳ
1448 2033 1514 2069 γε-

191 2079 342 2121 νέσθαι.
411 2082 472 2120 ὅτι
492 2080 524 2120 δ’
549 2082 647 2121 οὕτω
680 2081 786 2121 ταῦτ’
813 2082 910 2135 ἔχει,
937 2085 1006 2133 τῆς
1033 2082 1218 2133 διαθήκης
1251 2083 1369 2134 αὐτῆς
1401 2083 1514 2123 ἀκού-

191 2164 335 2190 σαντες
356 2148 578 2200 γνώσεσθε·
617 2148 840 2201 φανήσεται
865 2151 940 2202 γὰρ
965 2149 1009 2189 οὐ
1035 2150 1181 2202 πατρὸς
1207 2150 1257 2191 ὡς
1281 2151 1378 2202 ὑπὲρ
1401 2150 1516 2190 υἱέων

237 2267 250 2287 1
277 2261 527 2298 τ’τρὁίτμαρτυρειν
545 2257 570 2289 S
718 2268 737 2297 5
762 2258 919 2300 παρεῖναι]
937 2259 999 2300 ’γὰρ
1016 2259 1092 2291 εἶναι
1111 2259 1134 2290 S
1281 2269 1301 2298 9
1325 2260 1409 2299 εἰμὴ
1427 2258 1493 2297 SQ
1508 2269 1515 2289 :

191 2300 210 2338 ἦ
226 2301 290 2339 μὴν
306 2300 329 2329 F
347 2301 375 2330 D
513 2311 549 2339 15
575 2302 674 2334 οὕτως
690 2301 732 2334 ὧν
744 2303 842 2334 Blass
857 2313 864 2333 ε
887 2304 985 2334 οὕτως
1003 2304 1043 2335 ὡς
1055 2303 1085 2341 Q
1102 2316 1152 2343 ’γρ-
1171 2314 1178 2333 :
1203 2301 1244 2334 ὧν
1261 2307 1338 2334 cett.
1452 2308 1511 2334 Πα-

191 2345 287 2375 σίωνα
299 2354 365 2374 om.
379 2344 403 2374 S
494 2355 531 2373 ει
551 2346 588 2376 τὺ
601 2349 659 2383 τῆς
674 2345 715 2375 S:
732 2348 790 2383 τῆς
803 2351 880 2377 cett.
1005 2348 1047 2376 26
1063 2346 1168 2387 κύριον
1184 2346 1373 2384 Lambinus,
1393 2346 1452 2375 scd
1472 2345 1512 2376 cs.

191 2397 237 2417 xx
259 2398 317 2426 107
465 2390 506 2418 28
524 2390 564 2420 ὡς
580 2388 655 2429 ὑπὲρ
672 2388 787 2420 Wolf:
813 2390 918 2430 ὥσπερ
934 2389 1030 2419 codd.
1048 2401 1055 2420 ι
1079 2392 1120 2423 ὡς
1136 2391 1202 2431 περὶ
1222 2400 1285 2428 mg.
1307 2390 1384 2420 edit.
1406 2389 1511 2419 Paris.

191 2431 269 2463 ὑέων
286 2430 311 2461 S
