1763 2778
100 130 233 186 [1143]
651 128 705 184 [Δ
717 135 753 172 H
767 135 806 172 M
818 135 853 172 O
863 135 939 172 ΣΘ
950 135 980 172 E
990 135 1026 172 N
1037 130 1167 185 οτΣ]
1469 128 1584 184 [mn

258 244 509 296 ἐξηπάτησας
532 244 623 286 τοὺς
647 242 847 290 δικαστάς,
873 246 1034 296 ψευδεῖς
1057 243 1253 296 μάρτυρας
1278 243 1585 297 παρασχόμενος

258 312 309 355 ὡς
335 312 483 353 ἐθέλων
508 315 760 363 παραδοῦναι.

197 385 238 420 16
324 378 486 429 Ἐπειδὴ
525 380 655 419 τοίνυν
698 395 762 418 σοι
803 378 894 418 τότε
929 377 974 418 οὐ
1009 380 1136 430 παρῆν
1171 378 1194 429 ἡ
1231 377 1446 430 ἄνθρωπος,
1480 379 1585 418 ἀλλὰ

256 447 446 499 πρότερον
472 444 754 497 ἐσημάνθησαν
780 447 816 486 οἱ
842 447 979 499 ἐχῖνοι,
1000 446 1168 497 ὕστερον
1187 445 1298 485 ἔστιν
1323 446 1420 486 ὅπου
1439 444 1585 497 ἤγαγες

255 513 326 564 τὴν
352 513 557 566 ἄνθρωπον
584 514 639 556 εἰς
667 512 739 563 τὴν
765 513 913 565 ἀγορὰν
937 509 960 563 ἢ
987 513 1042 554 εἰς
1066 511 1111 553 τὸ
1141 510 1412 564 δικαστήριον;
1452 513 1485 552 εἰ
1509 514 1585 564 γὰρ

255 580 307 632 μὴ
341 581 431 622 τότε
462 597 529 620 σοι
564 579 816 633 παρεγένετο,
843 580 1010 633 ὕστερον
1047 578 1170 630 δήπου
1203 580 1282 620 ἔδει
1313 580 1582 631 παραδιδόναι,

259 649 320 689 καὶ
365 647 563 700 μάρτυρας
604 650 806 688 ποιεῖσθαι
843 646 894 689 ὡς
935 645 1086 689 ἐθέλεις
1122 648 1165 687 ἐν
1202 652 1248 704 τῇ
1287 646 1479 701 ἀνθρώπῳ
1518 646 1586 686 τὸν

105 711 236 766 [1144]
259 715 431 769 ἔλεγχον
463 716 685 769 γίγνεσθαι,
722 713 896 766 καθάπερ
932 712 1206 766 προύκαλέσω,
1250 712 1509 766 προκλήσεώς
1544 730 1585 753 τε

258 782 565 834 ἐμβεβλημένης
587 799 653 822 σοι
671 782 733 822 καὶ
751 783 964 833 μαρτυρίας
991 781 1041 823 ὡς
1065 780 1206 832 ἤθελες
1230 781 1489 832 παραδιδόναι
1512 780 1584 830 τὴν

257 849 478 902 ἄνθρωπον.
548 849 709 900 μέλλων
739 850 871 889 τοίνυν
903 848 1069 889 εἰσιέναι
1096 847 1169 898 τὴν
1196 848 1306 899 δίκην
1341 847 1452 888 ἔστιν
1486 848 1586 888 ὅπου

196 932 235 966 17
256 916 330 968 τὴν
359 916 567 970 ἄνθρωπον
605 915 818 968 εἰσήγαγες
847 915 944 968 πρὸς
968 915 1012 956 τὸ
1037 914 1308 967 δικαστήριον;
1349 916 1474 955 καίτοι
1508 915 1586 955 ἔδει

256 984 389 1031 αὐτόν,
410 985 518 1036 εἴπερ
538 985 666 1034 ἀληθῆ
687 982 734 1034 ἦν
757 982 782 1023 ἅ
808 988 936 1035 φασιν
958 982 1078 1024 αὐτὸν
1101 985 1402 1035 προκαλεῖσθαι,
1424 987 1587 1034 κληρου-

1608 862 1646 883 10

255 1050 386 1103 μένων
417 1055 495 1092 τῶν
529 1051 791 1103 δικαστηρίων
823 1050 1040 1101 κομίσαντα
1063 1049 1136 1100 τὴν
1158 1049 1377 1102 ἄνθρωπον,
1404 1049 1586 1101 λαβόντα
1627 1096 1633 1101 ,

257 1118 324 1159 τὸν
367 1117 523 1170 κήρυκα,
558 1117 733 1158 κελεύειν
773 1116 855 1169 ἐμέ,
892 1119 926 1158 εἰ
962 1117 1196 1169 βουλοίμην,
1235 1116 1483 1168 βασανίζειν,
1523 1116 1585 1156 καὶ

257 1185 452 1238 μάρτυρας
472 1184 562 1227 τοὺς
580 1175 769 1227 δικαστὰς
793 1185 992 1227 εἰσιόντας
1009 1187 1211 1226 ποιεῖσθαι
1231 1183 1283 1226 ὡς
1300 1184 1454 1234 ἕτοιμός
1474 1184 1586 1223 ἐστιν

258 1256 509 1305 παραδοῦναι.
581 1253 666 1293 νυνὶ
695 1253 738 1293 δὲ
764 1252 873 1307 λόγῳ
900 1250 1164 1303 ἐξαπατήσας,
1191 1253 1352 1303 ψευδεῖς
1375 1250 1586 1302 μαρτυρίας

258 1320 576 1373 παρασχόμενος,
603 1317 754 1360 οὐδέπω
783 1319 846 1359 καὶ
875 1323 945 1360 νῦν
968 1324 1097 1373 τολμᾷ
1124 1318 1195 1368 τὴν
1225 1317 1432 1370 ἄνθρωπον
1461 1334 1584 1370 παρα-

259 1389 404 1433 δοῦναι,
423 1386 617 1428 πολλάκις
636 1387 731 1438 ἐμοῦ
755 1384 1105 1439 προκαλεσαμένου
1133 1385 1194 1425 καὶ
1219 1383 1514 1435 ἐξαιτήσαντος,
1536 1384 1587 1426 ὡς

259 1456 296 1494 οἱ
325 1452 515 1506 μάρτυρες
543 1454 634 1505 ὑμῖν
667 1455 703 1494 οἱ
741 1453 1054 1506 παραγενόμενοι
1093 1451 1452 1504 μεμαρτυρήκασιν.
1523 1451 1589 1492 καί

257 1537 325 1572 μοι
348 1519 548 1574 ἀνάγνωθι
572 1520 695 1562 πάλιν
718 1522 788 1562 τὰς
811 1521 1035 1573 μαρτυρίας.

801 1644 1026 1672 ΜΑΡΤΎῬῙΑῙ.

198 1728 238 1762 18
327 1726 526 1777 Βούλομαι
544 1725 577 1766 δ’
594 1726 698 1777 ὑμῖν,
718 1722 750 1766 ὦ
774 1724 911 1778 ἄνδρες
933 1724 1127 1770 δικασταί,
1148 1722 1212 1764 καὶ
1231 1721 1303 1773 τὴν
1322 1722 1432 1772 δίκην
1451 1720 1585 1774 διηγή-

261 1795 422 1840 σασθαι,
449 1794 540 1833 ὅθεν
565 1792 724 1845 ἐγένετό
746 1809 813 1844 μοι
836 1791 934 1844 πρὸς
961 1790 1194 1843 Θεόφημον,
1220 1790 1286 1831 ἵνα
1310 1790 1438 1840 εἰδῆτε
1461 1790 1520 1829 ὅτι
1544 1789 1589 1829 οὐ

259 1861 382 1912 μόνον
402 1861 496 1911 ἐμοῦ
521 1860 662 1901 ἀδίκως
689 1857 982 1904 κατεδικάσατο,
1006 1855 1258 1908 ἐξαπατήσας
1276 1856 1366 1898 τοὺς
1385 1854 1585 1901 δικαστάς,

262 1928 369 1967 ἀλλὰ
394 1928 456 1967 καὶ
479 1929 550 1978 τῆς
572 1929 725 1978 βουλῆς
749 1926 829 1978 ἅμα
853 1930 931 1966 τῶν
955 1925 1226 1965 πεντακοσίων
1250 1928 1298 1980 τῇ
1327 1923 1423 1980 αὐτῇ
1446 1921 1586 1976 ψήφῳ,

263 1995 326 2035 καὶ
349 1993 472 2046 ἄκυρα
495 1996 567 2045 μὲν
592 1995 782 2045 ἐποίησεν
806 1995 854 2033 τὰ
880 1991 1112 2044 δικαστήρια
1133 1993 1184 2031 τὰ
1205 1990 1385 2043 ὑμέτερα,
1404 1989 1524 2042 ἄκυρα
1547 1991 1588 2029 δὲ

260 2063 308 2102 τὰ
345 2061 592 2114 ψηφίσματα
628 2062 690 2101 καὶ
728 2060 818 2102 τοὺς
856 2060 1009 2111 νόμους,
1048 2059 1241 2100 ἀπίστους
1275 2060 1318 2098 δὲ
1358 2058 1427 2098 τὰς
1465 2057 1591 2110 ἀρχὰς

263 2127 508 2179 κατέστησεν
532 2129 622 2179 ὑμῖν
649 2128 710 2168 καὶ
739 2130 786 2168 τὰ
811 2126 1020 2180 γράμματα
1044 2127 1093 2166 τὰ
1116 2126 1161 2166 ἐν
1184 2128 1269 2166 ταῖς
1294 2122 1475 2175 στήλαις.
1544 2122 1591 2163 ὃν

202 2206 243 2240 19
261 2197 304 2236 δὲ
327 2196 487 2248 τρόπον,
515 2195 593 2248 ἐγὼ
615 2196 715 2246 ὑμᾶς
739 2195 827 2247 περὶ
861 2193 948 2236 ἑνὸς
981 2192 1150 2234 ἑκάστου
1177 2191 1332 2243 διδάξω.
1405 2190 1491 2242 ἐμοὶ
1515 2191 1590 2243 γὰρ

308 2314 322 2335 Ι
347 2303 563 2346 παρεχόμενος
580 2304 606 2334 F
619 2303 649 2342 Q
665 2303 696 2334 D
802 2312 865 2342 4-5
889 2303 1061 2344 εἰσήγαγες
1077 2303 1138 2340 τὴν
1154 2303 1228 2334 ἃνον
1245 2301 1322 2343 πρὸς
1337 2300 1375 2332 τὸ
1388 2299 1592 2340 δικαστήριον

420 2359 437 2388 7
460 2346 575 2391 (ὑμᾶς)
588 2348 745 2389 μάρτυρας
763 2347 979 2378 Herwerden
1094 2355 1132 2376 12
1155 2343 1381 2385 πληρουμένων
1398 2341 1438 2374 F¹
1552 2352 1590 2382 17

263 2394 452 2432 παραδοῦναι
467 2394 527 2430 τὴν
543 2393 703 2433 ἄνθρωπον
721 2391 745 2421 F
759 2390 789 2429 Q
806 2391 836 2420 D
1007 2399 1050 2420 20
1072 2389 1170 2421 πάλιν
1186 2399 1251 2419 om.
1271 2388 1296 2418 S
1473 2397 1514 2416 22
1537 2387 1588 2418 καὶ

263 2440 374 2466 servat
391 2435 415 2466 S
431 2435 522 2466 solus
655 2446 695 2474 24
721 2433 922 2475 ἐξαπατήσας
940 2433 994 2465 hic
1012 2433 1036 2464 S
1052 2432 1082 2463 D
1099 2444 1106 2464 ι
1129 2437 1207 2464 ante
1223 2435 1281 2471 τῆς
1298 2433 1420 2470 βουλῆς
1434 2430 1460 2461 F
1473 2429 1504 2469 Q

1608 1536 1647 1557 20
