1763 2778
119 508 137 540 5

99 941 138 963 10

156 118 284 173 XLVIII]
446 122 606 160 ΚΑΤΑ
655 120 1173 159 ΟΛΥᾸΙΠΙΟΔΩΡΟΥ

159 223 255 262 κατὰ
279 223 348 264 τὰς
373 220 568 272 συνθήκας
595 221 657 260 καὶ
681 219 770 261 τοὺς
796 221 934 270 ὅρκους
959 218 1080 260 πάλιν
1104 221 1148 258 τὸ
1172 217 1290 270 μέρος
1314 217 1484 268 λάβοιμι

158 290 262 341 παρὰ
285 289 435 335 τούτου,
465 289 532 329 ἐὰν
558 287 590 329 δ’
615 287 689 340 ἄρα
714 287 893 344 ἀποτύχῃ
924 286 986 327 καὶ
1011 288 1058 326 τὰ
1085 285 1198 336 ἕτερα
1221 285 1483 338 ψηφίσωνται

158 357 194 396 οἳ.
219 356 414 402 δικασταί,
448 354 563 398 οὗτος
596 354 686 407 παρ’
719 356 811 406 ἐμοῦ
837 351 900 405 [τὰ
931 350 1044 405 μέρη]
1076 356 1204 395 καλῶς
1239 352 1300 392 καὶ
1327 352 1483 393 δικαίως

157 422 453 475 ἀπολαμβάνοι,
487 423 620 472 ὥσπερ
655 421 866 473 ὠμόσαμεν
903 419 1096 471 ἀλλήλοις
1134 419 1195 460 καὶ
1228 418 1481 470 συνεθέμεθα.

159 489 291 541 ἐπειδὴ
317 491 359 531 δὲ
375 489 480 530 ταῦτ’
501 488 829 541 ἐβουλευσάμεθα
850 488 911 529 καὶ
938 489 1064 528 ἐδόκει
1088 486 1369 540 ἀσφαλέστατ’
1386 486 1485 526 εἶναι

160 556 222 597 καὶ
269 557 356 608 ἐμοὶ
398 556 461 598 καὶ
497 556 820 611 Ὀλυμπιοδώρῳ,
865 553 1201 608 προσεκλήθησαν
1239 554 1409 595 ἅπαντες
1448 554 1484 593 οἱ

159 623 319 677 ἔχοντες
344 625 392 665 τὰ
416 628 484 664 τοῦ
501 624 688 675 Κόμωνος
714 625 811 663 κατὰ
836 626 904 664 τὸν
924 624 1057 674 νόμον.
1112 621 1178 662 καί
1196 638 1263 673 μοι
1287 620 1485 673 ἀνάγνωθι

158 693 228 732 τὸν
251 691 384 743 νόμον,
414 691 499 732 καθ’
525 690 570 732 ὃν
594 691 616 743 ἡ
643 691 893 744 πρόσκλησις
920 690 1090 743 ἐγένετο.

734 837 890 867 ΝΟΜΟΣ.

225 918 336 960 Κατὰ
351 919 419 960 τὸν
444 919 565 970 νόμον
584 922 735 965 τοῦτον,
753 917 782 958 ὦ
803 917 940 970 ἄνδρες
965 918 1160 963 δικασταί,
1186 916 1209 967 ἡ
1236 917 1486 968 πρόσκλησις

158 986 327 1041 ἐγένετο,
355 986 419 1027 καὶ
443 988 512 1028 τὰς
538 983 865 1039 ἀμφισβητήσεις
896 983 1243 1036 ἀντεγραψάμεθα,
1271 982 1314 1023 ὃν
1340 984 1486 1035 τρόπον

157 1054 297 1109 τουτῳὶ
337 1054 465 1095 ἐδόκει
505 1053 830 1108 Ὀλυμπιοδώρῳ.
903 1052 964 1092 καὶ
1000 1052 1097 1102 μετὰ
1134 1054 1253 1091 ταῦτα
1296 1051 1316 1090 ὁ
1353 1049 1487 1103 ἄρχων

103 1133 106 1135 “
157 1121 334 1175 ἀνέκρινε
375 1124 499 1162 πᾶσιν
539 1121 633 1172 ἡμῖν
666 1124 748 1163 τοῖς
789 1121 1133 1172 ἀμφισβητοῦσιν,
1174 1118 1236 1158 καὶ
1279 1118 1487 1169 ἀνακρίνας

102 1276 136 1308 15

102 1613 138 1634 20

159 1186 373 1242 εἰσήγαγεν
405 1190 461 1231 εἷς
489 1187 534 1229 τὸ
566 1185 832 1240 δικαστήριον.
906 1186 968 1227 καὶ
999 1186 1135 1226 οὑτοσὶ
1165 1184 1487 1236 Ὀλυμπιόδωρος

157 1255 370 1309 ἠγωνίζετο
395 1260 561 1309 πρῶτος,
589 1256 651 1297 καὶ
675 1256 816 1307 ἔλεγεν
848 1254 871 1294 ὅ
893 1271 929 1294 τι
956 1253 1160 1305 ἐβούλετο,
1190 1252 1253 1293 καὶ
1275 1253 1488 1304 μαρτυρίας

159 1324 371 1377 παρείχετο
391 1323 436 1367 δις
454 1324 583 1364 ἐδόκει
606 1323 744 1378 τούτῳ·
785 1321 903 1374 κάγώ,
927 1319 956 1362 ὦ
980 1320 1118 1372 ἄνδρες
1138 1320 1335 1366 δικασταί,
1356 1319 1486 1375 σιωπῇ

159 1388 360 1442 ἐκαθήμην
394 1391 459 1432 ἐπὶ
484 1394 551 1431 τοῦ
577 1389 712 1444 ἑτέρου
739 1387 932 1441 βήματος.
1004 1391 1143 1428 τοῦτον
1173 1389 1213 1427 δὲ
1247 1386 1315 1426 τὸν
1341 1387 1487 1438 τρόπον

161 1454 551 1499 κατασκευασθέντος
575 1461 644 1498 τοῦ
667 1458 820 1509 ἀγῶνος
847 1457 1029 1506 ἐνίκησεν
1048 1455 1200 1509 ῥᾳδίως.
1261 1452 1427 1504 νικήσας
1447 1456 1487 1493 δὲ

161 1525 223 1566 καὶ
253 1524 578 1578 διαπραξαμένων
609 1523 764 1566 ἅπαντα
793 1524 871 1563 ὅσα
905 1520 1182 1574 ἐβουλήθημεν
1216 1522 1257 1562 ἐν
1293 1525 1346 1576 τῷ
1380 1524 1485 1561 δικα-

160 1593 322 1648 στηρίῳ,
351 1593 414 1633 καὶ
438 1593 660 1643 ἀπολαβὼν
691 1592 796 1643 παρὰ
821 1595 897 1631 τῶν
925 1590 1116 1642 πρότερον
1145 1587 1487 1639 ἐπιδικασαμένων

158 1659 236 1699 ὅσα
266 1659 370 1711 ἦσαν
405 1660 548 1700 ἐκεῖνοι
583 1659 674 1711 παρ’
712 1659 821 1709 ἡμῶν
859 1658 1084 1710 εἰληφότες,
1121 1660 1243 1696 ταῦτα
1280 1655 1324 1706 δὴ
1362 1655 1489 1696 πάντα

158 1726 265 1779 ἔχων
299 1726 364 1768 καὶ
390 1726 435 1767 τὸ
473 1726 656 1779 ἀργύριον
692 1725 712 1766 ὂ
749 1726 899 1776 ἔλαβεν
935 1725 1039 1777 παρὰ
1075 1727 1143 1764 τοῦ
1179 1723 1386 1776 ἀνθρώπου
1421 1725 1489 1762 τοῦ

158 1793 492 1845 βασανισθέντος,
524 1793 604 1835 οὐδ’
637 1794 765 1834 ὁτιοῦν
801 1792 996 1842 ἠθέληκεν
1019 1795 1097 1832 τῶν
1130 1792 1289 1831 δικαίων
1321 1790 1417 1842 πρός
1440 1806 1488 1840 με

160 1863 336 1912 ποιῆσαι,
361 1860 455 1902 ἀλλ’
490 1861 573 1915 ἔχει
604 1861 719 1902 αὐτὸς
753 1859 917 1906 ἅπαντα,
954 1859 1166 1910 ὀμωμοκὼς
1197 1857 1258 1898 καὶ
1291 1854 1487 1908 συνθήκας

160 1929 256 1980 πρός
273 1945 323 1980 με
342 1927 609 1980 ποιησάμενος
634 1927 657 1978 ἦ
681 1927 758 1979 μὴν
785 1924 1070 1979 ἰσομοιρήσειν.
1143 1926 1205 1966 καὶ
1231 1927 1269 1965 αἱ
1296 1926 1487 1974 συνθῆκαι

159 1994 273 2037 αὗται
295 1995 355 2037 ἔτι
379 1997 442 2037 καὶ
467 1999 534 2037 νῦν
563 1999 708 2037 κεῖνται
727 1997 831 2047 παρὰ
856 1996 908 2049 τῷ
934 1994 1228 2049 Ἀνδροκλείδῃ,
1252 1993 1314 2032 καὶ
1339 2008 1484 2043 μεμαρ-

203 2116 222 2135 2
246 2105 343 2148 παρὰ]
359 2107 398 2139 τὸ
412 2104 445 2136 Α
586 2114 607 2145 3
627 2107 668 2139 τὰ
683 2105 761 2147 μέρη
780 2105 842 2137 dcl.
863 2105 1079 2136 Herwerden
1239 2105 1259 2135 8
1277 2108 1311 2134 et
1330 2114 1368 2133 10
1391 2102 1487 2143 πρόσ-

160 2156 276 2187 κλησις
290 2160 307 2181 r
319 2161 404 2182 corr.
422 2161 430 2182 z
455 2150 546 2191 πρόκ.
565 2154 643 2181 cett.
748 2161 780 2179 11
810 2149 1057 2191 ἀπεγραψάμεθα
1071 2147 1103 2178 A
1210 2158 1247 2177 12
1271 2148 1374 2187 τούτῳ
1390 2146 1486 2176 codd.

164 2194 202 2223 18
226 2195 372 2232 ἐνίκησεν
388 2195 412 2225 S
430 2205 436 2224 :
459 2195 536 2224 add.
553 2194 645 2226 οὗτος
660 2192 702 2233 Λ,
722 2196 829 2226 οὑτοσὶ
847 2193 936 2232 vulg.
1050 2203 1090 2232 19
1113 2190 1366 2235 διαπραξαμένων
1377 2189 1485 2227 Blass,

160 2241 251 2267 recte
266 2242 362 2277 puto,
387 2238 428 2270 cf.
445 2237 480 2268 lv
496 2239 538 2268 26
554 2249 562 2268 :
586 2237 840 2279 διαπραξαμένων
856 2237 942 2277 ἡμῶν
961 2235 994 2266 Α
1008 2237 1032 2267 F
1041 2250 1092 2278 γρ.
1107 2236 1136 2273 Q
1150 2249 1200 2276 γρ.
1217 2247 1225 2266 z
1249 2233 1487 2275 διαπραξάμενοι

161 2279 185 2309 S
199 2279 224 2309 F
237 2280 268 2318 Q
286 2292 293 2312 ι
317 2281 560 2323 διαπραξάμενος
578 2281 609 2311 D
698 2281 845 2313 ἁπάντων
860 2280 887 2311 F
903 2294 954 2322 Ὑρ.
1100 2290 1142 2309 20
1166 2278 1317 2319 πρότερον
1333 2281 1408 2317 post
1423 2279 1487 2307 τῶν

159 2321 228 2361 FQ
244 2324 296 2355 D:
332 2329 412 2364 post
438 2326 614 2361 ἀπολαβὼν
637 2324 699 2356 SF
715 2339 766 2366 γρ.
783 2324 814 2362 Q
829 2335 903 2366 Ὑρ.;
929 2328 1005 2363 post
1041 2321 1312 2362 ἐπιδικασαμένων
1334 2320 1387 2351 A:
1421 2319 1484 2350 del.

159 2365 257 2398 Turr,
384 2378 425 2407 23
449 2368 587 2406 ἠθέληκε
602 2367 644 2402 Α,
664 2369 706 2399 cf.
725 2368 806 2398 xlvii
824 2378 843 2406 5
861 2379 868 2398 :
893 2368 1053 2405 ἠθέλησεν
1069 2366 1093 2398 S
1109 2366 1199 2405 vulg.
1313 2366 1355 2395 26
1377 2364 1439 2396 νυνὶ
1455 2361 1487 2392 Α

160 2411 209 2442 καὶ
226 2412 468 2454 μεμαρτύρηκεν
485 2412 581 2443 codd.
601 2424 608 2443 :
633 2414 673 2444 ὡς
688 2412 926 2453 μεμαρτύρηκεν
944 2410 1161 2441 Herwerden

1504 107 1635 161 [1175]

1505 925 1544 960 31

1510 1249 1638 1302 [1176]

1513 1465 1549 1477 »ν’

1509 1478 1551 1499 ³0⁴
