1763 2778
108 125 246 179 [1228]
664 127 1147 166 ΔΗΜΟΣΘΕΝΟΎΣ
1543 122 1592 177 [m

268 227 389 281 ἔχειν,
425 225 533 268 ἀλλὰ
566 229 647 268 τοῖς
678 226 919 279 φάσκουσιν,
955 227 998 266 οὐ
1028 225 1096 266 τὸν
1130 225 1248 266 αὑτὸν
1284 226 1430 277 τρόπον
1468 227 1589 278 ἐγνω-

269 295 378 336 κότες
403 295 523 346 ὅνπερ
549 294 626 347 ἐγὼ
651 295 738 346 περὶ
763 295 881 345 ὑμῶν.
939 294 1000 333 καὶ
1019 292 1100 333 κατ’
1124 293 1217 334 αὑτὸ
1243 292 1287 343 δὴ
1305 296 1418 332 τοῦτο
1437 295 1593 335 δικαίως

268 361 316 402 ἂν
342 360 464 415 ἔχοιτ’
492 360 779 413 εὐνοϊκωτέρως
808 361 907 412 ἐμοί·
946 361 1136 413 φαίνομαι
1173 362 1248 412 γὰρ
1280 360 1467 410 βελτίους
1495 361 1594 411 ὑμᾶς

229 439 248 473 3
269 427 566 480 ὑπολαμβάνων
591 424 751 479 ἢοῦτοι.
813 429 934 481 ἐχρῆν
957 430 1032 479 μὲν
1054 427 1136 474 οῦν,
1157 424 1187 466 ὦ
1212 427 1350 479 ἄνδρες
1373 425 1592 478 Ἀθηναῖοι,

111 492 248 547 [1229]
271 497 332 536 καὶ
352 496 503 536 δίκαιον
526 495 574 546 ἦν
599 495 689 537 τοὺς
714 494 783 536 τὸν
809 493 1014 547 στέφανον
1039 493 1240 546 οἰομένους
1266 497 1349 535 δεῖν
1370 493 1462 546 παρ’
1486 494 1595 545 ὑμῶν
1615 508 1632 540 5

269 567 415 614 λαβεῖν
452 562 592 605 αὑτοὺς
626 561 758 613 ἀξίους
795 562 1057 603 ἐπιδεικνύναι
1089 562 1238 608 τούτου,
1275 560 1328 612 μὴ
1364 561 1434 612 ἐμὲ
1470 565 1596 603 κακῶς

268 630 417 683 λέγειν.
486 629 620 680 ἐπειδὴ
647 632 689 671 δὲ
720 633 836 670 τοῦτο
865 629 1053 681 παρέντες
1088 630 1213 669 ἐκεῖνο
1240 631 1437 675 ποιοῦσιν,
1463 629 1593 681 ἀμφό-

269 697 349 750 τερ’
373 697 512 738 αὐτοὺς
539 696 720 748 ἐπιδείξω
745 695 1026 749 ψευδομένους,
1053 694 1079 736 ἄ
1102 695 1137 735 θ’
1159 695 1298 738 αὑτοὺς
1324 696 1597 746 ἐνεκωμίασαν

272 764 334 805 καὶ
358 763 421 804 ὅσ’
442 765 496 805 εἰς
519 764 621 816 ἡμᾶς
641 763 984 816 ἐβλασφήμησαν,
1003 762 1050 815 ἐξ
1066 762 1193 803 αὐτῶν
1212 766 1290 803 τῶν
1310 762 1598 815 πεπραγμένων

271 830 482 882 ἑκατέροις.
1622 849 1660 870 10

229 910 251 944 4
337 896 533 951 Ψήφισμα
558 899 633 951 γὰρ
657 899 766 949 ὑμῶν
790 896 1083 949 ποιησαμένων,
1111 895 1153 939 ὃς
1176 895 1226 938 ἂν
1248 896 1302 949 μὴ
1321 896 1396 949 πρὸ
1416 898 1484 947 τῆς
1509 897 1599 947 ἔνης

272 966 334 1006 καὶ
371 964 461 1007 νέας
499 965 564 1006 ἐπὶ
595 969 711 1019 χῶμα
742 964 814 1015 τὴν
844 969 939 1005 ναῦν
963 964 1213 1021 περιορμίσῃ,
1243 966 1361 1015 δῆσαι
1398 964 1460 1005 καὶ
1489 966 1595 1004 δικα-

272 1032 418 1087 στηρίῳ
444 1035 698 1085 παραδοῦναι,
719 1032 781 1072 καὶ
806 1035 928 1072 ταῦτα
945 1030 1220 1084 κυρωσάντων,
1239 1032 1316 1084 ἐγὼ
1334 1033 1408 1083 μὲν
1433 1031 1595 1083 περιώρ-

270 1117 371 1151 μισα
407 1100 469 1140 καὶ
495 1098 699 1152 στέφανον
733 1101 796 1139 διὰ
824 1103 947 1140 ταῦτα
974 1098 1067 1151 παρ’
1095 1100 1204 1150 ὑμῶν
1239 1098 1404 1150 ἔλαβον,
1430 1098 1536 1138 οὗτοι
1566 1097 1599 1138 δ’

270 1167 360 1207 οὐδὲ
387 1168 664 1213 καθείλκυσαν,
692 1165 787 1206 ὥστ’
813 1166 948 1220 ἔνοχοι
973 1169 1105 1220 δεσμῷ
1132 1166 1363 1218 γεγόνασιν.
1424 1169 1507 1207 πῶς
1533 1165 1600 1206 οῦν
1623 1179 1659 1211 15

271 1233 340 1274 οὐκ
365 1234 618 1274 ἀτοπώτατον
644 1233 692 1274 ἂν
717 1232 995 1286 διαπράξαισθ’
1017 1233 1147 1285 ἔργον,
1177 1234 1209 1273 εἰ
1233 1232 1322 1275 τοὺς
1343 1232 1427 1273 καθ’
1453 1234 1601 1274 ἑαυτῶν

274 1300 467 1342 ἐάσαντας
483 1301 630 1352 τίμημα
641 1304 818 1341 τοιοῦτον
834 1302 1071 1355 ἐπαχθῆναι,
1089 1301 1247 1341 τούτους
1267 1299 1602 1352 στεφανώσαντες

233 1369 380 1419 5ὑμεῖς
401 1368 630 1421 φαίνοισθε;
684 1369 732 1407 τὰ
770 1368 890 1419 σκεύη
928 1369 1073 1413 τοίνυν,
1106 1368 1184 1407 ὅσα
1220 1370 1281 1407 δεῖ
1313 1366 1502 1420 παρέχειν
1530 1366 1601 1416 τὴν

273 1435 394 1476 πόλιν
417 1439 499 1478 τοῖς
522 1434 785 1489 τριηράρχοις,
815 1435 894 1487 ἐγὼ
923 1437 994 1486 μὲν
1021 1435 1062 1474 ἐκ
1086 1438 1164 1474 τῶν
1190 1434 1296 1474 ἰδίων
1321 1432 1514 1485 ἀνήλωσα
1538 1433 1602 1473 καὶ

273 1506 352 1543 τῶν
368 1503 568 1553 δημοσίων
585 1503 738 1553 ἔλαβον
755 1501 884 1550 οὐδέν,
903 1501 1010 1542 οῦτοι
1031 1500 1063 1541 δ’
1081 1500 1284 1553 ὑμετέροις
1304 1500 1514 1554 κέχρηνται
1539 1500 1602 1540 καὶ
1624 1519 1663 1541 20

273 1573 351 1610 τῶν
376 1568 584 1622 σφετέρων
609 1570 722 1610 οὐδὲν
753 1570 807 1612 εἰς
832 1571 953 1609 ταῦτα
984 1572 1196 1620 προεῖνται.
1257 1568 1319 1608 καὶ
1348 1567 1425 1619 μὴν
1449 1566 1530 1608 οὐδ’
1554 1566 1602 1608 ἂν

275 1636 403 1678 ἐκεῖνό
426 1635 463 1689 γ’
489 1637 622 1690 ἔχοιεν
646 1637 782 1683 εἰπεῖν,
810 1636 861 1678 ὡς
887 1635 1137 1688 ἀνεπειρῶντ’
1163 1637 1257 1686 ἐμοῦ
1280 1636 1472 1688 πρότεροι·
1509 1634 1603 1686 πρὶν

274 1704 349 1756 γὰρ
372 1703 499 1757 ἧφθαι
523 1704 646 1755 μόνον
670 1705 739 1754 τῆς
763 1702 942 1755 τριήρους
968 1703 1128 1745 τούτους
1158 1702 1417 1755 ἐπεπλήρωτό
1433 1718 1512 1754 μοι,
1542 1701 1604 1742 καὶ

235 1775 256 1809 6
276 1770 419 1812 πάντες
445 1770 583 1823 ἑωρᾶθ’
607 1772 717 1822 ὑμεῖς
754 1769 1076 1823 ἀναπειρωμένην
1108 1769 1180 1820 τὴν
1206 1774 1312 1811 ναῦν.
1383 1768 1440 1810 ἔτι
1471 1770 1604 1810 τοίνυν

275 1838 494 1889 ὑπηρεσίαν
518 1837 588 1888 τὴν
615 1839 829 1889 κρατίστην
850 1837 1015 1889 ἔλαβον,
1037 1840 1174 1891 πολλῷ
1200 1841 1393 1878 πλεῖστον
1418 1837 1604 1889 ἀργύριον
1626 1852 1663 1883 25

276 1904 378 1946 δούς.
438 1904 545 1945 οὗτοι
569 1904 601 1944 δ’
628 1906 660 1945 εἰ
676 1906 748 1955 μὲν
766 1904 877 1958 εῖχον
893 1903 1041 1958 χείρον’
1061 1904 1182 1955 ἡμῶν,
1202 1904 1313 1945 οὐδὲν
1329 1903 1377 1944 ἂν
1396 1902 1443 1954 ἦν
1459 1903 1599 1944 δεινόν·

277 1975 345 2012 νῦν
381 1970 412 2011 δ’
449 1971 528 2011 οὐδ’
567 1972 838 2012 ὁποιαντινοῦν
873 1972 1154 2023 μεμίσθωνται,
1193 1972 1281 2023 περὶ
1316 1974 1385 2011 τοῦ
1420 1971 1604 2012 πλείονος

278 2037 566 2091 ἀντιλέγοντες.
638 2040 764 2079 καίτοι
788 2043 871 2081 πῶς
902 2040 1005 2080 εἰσιν
1030 2039 1172 2079 δίκαιοι
1196 2042 1317 2079 ταῦτα
1340 2041 1414 2090 μὲν
1437 2038 1604 2090 ὕστερον

323 2157 343 2178 2
367 2148 418 2180 καὶ
436 2171 443 2179 .
463 2170 472 2178 .
491 2170 499 2177 .
519 2147 574 2188 δὴ]
593 2149 640 2179 διὸ
657 2149 707 2180 καὶ
725 2150 796 2180 κατ’
814 2149 891 2180 αὐτὸ
906 2148 954 2178 Aa
1060 2157 1080 2186 3
1105 2148 1325 2190 εὐνοϊκῶτερον
1341 2147 1389 2178 Αιι
1498 2158 1516 2186 4
1542 2148 1605 2187 χρὴ

279 2190 327 2222 ΑΒ
342 2202 350 2222 :
377 2194 459 2232 χρῆν
476 2191 575 2221 Blass
723 2202 760 2221 12
787 2192 850 2232 ἐπὶ]
869 2194 936 2232 περὶ
957 2191 1077 2222 Pollux
1094 2192 1103 2221 i
1124 2202 1183 2231 123
1271 2191 1465 2233 περιορμήσῃ
1479 2190 1503 2221 S
1516 2191 1561 2220 Α”-“
1574 2189 1604 2228 Q

283 2244 321 2273 13
337 2237 540 2275 περιώρμησα
552 2234 576 2265 S
590 2234 637 2264 A²²
650 2245 734 2265 corr.
794 2239 918 2276 πρῶτος
934 2235 991 2275 (α’)
1005 2240 1081 2275 post
1093 2237 1286 2276 περιώρμισα
1296 2236 1372 2266 add.
1388 2234 1603 2265 Herwerden

284 2288 321 2316 15
346 2278 415 2309 οὐδὲ
429 2278 496 2309 Ast:
513 2280 546 2310 οὐ
560 2282 637 2311 cett.
719 2282 844 2319 δεσμῶν
855 2278 898 2317 Λ,
915 2281 1031 2318 δεσμοῦ
1045 2278 1069 2308 F
1083 2288 1168 2310 corr.
1263 2289 1300 2318 19
1325 2280 1388 2319 ἐγὼ
1403 2278 1462 2318 μὲν
1474 2288 1539 2308 om.
1553 2275 1603 2307 Ab

280 2331 322 2352 20
345 2322 378 2352 δὲ
396 2324 462 2353 τοῖς
476 2323 525 2361 ὑμ.
539 2321 587 2351 Aa
676 2332 718 2352 22
735 2324 832 2354 εἰπεῖν
846 2323 954 2363 ἔχοιεν
968 2322 1020 2363 (ἂν
1033 2324 1115 2354 οιτιΛ
1129 2322 1175 2351 A¹¹
1243 2323 1281 2354 ἃν
1293 2325 1462 2362 ἐπειρῶντο
1475 2320 1505 2352 Α
1518 2320 1557 2351 F¹
1574 2319 1604 2358 Q

280 2365 433 2406 πρότερον
463 2363 511 2394 Ab
685 2375 727 2404 24
761 2365 1014 2406 ἀναπειρωμένην
1045 2366 1142 2396 codd.
1162 2376 1169 2396 t
1209 2365 1461 2407 ἆναπειρώμενον
1492 2365 1606 2395 Naber

280 2409 323 2438 26
346 2407 482 2449 χείρον’]
509 2411 620 2450 χεῖρον
652 2409 690 2441 ἂν
717 2408 786 2440 A²¹z
811 2410 942 2450 χείρονα
969 2409 1002 2441 δὲ
1031 2408 1130 2440 Blass
1158 2410 1312 2448 speciose
1472 2418 1511 2448 27
1539 2409 1607 2440 οὐδ’

280 2453 499 2484 ὁποιαντινοῦν
516 2452 540 2483 S
557 2452 645 2492 vulg.
669 2452 719 2482 Ab
744 2463 809 2492 mg.
826 2463 834 2491 ;
867 2453 942 2484 add.
963 2465 1011 2484 πω
1027 2451 1075 2482 A¹²
1091 2463 1097 2483 :
1123 2454 1344 2485 ὁποιαντινοῦν
1361 2454 1446 2484 οὔπω
1462 2451 1493 2482 Α
