1763 2778
105 143 236 197 [1313]
671 145 1151 183 ΔΗΜΟΣΘΕΝΟΎΣ
1484 141 1576 197 [Lvn

255 243 317 283 καὶ
341 246 479 283 τοῦτον
507 241 592 293 μετ’
617 244 712 294 ἐμοῦ
744 243 940 288 συνθύειν,
967 246 1036 283 νῦν
1067 245 1108 284 δὲ
1133 243 1224 286 τοὺς
1253 243 1394 285 αὐτοὺς
1418 245 1576 287 τούτους

253 311 321 360 ἐμὲ
359 310 445 361 μεθ’
488 311 614 350 αὑτῶν
653 312 751 360 μηδὲ
789 310 972 350 συνθύειν
1008 311 1096 356 {Eu-,-
1139 311 1330 362 φαίνομαι
1364 312 1507 357 τοίνυν,
1545 309 1575 352 ὦ

251 376 387 429 ἄνδρες
414 376 628 426 Ἀθηναῖοι,
655 376 723 417 τὸν
747 379 819 427 μὲν
845 376 971 417 ἄλλον
990 377 1135 429 χρόνον
1154 377 1310 417 ἅπαντα
1328 379 1433 430 παρὰ
1452 380 1576 419 πᾶσιν

187 451 231 492 48
251 447 334 486 τοῖς
367 448 434 486 νῦν
474 447 734 495 κατηγοροῦσι
770 446 935 494 πολίτης
971 443 1288 496 ὡμολογημένος·
1331 443 1376 484 οὐ
1412 446 1487 497 γὰρ
1527 445 1576 486 ἂν

99 512 229 567 [1314]
251 509 375 560 δήπου
397 512 466 551 τόν
491 528 535 563 γε
560 509 675 561 ξένον
700 512 762 551 καὶ
787 510 982 562 μέτοικον,
1005 511 1055 552 ὡς
1079 514 1148 551 νῦν
1167 516 1292 563 φησιν
1314 511 1574 562 Εὐβουλίδης,
1597 528 1614 558 5

250 577 330 617 οὔτ’
364 579 487 631 ἀρχὰς
519 577 655 630 ἄρχειν
688 577 769 618 οὔθ’
802 579 1018 630 ἱερωσύνην
1052 581 1291 630 κληροῦσθαι
1322 578 1407 629 μεθ’
1441 581 1577 619 ἑαυτοῦ

250 643 494 697 προκριθέντ’
520 646 665 684 εἴασεν·
705 645 766 685 καὶ
790 647 865 697 γὰρ
891 645 1004 687 οὗτος
1028 643 1075 695 ἦν
1107 649 1184 685 τῶν
1215 645 1489 698 κληρουμένων
1515 647 1576 686 καὶ

251 710 551 763 προκριθέντων.
623 710 713 752 οὐδέ
737 711 773 764 γ’
799 711 860 758 ἄν,
878 709 907 752 ὦ
928 711 1065 764 ἄνδρες
1090 711 1307 762 Ἀθηναῖοι,
1329 712 1498 754 παλαιὸς
1523 711 1576 752 ὢν

252 777 393 831 ἐχθρὸς
424 778 510 829 ἐμοὶ
541 782 681 819 τοῦτον
713 778 781 818 τὸν
817 778 949 831 καιρὸν
982 777 1223 830 περιέμενεν,
1258 778 1303 819 ὃν
1335 779 1459 819 οὐδεὶς
1491 778 1577 835 ᾔδει

186 862 232 896 49
251 846 532 897 γενησόμενον,
565 847 672 897 εἴπερ
705 862 742 885 τι
766 844 926 901 συνῄδει
954 849 1142 886 τοιοῦτον.
1214 845 1305 886 ἀλλ’
1331 845 1375 886 οὐ
1402 844 1576 902 συνῄδει·
1601 863 1638 885 ιο

253 912 386 964 διόπερ
419 912 486 953 τὸν
509 914 580 964 μὲν
615 912 741 953 ἄλλον
776 912 932 953 ἅπαντα
966 913 1113 966 χρόνον
1149 914 1457 964 δημοτευόμενος
1492 911 1576 964 μετ’

252 980 345 1030 ἐμοῦ
371 979 433 1020 καὶ
458 980 721 1030 κληρούμενος
747 979 860 1020 οὐδὲν
886 980 988 1032 ἑώρα
1007 980 1169 1026 τούτων,
1199 979 1330 1029 ἐπειδὴ
1357 979 1388 1019 δ’
1413 980 1436 1031 ἡ
1461 981 1578 1022 πόλις

251 1048 363 1087 ’πᾶσα
385 1050 466 1088 τοῖς
492 1047 676 1099 ἀσελγῶς
699 1048 1038 1097 εἰσπεπηδηκόσιν
1063 1048 1117 1088 εἷς
1142 1047 1232 1089 τοὺς
1257 1046 1400 1098 δήμους
1425 1048 1576 1100 ὀργιζο-

250 1112 348 1165 μένη
372 1112 612 1165 παρώξυντο,
639 1118 850 1164 τηνικαῦτα
874 1131 941 1164 μοι
967 1114 1274 1164 ἐπεβούλευσεν.
1346 1112 1394 1164 ἣν
1417 1114 1451 1154 δ’
1477 1116 1575 1155 ἐκεῖ-

252 1197 318 1222 νος
348 1182 420 1232 μὲν
449 1181 469 1220 ὁ
496 1180 628 1233 καιρὸς
660 1185 728 1221 τοῦ
758 1182 984 1223 συνειδότος
1015 1181 1118 1236 αὐτῷ
1139 1182 1289 1232 τάληθῆ
1313 1180 1463 1234 λέγειν,
1491 1182 1511 1221 ὁ
1536 1183 1579 1222 δὲ
1601 1199 1637 1231 ¹5

188 1266 233 1303 50
252 1248 336 1288 νυνὶ
359 1248 494 1300 παρὼν
519 1249 662 1301 ἐχθροῦ
693 1249 754 1288 καὶ
787 1251 1052 1302 συκοφαντεῖν
1084 1247 1345 1299 βουλομένου.
1417 1249 1495 1301 ἐγὼ
1529 1248 1576 1295 δ’,

251 1313 280 1355 ὦ
304 1314 439 1367 ἄνδρες
465 1316 649 1356 δικασταί
667 1314 748 1365 (καί
768 1332 834 1367 μοι
858 1315 956 1368 πρὸς
982 1314 1079 1357 Διὸς
1106 1315 1167 1355 καὶ
1194 1317 1292 1356 θεῶν
1310 1316 1444 1367 μηδεὶς
1463 1318 1576 1368 θορυ-

250 1380 375 1438 βήσῃ,
400 1381 488 1433 μηδ’
509 1382 573 1434 ἐφ’
591 1380 620 1438 ᾧ
636 1382 772 1433 μέλλω
792 1382 925 1435 λέγειν
946 1379 1156 1439 ἀχθεσθῇ),
1178 1382 1344 1433 ἐμαυτὸν
1364 1382 1578 1433 Ἀθηναῖοι]

249 1448 438 1501 ὑπείληφ’
476 1449 610 1501 ὥσπερ
646 1451 753 1501 ὑμῶν
792 1451 961 1492 ἕκαστος
1000 1450 1151 1496 ἑαυτόν,
1194 1449 1328 1501 μητέρ’
1371 1447 1418 1500 ἐξ
1451 1450 1578 1503 ἀρχῆς

219 1551 223 1556 .
250 1516 417 1566 νομίζων
449 1516 572 1568 ἤνπερ
600 1517 654 1558 εἷς
683 1518 781 1568 ὑμᾶς
812 1517 1036 1570 ἀποφαίνω,
1065 1516 1127 1556 καὶ
1157 1516 1230 1570 οὐχ
1255 1516 1389 1569 ἑτέρας
1417 1519 1490 1568 μὲν
1524 1516 1578 1557 ὢν
1600 1534 1639 1555 20

249 1584 391 1633 ταύτης
420 1585 462 1624 δὲ
495 1584 847 1636 προσποιούμενος·
886 1584 1036 1636 πατέρα
1065 1582 1199 1630 πάλιν,
1235 1581 1264 1623 ὦ
1299 1584 1436 1636 ἄνδρες
1460 1583 1577 1634 Ἀθη-

187 1667 228 1704 51
249 1654 362 1696 ναῖοι,
388 1650 455 1690 τὸν
480 1650 598 1691 αὐτὸν
623 1652 781 1704 τρόπον.
855 1651 980 1691 καίτοι
1005 1652 1038 1691 εἶ
1062 1654 1143 1692 τοῖς
1174 1650 1498 1704 ἐξελεγχομένοις
1523 1652 1578 1691 ὧν

249 1716 320 1768 μέν
346 1719 447 1758 εἰσιν
473 1718 841 1770 ἀποκρυπτομένοις,
864 1719 919 1759 ὧν
944 1717 976 1758 δ’
997 1717 1064 1757 οὐκ
1084 1718 1187 1758 εἰσὶν
1206 1717 1576 1770 προσποιουμένοις,

250 1785 398 1825 δίκαιον
432 1784 624 1838 ὑπάρχειν
659 1784 750 1837 παρ’
785 1787 876 1836 ὑμῖν
912 1789 1026 1825 τοῦτο
1062 1788 1226 1835 σημεῖον
1263 1785 1314 1827 ὡς
1346 1786 1425 1826 εἰσὶ
1457 1784 1575 1835 ξένοι,

250 1852 335 1902 ἐμοὶ
365 1850 488 1902 δήπου
518 1852 746 1892 τούναντίον
777 1852 828 1894 ὡς
859 1853 936 1903 εἰμὶ
966 1853 1143 1902 πολίτης.
1212 1852 1257 1892 οὐ
1290 1851 1365 1904 γὰρ
1387 1851 1436 1892 ἂν
1460 1851 1577 1903 ξένην
1599 1867 1636 1898 ²5

251 1919 313 1958 καὶ
353 1917 465 1968 ξένον
507 1918 597 1960 τοὺς
638 1920 805 1970 ἐμαυτοῦ
845 1919 986 1971 γονέας
1027 1918 1347 1971 ἐπιγραψάμενος
1393 1918 1577 1972 μετέχειν

250 1984 383 2035 ἠξίουν
418 1987 486 2035 τῆς
515 1986 680 2028 πόλεως·
719 1986 810 2026 ἀλλ’
841 1988 877 2027 εἴ
903 2003 939 2026 τι
971 1989 1150 2026 τοιοῦτον
1187 1984 1384 2042 συνῄδειν,
1420 1985 1576 2036 ε’ζήτησ’

249 2051 298 2092 ἂν
321 2053 375 2092 ὧν
401 2051 519 2104 φήσω
546 2052 694 2105 γονέων
720 2052 829 2093 εἶναι.
879 2053 970 2094 ἀλλ’
995 2052 1040 2093 οὐ
1065 2050 1260 2108 συνῄδειν,
1288 2053 1424 2105 διόπερ
1447 2052 1576 2104 μένων

250 2120 313 2159 ἐπὶ
350 2123 431 2160 τοῖς
469 2119 582 2160 οῦσιν
615 2120 772 2163 δικαίως
800 2123 986 2174 γονεῦσιν
1020 2121 1172 2174 ἐμαυτῷ
1197 2122 1266 2171 τῆς
1298 2121 1453 2162 πόλεως
1481 2136 1573 2171 μετ-

99 2183 227 2238 [1315]
249 2185 357 2238 έχειν
382 2184 490 2236 ἀξιῶ.
1596 2203 1637 2233 30

296 2306 308 2326 1
335 2295 467 2329 τούτους
483 2306 547 2328 οιη.
564 2296 596 2326 Α
652 2306 671 2336 3
696 2296 820 2329 ἅπαντα
836 2297 953 2338 χρόνον
971 2296 1077 2335 Blass,
1093 2302 1184 2329 recte
1201 2302 1301 2337 puto;
1323 2297 1359 2328 cs
1369 2299 1385 2334 §
1400 2307 1443 2336 49
1498 2296 1518 2325 8
1541 2295 1573 2336 γ’

250 2339 304 2380 ἅν]
322 2340 383 2381 ’γάρ
398 2339 430 2369 Α
576 2351 597 2379 9
620 2343 720 2373 οὐδεὶς
738 2341 833 2371 codd.
851 2351 859 2371 t
883 2340 946 2372 οὐδ’
966 2340 1169 2380 Rosenberg
1319 2349 1356 2378 13
1381 2341 1574 2378 εἰσπεπηδη-

250 2383 340 2416 κόσιν
355 2383 386 2413 Α
398 2383 424 2413 F
439 2383 469 2422 Q
484 2383 514 2414 D
526 2397 576 2425 γρ.
592 2395 598 2415 :
622 2387 858 2422 εισπεπηδωσιν
870 2383 894 2414 S
908 2396 913 2415 :
941 2386 1133 2422 εἶσπηδῶσιν
1152 2385 1182 2415 D
1340 2393 1377 2422 14
1393 2386 1575 2424 παρώξυντο

249 2426 291 2465 Α,
310 2427 351 2458 cs.
370 2430 385 2464 ξ
404 2438 445 2458 2:
471 2428 668 2468 παρωξύνετο
685 2427 745 2458 SF
761 2428 790 2466 Q
806 2428 834 2457 D
951 2429 988 2458 18
1013 2430 1149 2467 ἐμαυτὸν
1161 2427 1203 2464 Α,
1219 2427 1368 2467 Taylor:
1392 2429 1420 2460 εἶ
1437 2428 1574 2467 ἐμαυτὸν

251 2470 275 2501 S
289 2470 354 2509 FQ
368 2470 397 2500 D
534 2481 574 2509 25
599 2477 633 2502 et
650 2473 691 2502 28
708 2473 745 2503 ἂν
761 2481 826 2503 om.
846 2472 869 2501 S
883 2471 908 2502 F
924 2470 954 2510 Q
971 2471 999 2501 D
1133 2472 1241 2510 25-26
1265 2471 1354 2511 ξένον
1371 2472 1419 2502 καὶ
1438 2470 1531 2510 ξένην
1548 2469 1574 2500 S

251 2515 310 2545 sed
328 2525 402 2545 cum
422 2515 510 2545 notis
527 2515 769 2554 transponendi
787 2527 792 2545 :
827 2515 914 2555 ξένον
939 2517 988 2547 καὶ
1007 2515 1092 2556 ξένον
1108 2514 1139 2543 Α
