1763 2778
99 150 234 208 [1324]
657 150 1174 206 [ΔΙΙΜΟΣΘΕΝΟΎΣ]
1479 152 1584 207 [Lvm

259 253 330 295 ἕως
366 253 508 304 λαβὼν
546 252 731 304 ἀργύριον
767 251 879 292 οὗτος
917 252 1027 292 εἴασε
1060 253 1327 303 διαγραφῆναι
1361 253 1585 293 καλούντων

261 320 378 361 αὐτὸν
423 321 478 362 εἷς
526 318 598 369 την
640 318 847 370 ἀνάκρισιν
890 322 967 358 τῶν
1005 318 1222 371 ἀρχόντων.
1295 319 1354 358 ὅτι
1396 321 1436 360 δὲ
1478 318 1584 360 ταῦτ’

260 389 386 438 ἀληθῆ
413 386 532 438 λέγω,
559 390 715 437 πρῶτον
744 387 816 435 μὲν
854 383 966 425 κάλει
1001 383 1042 425 ὃς
1082 384 1349 437 ἐγραμμάτευε
1384 392 1431 442 τῇ
1467 387 1583 444 ἀρχῇ,

262 455 512 507 Εὐθύφημον.

824 545 1035 572 ΜΑΡΤΎΡῙΑ.

218 626 240 660 9
327 608 427 661 λέγε
454 608 498 659 δὴ
540 608 602 648 καὶ
639 607 711 659 τὴν
753 611 830 648 τῶν
873 608 1036 648 ἰδόντων
1078 606 1305 658 ἐκκειμένην
1346 607 1416 666 τὴν
1459 607 1586 661 φάσιν

258 677 484 729 μαρτυρίαν.
555 674 663 727 λε’γε.

820 768 1028 794 ΜΑΡΤΎΡΙΑ.

329 830 453 871 Κάλει
487 832 528 871 δὲ
567 830 628 870 καὶ
661 829 752 872 τοὺς
783 834 850 870 τοῦ
884 831 1071 883 ἐμπορίου
1099 830 1350 881 ἐπιμελητάς,
1378 830 1440 871 καὶ
1470 830 1588 872 αὐτὸν

260 898 327 938 τὸν
354 897 506 939 Μίκων’
539 897 584 938 οὗ
617 897 742 950 ἔφηνε
773 900 818 938 τὸ
851 901 1006 938 πλοῖον·
1047 897 1110 939 καὶ
1142 899 1212 940 τὰς
1245 899 1457 950 μαρτυρίας
1493 899 1588 939 ἀνα-

261 967 472 1018 γίγνωσκε.

823 1063 1050 1090 ΜΑΡΤΎΡΙΑῙ.

199 1142 242 1167 10
326 1126 400 1168 (Ως
424 1128 496 1177 μὲν
520 1125 665 1173 τοίνυν,
694 1123 723 1166 ὦ
750 1125 888 1178 ἄνδρες
917 1127 1113 1173 δικασταί,
1148 1125 1273 1179 ἔφηνε
1303 1127 1521 1179 Θεοκρίνης
1545 1126 1590 1167 τὸ

260 1198 328 1234 τοῦ
350 1194 533 1234 Μίκωνος
559 1197 714 1239 πλοῖον,
743 1193 805 1234 καὶ
830 1192 881 1235 ὡς
906 1191 1078 1243 ἐξέκειτο
1096 1193 1226 1234 πολὺν
1242 1193 1388 1246 χρόνον
1406 1194 1429 1244 ἡ
1450 1193 1588 1246 φάσις,

263 1261 325 1301 καὶ
362 1260 412 1302 ὡς
449 1261 504 1302 εἷς
535 1259 607 1310 τὴν
639 1257 849 1312 ἀνάκρισιν
883 1260 1124 1311 καλούμενος
1156 1261 1231 1314 οὐχ
1261 1259 1486 1310 ὑπήκουσεν
1510 1260 1590 1301 οὐδ’

262 1327 496 1378 ἐπεξῆλθεν,
537 1327 731 1377 ἀκηκόατε
765 1327 1069 1380 μαρτυρούντων
1107 1324 1284 1379 [τούτων]
1332 1327 1398 1370 οὓς
1446 1326 1592 1369 εἰδέναι

261 1393 439 1445 μάλιστα
475 1393 679 1446 προσήκει.
751 1394 813 1434 ὅτι
849 1394 881 1434 δ’
915 1394 960 1435 οὐ
994 1398 1081 1437 ταῖς
1115 1396 1265 1447 χιλίαις
1296 1395 1418 1445 μόνον
1449 1395 1592 1449 ἔνοχός

264 1463 388 1508 ἐστιν,
430 1463 537 1501 ἀλλὰ
580 1461 643 1502 καὶ
681 1461 876 1518 ἀπαγωγῇ
917 1461 980 1502 καὶ
1017 1465 1100 1503 τοῖς
1138 1461 1278 1504 ἄλλοις
1319 1463 1399 1503 ὅσα
1439 1462 1591 1503 κελεύει

103 1538 241 1594 [1325]
263 1527 438 1583 πάσχειν
464 1529 484 1567 ὁ
509 1528 628 1579 νόμος
656 1529 793 1569 οὑτοσὶ
819 1528 888 1569 τὸν
919 1532 1244 1581 συκοφαντοῦντα
1275 1528 1364 1571 τοὺς
1398 1530 1591 1580 ἐμπόρους

265 1596 328 1636 καὶ
351 1596 439 1636 τοὺς
467 1594 721 1647 ναυκλήρους,
747 1596 890 1649 ῥαδίως
914 1594 961 1646 ἐξ
983 1595 1101 1636 αὐτοῦ
1126 1599 1194 1636 τοῦ
1218 1596 1340 1646 νόμου
1367 1597 1590 1649 γνώσεσθε.

202 1679 240 1705 11
263 1664 510 1714 βουλόμενος
536 1664 611 1715 γὰρ
641 1663 662 1702 ὁ
690 1662 760 1702 τὸν
796 1663 919 1713 νόμον
948 1663 1070 1705 τιθεὶς
1106 1662 1205 1714 μήτε
1238 1663 1330 1705 τοὺς
1364 1663 1592 1705 ἀδικοῦντας

263 1734 342 1770 τῶν
383 1730 562 1781 ἐμπόρων
601 1727 747 1785 ἀθῴους
788 1729 901 1780 εἶναι,
941 1728 1040 1781 μήτε
1080 1729 1171 1773 τοὺς
1210 1729 1358 1771 ἄλλους
1399 1728 1592 1782 πράγματ’

265 1798 386 1850 ἔχειν,
430 1798 566 1838 ἁπλῶς
599 1797 739 1837 ἀπεῖπε
787 1800 869 1839 τοῖς
915 1797 1106 1839 τοιούτοις
1156 1801 1235 1837 τῶν
1282 1797 1499 1849 ἀνθρώπων
1539 1796 1591 1848 μὴ

265 1864 434 1916 φαίνειν,
475 1864 507 1904 εἰ
542 1862 595 1914 μὴ
631 1863 810 1903 πιστεύει
845 1880 904 1905 τις
940 1864 1042 1918 αὑτῷ
1085 1863 1227 1914 δείξειν
1269 1864 1311 1904 ἐν
1352 1865 1442 1914 ὑμῖν
1478 1881 1590 1916 γεγε-

266 1930 415 1981 νημένα
438 1929 526 1982 περὶ
550 1931 604 1970 ὧν
629 1934 800 1970 ποιεῖται
823 1930 895 1980 τὴν
921 1928 1063 1983 φάσιν·
1100 1929 1169 1971 ἐὰν
1195 1929 1238 1971 δέ
1261 1947 1320 1972 τις
1345 1933 1449 1982 παρὰ
1472 1934 1593 1971 ταῦτα
1640 1949 1652 1956 -

265 2004 359 2054 ποιῇ
387 2001 465 2038 τῶν
498 1997 870 2049 συκοφαντούντων,
899 1996 1067 2048 ἔνδειξιν
1096 1996 1224 2037 αὐτῶν
1257 1996 1358 2037 εἶναι
1394 1997 1456 2037 καὶ
1492 1998 1590 2037 ἀπα-

266 2063 412 2117 γωγήν.
484 2067 642 2115 μᾶλλον
666 2065 709 2104 δὲ
732 2062 828 2116 λέγε
853 2063 922 2105 τὸν
947 2064 1068 2115 νόμον
1097 2063 1226 2104 αὐτόν·
1266 2063 1368 2105 πολὺ
1396 2063 1474 2117 γὰρ
1499 2065 1593 2116 ἐμοῦ

267 2131 520 2184 σαφέστερον
547 2129 705 2181 διδάξει.

309 2252 329 2281 5
348 2247 546 2274 ΜΑΡΊῪΡῙΑ
558 2252 622 2272 om.
635 2240 667 2270 A
751 2243 772 2272 6
788 2241 840 2281 δὴ]
855 2240 889 2273 δὲ
901 2240 933 2270 Λ
1021 2251 1038 2279 7
1055 2241 1135 2282 λε’·γε
1146 2252 1210 2273 om.
1222 2240 1253 2271 Α
1340 2242 1361 2272 8
1379 2246 1592 2274 ΜΑΡΤὙΡΙΑῙ

265 2284 296 2315 Λ
384 2296 405 2324 9
429 2284 479 2325 δὲ]
499 2284 577 2323 δῆΑ
670 2295 707 2323 14
730 2287 787 2316 τοῦ
804 2295 868 2315 om.
886 2284 917 2314 A
1010 2294 1047 2323 15
1072 2287 1133 2326 οὐχ
1151 2309 1157 2315 .
1176 2308 1184 2317 .
1205 2308 1211 2315 .
1231 2284 1309 2325 οὐδ’]
1324 2284 1387 2317 οὔθ’
1404 2309 1410 2315 .
1429 2309 1435 2316 .
1455 2309 1461 2315 .
1480 2287 1546 2317 οὔτ’
1564 2284 1594 2314 Α

270 2330 309 2359 16
331 2329 454 2361 τούτων
464 2329 516 2362 οὓς
530 2328 554 2359 S
566 2328 590 2358 F
606 2327 636 2366 Q
650 2328 679 2358 D
695 2339 702 2358 ε
727 2329 778 2360 οὓς
790 2327 832 2368 Α,
845 2328 888 2359 cs.
902 2339 949 2358 xx
962 2329 1003 2367 87
1118 2339 1154 2367 17
1179 2330 1332 2369 προσήκει
1346 2328 1375 2358 D
1390 2329 1595 2369 <coniecerat

266 2372 483 2412 Thalheim):
507 2374 668 2413 προσῆκεν
693 2376 771 2402 cett.
880 2373 918 2402 18
942 2370 1016 2412 ὅσα]
1048 2371 1068 2404 ἃ
1089 2371 1119 2401 Α
1264 2382 1305 2411 23
1329 2373 1403 2404 τοὺς
1432 2372 1594 2404 τοιούτους

239 2457 247 2462 ἣ
266 2416 390 2455 Taylor
507 2426 547 2453 24
572 2417 612 2447 τὰ
645 2417 760 2455 (ταῦτα
790 2414 831 2455 Α]
867 2420 945 2446 ante
976 2415 1177 2456 γεγενημένα
1209 2416 1329 2446 codd:
1361 2415 1426 2446 del.
1461 2414 1594 2446 Dobree

268 2469 308 2497 25
333 2462 434 2491 ταῦτα
466 2458 518 2488 A:
551 2460 630 2490 αὐτὰ
653 2463 730 2490 cett.
845 2460 886 2488 26
910 2472 992 2490 ποιει
1008 2458 1034 2491 S
1123 2459 1201 2490 εἶναι
1218 2461 1322 2490 αὐτῶν
1337 2458 1368 2489 Α
1473 2469 1511 2498 27
1539 2472 1594 2491 σα·

267 2502 425 2544 φέστερον
442 2504 516 2542 ἐμοῦ
531 2502 562 2532 Α
