1763 2778
80 130 222 186 [1266]
661 130 704 166 Δ
716 130 979 167 mmm->1⁴3
992 131 1153 167 Nom
1494 127 1568 182 [mv

800 242 1008 269 ΜΑΡΤΎΡῙΑ.

178 315 224 357 30
311 307 409 358 Περὶ
434 308 508 357 μὲν
529 307 662 347 τοίνυν
687 308 755 356 τῆς
783 305 966 356 βασάνου
990 309 1109 345 ταῦτα
1131 305 1349 357 μέμνησθε,
1376 307 1446 357 τὴν
1466 308 1569 360 ὤραν

241 374 356 425 ἡνίκα
392 373 667 425 προύκαλεῖτο,
704 374 759 413 ὧν
798 372 896 413 ἕνεκ’
934 373 1129 425 ἐκκρούων
1159 373 1268 413 ταῦτ’
1308 374 1445 421 ἐποίει,
1479 375 1569 418 τοὺς

242 441 408 495 χρόνους
434 441 522 482 τοὺς
549 440 736 492 πρώτους,
774 441 818 480 ἐν
844 440 903 482 οἶς
933 440 1103 492 οὐδαμοῦ
1129 444 1245 481 τοῦτο
1277 442 1492 492 βουληθεὶς
1524 441 1568 482 τὸ

242 509 392 549 δίκαιον
418 509 521 563 αὑτῷ
545 507 734 561 γενέσθαι
759 508 956 561 φαίνεται,
985 507 1073 549 οὐδὲ
1100 507 1462 560 προκαλεσάμενος,
1490 509 1568 551 οὐδ’
1589 528 1606 559 5

241 574 427 626 ἀξιώσας.
486 574 621 626 ἐπειδὴ
634 576 770 616 τοίνυν
791 575 914 616 ταύτὰ
937 574 1050 616 πάντ’
1067 574 1258 628 ἠλέγχεθ’
1279 574 1377 627 ἅπερ
1398 576 1459 616 καὶ
1485 579 1565 623 νῦν,

242 642 338 695 πρὸς
361 647 414 697 τῷ
440 645 631 700 διαιτητῇ,
658 642 720 683 καὶ
754 646 935 695 φανερῶς
961 643 1158 683 ἐδείκνυτο
1189 646 1314 684 πᾶσιν
1339 641 1392 683 ὢν
1429 643 1568 697 ἔνοχος

176 726 217 761 31
240 713 320 751 τοῖς
338 709 654 762 ἐγκεκλημένοις,
678 708 927 761 ἐμβάλλεται
943 711 1159 762 μαρτυρίαν
1176 712 1305 763 ψευδῆ
1325 710 1387 750 καὶ
1404 710 1565 763 ἐπιγρά-

241 781 359 828 φεται
383 776 578 829 μάρτυρας
603 777 830 829 ἀνθρώπους
857 776 923 819 οὒς
954 776 1035 818 οὐδ’
1067 778 1166 828 ὑμᾶς
1191 776 1405 830 ἀγνοήσειν
1423 779 1566 829 οἴομαι,

240 842 310 884 ἐὰν
346 844 554 894 ἀκούσητε,
595 843 800 895 (Διότιμος
837 846 1030 896 Διοτίμου
1064 843 1263 896 Ἰκαριεύς,
1300 844 1569 899 Ἀρχεβιάδης
1593 864 1628 885 ιο

240 910 493 961 Δημοτέλους
514 910 709 958 Ἁλαιεύς,
736 910 948 964 Χαιρήτιος
972 911 1230 964 Χαιριμένους
1255 911 1400 954 Πιθεὺς
1423 930 1567 965 μαρτυ-

237 981 376 1030 ροῦσιν
403 978 560 1019 ἀπιέναι
586 977 663 1019 ἀπὸ
693 979 853 1020 δείπνου
878 981 980 1031 μετὰ
1007 980 1200 1026 Κόνωνος,
1230 980 1292 1021 καὶ
1323 983 1567 1031 προσελθεῖν

240 1046 282 1085 ἐν
314 1045 439 1100 ἀγορᾷ
467 1044 708 1099 μαχομένοις
744 1045 960 1099 Ἀρίστωνι
994 1047 1058 1088 καὶ
1093 1051 1145 1102 τῷ
1170 1049 1247 1087 υἱεῖ
1279 1051 1331 1103 τῷ
1370 1047 1565 1093 Κόνωνος,

173 1131 218 1167 32
240 1112 302 1152 καὶ
326 1112 378 1164 μὴ
403 1110 576 1162 πατάξαι
600 1113 768 1154 Κόνωνα
792 1113 1040 1166 Ἀρίστιι)ιά’,
1068 1113 1120 1156 ὡς
1135 1115 1232 1171 ὑμᾶς
1248 1114 1395 1156 εὐθέως
1409 1114 1567 1156 πιστεύ-

240 1196 398 1227 σοντας,
438 1179 483 1220 τὸ
525 1177 559 1221 δ’
599 1176 749 1232 ἇληθές
783 1180 830 1221 οὐ
866 1180 1161 1234 λογιουμένους,
1207 1182 1267 1222 ὅτι
1304 1184 1568 1239 πρῶτονῗμὲν
1589 1200 1626 1230 ¹5

237 1246 415 1288 οὐδέποτ’
444 1246 494 1289 ἂν
517 1245 603 1288 οὔθ’
624 1248 646 1288 ὁ
671 1249 945 1313 Λυσίοτρατος
971 1247 1053 1289 οὔθ’
1072 1249 1093 1289 ὁ
1119 1248 1285 1292 Πασέας
1309 1249 1389 1290 οὔθ’
1404 1240 1565 1301 ὁνΝική-

235 1314 461 1367 paros-050⁵
489 1316 522 1363 ὁ,
542 1316 757 1369 Διόδωρος,
788 1316 825 1356 οἳ
855 1315 1065 1369 διαρρήδην
1091 1315 1438 1369 μεμαρτυρήκασιν
1472 1318 1566 1370 ὁρᾶν

237 1381 313 1423 ὑπὸ
337 1383 523 1426 Κόνωνος
544 1384 880 1435 τυπτόμενονέμὲ
912 1384 976 1425 καὶ
1001 1383 1206 1435 θοίμάτιον
1239 1385 1474 1435 ἐκδυόμενον
1505 1385 1565 1425 καὶ

236 1447 352 1490 τᾶλλ’
376 1450 440 1490 ὅσ’
466 1451 649 1504 ἔπασχον
670 1451 944 1503 ὑβριζόμενον,
970 1452 1146 1504 ἀγνῶτες
1166 1453 1277 1494 ὄντες
1302 1451 1404 1492 κάπὸ
1428 1452 1564 1492 ταύτο-

235 1516 360 1568 μάτου
395 1518 713 1570 παραγενόμενοι
750 1522 804 1574 τῷ
844 1517 1043 1571 πράγματι
1091 1520 1138 1559 τὰ
1179 1521 1308 1571 ψευδῆ
1356 1524 1565 1572 μαρτυρεῖν
1589 1538 1627 1558 20

77 1586 212 1640 [1267]
235 1583 453 1634 ἠθέλησαν,
481 1586 515 1626 εἰ
539 1584 592 1636 μὴ
617 1583 726 1626 ταῦθ’
748 1585 882 1638 ἑώρων
907 1586 1145 1627 πεπονθότα·
1178 1584 1300 1627 ἔπειτ’
1337 1586 1452 1629 αὐτὸς
1489 1588 1565 1639 ἐγὼ

38 1641 40 1649 ¹
235 1650 414 1692 οὐδέποτ’
443 1651 504 1699 ἄν,
534 1651 588 1704 μὴ
623 1653 761 1693 παθὼν
788 1652 863 1694 ὑπὸ
891 1653 1031 1694 τούτου
1065 1657 1198 1701 ταῦτα,
1225 1654 1342 1706 ἀφεὶς
1376 1653 1466 1696 τοὺς
1503 1654 1565 1694 καὶ

234 1716 326 1771 παρ’
360 1719 491 1761 αὐτῶν
522 1719 673 1761 τούτων
709 1719 1048 1772 ὁμολογουμένους
1082 1722 1242 1762 τύπτειν
1275 1721 1343 1772 ἐμὲ
1376 1720 1472 1773 πρὸς
1497 1725 1565 1762 τὸν

170 1799 214 1834 33
235 1784 316 1826 οὐδ’
347 1785 557 1839 ἁψάμενον
592 1791 749 1840 πρῶτον
783 1787 951 1828 εἰσιέναι
987 1789 1240 1840 προειλόμην.
1311 1789 1350 1829 τί
1383 1789 1458 1841 γὰρ
1496 1788 1562 1836 ἄν;

235 1851 327 1893 ἀλλ’
364 1854 434 1907 ὑφ’
476 1854 521 1894 οὗ
561 1872 608 1907 γε
642 1855 798 1907 πρώτου
835 1853 1015 1908 ἐπλήγην
1051 1855 1113 1895 καὶ
1148 1854 1314 1906 μάλισθ’
1349 1857 1561 1907 ὑβρίσθην,
1586 1874 1623 1904 ²5

234 1920 356 1976 τούτῳ
384 1921 445 1962 καὶ
471 1920 671 1972 δικάζομαι
698 1922 760 1962 καὶ
784 1926 888 1973 μισῶ
916 1923 980 1964 καὶ
1003 1921 1282 1976 ἐπεξέρχομαι.
1341 1923 1403 1963 καὶ
1428 1922 1563 1974 τὰμὲν

236 1987 327 2041 παρ’
344 1989 439 2040 ἐμοῦ
464 1987 578 2028 πάνθ’
606 1989 728 2031 οὕτως
753 1989 863 2030 ἐστὶν
894 1990 1023 2041 ἆληθῆ
1052 1990 1114 2031 καὶ
1140 1990 1337 2043 φαίνεται·
1372 1990 1495 2046 τούτῳ
1521 1992 1562 2031 δὲ

281 2108 296 2128 1
324 2104 536 2132 ΜΑΡΤΎΡΙΑῙ
555 2099 579 2131 S
593 2099 623 2130 A
636 2099 667 2130 D
770 2109 835 2139 2-:3
858 2100 951 2138 ἡνίκα
965 2101 1026 2138 τὴν
1043 2099 1125 2140 ὥραν
1142 2099 1178 2131 S¹
1286 2110 1307 2140 3
1330 2099 1388 2141 ὧν]
1407 2101 1456 2132 καὶ
1474 2099 1518 2132 ὧν
1531 2100 1564 2131 Α

237 2142 391 2182 ἐκκρούων
410 2143 473 2173 del.
494 2143 730 2182 Herwerden;
755 2143 815 2174 sed
832 2143 873 2174 cs.
894 2144 927 2174 xl
945 2154 986 2182 54
1137 2145 1159 2175 6
1181 2145 1282 2176 ταύτὰ
1297 2144 1439 2183 scripsi:
1462 2147 1564 2176 ταῦτα

235 2186 331 2217 codd.
359 2187 474 2226 (ταυτα
499 2187 538 2226 S)
651 2188 701 2219 καὶ
726 2189 782 2219 νῦν
800 2187 832 2218 Α
848 2198 855 2218 :
879 2186 950 2229 παρ’
968 2189 1038 2226 ὑμῖν
1055 2187 1079 2218 S
1098 2187 1188 2227 vulg.
1344 2198 1365 2225 9
1390 2189 1517 2228 ἀγνοεῖν
1530 2187 1562 2218 Α

238 2238 339 2260 10-11
359 2233 552 2271 αρχιβιαδης
571 2254 577 2261 .
599 2255 605 2262 .
627 2255 635 2262 .
654 2233 778 2263 αδαιευς
795 2230 820 2261 S
914 2241 948 2261 11
970 2232 1138 2272 Χαιρήτιος
1157 2231 1265 2271 (·ι’τιος
1279 2230 1325 2270 Q)
1341 2231 1444 2269 SFQ
1460 2231 1500 2270 D,
1519 2231 1560 2263 cs.

235 2273 273 2303 C.
291 2272 314 2304 I.
330 2272 371 2304 A.
389 2274 409 2303 ii
432 2284 511 2313 1007
528 2285 535 2305 ε
558 2274 743 2315 Χαιρέτιμος
758 2274 791 2304 Α
881 2276 991 2306 Πιθεὺς
1009 2274 1032 2305 S
1048 2285 1054 2304 :
1079 2276 1212 2306 Πιτθεὺς
1229 2274 1316 2314 vulg.
1434 2284 1470 2313 15
1495 2274 1560 2316 ὅτι]

234 2318 299 2348 οὔθ’
316 2317 365 2349 ὅτι
381 2316 413 2347 Α
549 2319 587 2347 16
613 2319 773 2357 νικὸρατος
785 2318 809 2347 S
943 2328 980 2347 21
1009 2316 1107 2349 ἔπειτ’
1119 2341 1127 2348 .
1145 2340 1153 2348 .
1174 2341 1181 2349 .
1196 2317 1275 2358 ἐγὼ]
1290 2316 1356 2349 οὔτ’
1376 2341 1384 2348 .
1403 2341 1412 2349 .
1432 2339 1441 2349 .
1460 2318 1561 2358 ἔγωγε

232 2359 265 2390 Α
384 2371 424 2400 23
449 2363 553 2392 αὐτῶν
569 2361 594 2391 S
605 2361 634 2390 A
649 2372 656 2391 ε
682 2364 746 2392 τῶν
762 2362 867 2392 αὐτῶν
884 2360 910 2390 F
921 2360 951 2398 Q
965 2361 994 2390 D
1106 2371 1146 2398 24
1164 2365 1240 2400 post
1252 2362 1286 2393 τί
1298 2362 1335 2392 ἂν
1345 2361 1420 2392 add.
1432 2362 1451 2399 ἢ
1465 2362 1514 2393 διὰ
1530 2362 1562 2393 τί

234 2404 330 2435 codd.
350 2415 357 2435 :
390 2403 453 2435 del.
477 2404 641 2436 Schaeser
762 2413 803 2442 25
827 2416 865 2443 γε
894 2405 1019 2444 πρώτου
1041 2403 1066 2434 S
1083 2414 1190 2434 corn:
1215 2417 1253 2444 γε
1279 2407 1404 2445 πρῶτον
1432 2403 1493 2435 5¹:
1525 2418 1561 2436 τε

234 2449 357 2488 πρώτου
373 2452 450 2479 cett.
540 2452 617 2488 post
634 2448 759 2487 πρώτου
780 2447 857 2477 add.
871 2460 907 2478 τε
926 2447 1024 2478 Blass
1114 2447 1157 2477 26
1182 2446 1392 2489 ὑπεξέρχομαι
1408 2447 1432 2478 S
1448 2447 1472 2478 F
1484 2447 1515 2486 Q
1530 2447 1562 2477 D
