1742 2774
60 115 197 170 [1041]

175 496 197 532 9

155 1014 198 1041 10

640 107 1161 166 [ΔΗΜΟΣΘΕΝΟΎΣ]
1454 112 1544 167 [xm

217 213 340 262 μηδὲν
376 212 525 253 δίκαιον
561 216 701 252 ποιεῖν.
771 212 1111 264 παρεσημηνάμην
1149 215 1195 253 τὰ
1232 214 1437 266 οἰκήματα,
1476 219 1544 256 τοῦ

217 279 340 330 νόμου
357 296 422 330 μοι
449 279 674 321 δεδωκότος·
712 279 825 322 οὗτος
841 279 1024 334 ἀνέῳξεν.
1075 280 1135 320 καὶ
1161 280 1205 321 τὸ
1220 284 1293 332 μὲν
1313 283 1480 335 ἀφελεῖν
1499 283 1544 323 τὸ

219 349 385 397 σημεῖον
423 347 624 399 ὁμολογεῖ,
663 346 708 386 τὸ
741 345 772 386 δ’
805 346 959 397 ἀνοῖξαι
987 347 1058 398 τὴν
1084 348 1202 399 θύραν
1235 348 1307 402 οὐχ
1341 351 1540 402 ὁμολογεῖ,

217 414 353 465 ὥσπερ
379 413 505 454 ἄλλου
528 412 635 456 τινὸς
659 414 774 454 ἕνεκα
796 415 846 454 τὰ
870 418 1014 464 σημεῖα
1040 415 1307 467 ἀφαιροῦντας
1331 413 1354 467 ἦ
1384 421 1451 457 τοῦ
1474 420 1543 460 τὰς

218 479 335 533 θύρας
381 479 544 531 ἀνοῖξαι.
622 480 743 521 ἔπειτ’
790 481 958 522 ἀπεῖπον
1004 481 1076 533 τὴν
1121 483 1221 533 ὕλην
1267 483 1318 534 μὴ
1372 483 1541 537 ἐξάγειν·

216 545 359 600 ἐξῆγεν
390 547 503 591 οὗτος
535 547 692 590 ἁπάσας
722 549 794 590 τὰς
826 547 984 601 ἡμέρας,
1022 549 1129 599 πλὴν
1160 551 1311 601 ἐκείνης
1343 552 1385 592 ἐν
1416 549 1443 608 ᾗ
1465 552 1543 604 ἐγὼ

216 614 396 656 ἀπεῖπον.
467 614 593 668 χρέως
641 614 720 656 οὐδ’
763 616 892 656 ὁτιοῦν
933 615 1118 668 ὠφείλετ’
1160 617 1223 658 ἐπὶ
1265 623 1312 675 τῇ
1361 619 1541 674 ἐσχατιᾷ·

215 684 284 722 νῦν
308 681 418 723 οὗτος
444 682 661 735 ἀποφαίνει
684 681 831 725 πολλά.
879 683 1017 726 ἁπλῶς
1042 688 1147 725 ποιεῖ
1163 684 1184 724 ὅ
1207 701 1245 724 τι
1262 683 1311 725 ἂν
1329 686 1540 736 βούληται,

216 748 290 802 οὐχ
316 749 338 789 ὅ
361 764 399 790 τι
422 750 460 789 οἱ
484 749 599 801 νόμοι
622 749 867 791 κελεύουσιν.
924 749 1020 803 λέγε
1045 751 1115 793 τὰς
1136 753 1362 804 μαρτυρίας,
1389 756 1542 804 πρῶτον

214 817 288 868 μὲν
312 817 380 857 τὰς
407 817 495 869 περὶ
519 818 590 857 τοῦ
610 815 825 868 μετάλλου,
853 817 990 857 ἔπειτα
1013 817 1076 858 καὶ
1101 820 1171 860 τὰς
1197 818 1333 860 ἄλλας.

764 932 992 960 ΜΑΡΊῪΡΙΑΙ.

275 993 333 1035 *A
355 996 428 1047 μὲν
453 996 583 1036 τοίνυν
608 994 720 1038 εὐθὺς
741 1001 790 1053 τῇ
809 996 941 1052 πρώτῃ
965 995 1090 1051 ἡμέρᾳ
1107 999 1205 1049 μετὰ
1229 999 1299 1040 τὰς
1318 998 1541 1041 ἀντιδόσεις

215 1060 363 1114 ἤρξατό
383 1079 433 1115 με
458 1063 682 1105 Φαίνιππος
707 1063 868 1110 ἀδικεῖν,
888 1064 1096 1114 ἀκηκόατε,
1121 1063 1151 1105 ὦ
1171 1064 1309 1117 ἄνδρες
1326 1064 1540 1116 Ἀθηναῖοι,

217 1129 278 1170 καὶ
303 1131 400 1181 ἐμοῦ
423 1129 485 1170 καὶ
508 1133 587 1171 τῶν
608 1130 828 1183 μαρτύρων.
897 1129 945 1170 τὰ
970 1133 1011 1171 δὲ
1034 1130 1132 1182 μετὰ
1156 1135 1278 1173 ταῦτα
1298 1131 1543 1186 γεγενημένα

217 1196 346 1237 οὐκέτι
382 1197 437 1239 εἷς
473 1198 542 1249 ἐμὲ
575 1197 699 1248 μόνον
732 1197 837 1253 αὐτῷ
865 1197 1096 1250 ἡμάρτηται,
1127 1199 1236 1241 ἀλλὰ
1270 1200 1332 1241 καὶ
1363 1201 1415 1240 εἷς
1452 1199 1541 1242 τοὺς

54 1250 196 1342 [104121]
216 1264 370 1315 νόμους,
402 1265 500 1316 ὑπὲρ
529 1265 584 1305 ὧν
609 1265 700 1315 ὑμῖν
729 1264 855 1305 ἅπασι
885 1265 1160 1307 σπουδαστέον
1197 1267 1320 1308 ἐστίν.
1390 1267 1540 1318 ὀμόσας

149 1813 191 1839 12

214 1348 290 1384 γαρ
315 1337 364 1389 τῇ
396 1331 584 1388 ἑνδεκάτῃ
613 1335 682 1372 τοῦ
705 1335 1000 1385 βοηδρομιῶνος
1022 1336 1145 1385 μηνὸς
1170 1334 1394 1386 ἀποφανεῖν
1416 1335 1539 1386 ὀρθῶς

214 1398 276 1439 καὶ
308 1399 466 1441 δικαίως
495 1398 568 1449 τὴν
599 1398 752 1446 οὐσίαν,
779 1399 845 1440 καὶ
875 1403 946 1440 τοῦ
967 1400 1092 1451 νόμου
1115 1400 1326 1453 διαρρήδην
1348 1400 1540 1453 λέγοντος

211 1469 330 1519 τριῶν
368 1466 524 1518 ἡμερῶν
566 1466 636 1519 ἀφ’
679 1466 725 1517 ἧς
765 1465 814 1507 ἂν
854 1467 984 1524 ὀμόσῃ
1024 1468 1173 1508 διδόναι
1209 1468 1281 1518 τὴν
1316 1468 1536 1521 ἀπόφασιν,

214 1532 342 1573 ἐδεῖτό
384 1550 461 1585 μου
510 1534 748 1586 προσελθὼν
794 1534 949 1586 πρόσθε
994 1538 1072 1574 τῶν
1129 1535 1389 1587 δικαστηρίων
1438 1534 1538 1587 μετὰ

211 1600 464 1641 Πολυεύκτου
500 1604 568 1641 τοῦ
605 1600 789 1654 Κριωέως
826 1601 888 1642 καὶ
922 1601 1067 1653 ἑτέρων
1103 1606 1231 1649 τινῶν,
1271 1606 1425 1654 πρῶτον
1465 1604 1538 1653 μὲν

210 1667 300 1719 περὶ
331 1668 551 1708 διαλύσεως
586 1670 797 1709 συνελθεῖν
828 1668 942 1723 αὐτῷ·
978 1668 1106 1710 πάντα
1138 1669 1214 1721 γάρ
1243 1686 1312 1721 μοι
1336 1671 1385 1710 τὰ
1408 1670 1537 1709 δίκαια

210 1733 407 1785 ποιήσειν·
443 1735 580 1775 ἔπειτα
604 1735 675 1786 τὴν
701 1736 908 1787 ἀπόφασιν
927 1737 997 1786 τῆς
1020 1736 1157 1777 οὐσίας
1183 1735 1461 1787 ἀναβαλέσθαι
1483 1736 1536 1787 μὴ

211 1801 365 1843 πολλὰς
390 1801 547 1854 ἡμέρας·
585 1801 632 1842 οὗ
654 1803 729 1854 γὰρ
755 1803 912 1854 ἀγνοεῖν
936 1819 1010 1853 μου
1033 1804 1081 1842 τὰ
1100 1803 1321 1856 πράγματα.
1381 1802 1534 1856 ἡγησά-

209 1885 326 1920 μενος
359 1868 392 1908 δ’
420 1869 497 1920 ἐγὼ
529 1870 590 1909 καὶ
621 1868 780 1921 μετρίου
809 1870 871 1910 καὶ
895 1869 1147 1922 ἀπράγμονος
1172 1870 1271 1911 εἶναι
1295 1871 1460 1910 πολίτου
1483 1869 1534 1921 μὴ
1582 1890 1595 1898 ·

257 1989 277 2009 2
301 1977 410 2020 οὗτος]
429 1977 521 2012 οὗτος
538 1979 571 2010 δὲ
588 1977 620 2009 Α
737 1988 758 2019 3
783 1981 935 2020 ὁμολογεῖ
948 1979 998 2010 bis
1014 1978 1045 2009 A
1062 1991 1070 2011 t
1095 1980 1252 2022 ὡμολόγει
1269 1985 1347 2012 cett.
1400 1992 1419 2020 4
1443 1981 1535 2021 ἆφαι-

209 2025 342 2064 ροῦντας
360 2022 488 2053 Reiske
503 2034 510 2053 :
535 2023 744 2064 ἀφαιροῦντος
760 2024 854 2054 codd.
1027 2033 1046 2063 5
1071 2038 1210 2056 απειπων
1227 2024 1251 2055 S
1360 2025 1404 2064 μὴ
1420 2034 1485 2056 om.
1505 2026 1535 2056 A

209 2069 378 2107 εξαγὰγειν
395 2065 420 2097 5
508 2068 530 2096 6
556 2067 714 2107 ἐξήγαγεν
730 2066 762 2096 Α
858 2067 921 2106 6-7
946 2067 1077 2099 ἀπεῖπον
1095 2069 1158 2108 ε”γῶ
1180 2068 1209 2098 D
1224 2079 1231 2099 ι
1258 2069 1322 2109 ἐγώ
1338 2068 1417 2099 secl.
1437 2067 1534 2100 Blass

209 2109 230 2139 8
253 2110 402 2146 βούλοιτο
423 2109 488 2149 FQ
505 2109 534 2139 D
636 2120 657 2150 9
682 2111 698 2141 ὅ
714 2124 746 2142 ’τι
765 2133 772 2141 .
793 2135 799 2142 .
819 2134 825 2142 .
846 2110 1031 2142 κελεύουσιν
1047 2111 1158 2142 Cobet
1175 2123 1182 2143 :
1207 2113 1222 2144 ὅ
1238 2126 1269 2143 τι
1286 2113 1326 2144 ἂν
1341 2135 1348 2142 .
1368 2135 1376 2143 .
1397 2135 1404 2143 .
1423 2113 1533 2144 κελεύ-

210 2166 298 2184 ουσιν
327 2153 414 2184 SA:
439 2154 455 2184 ὅ
480 2167 512 2185 τι
541 2155 578 2185 ἃν
604 2177 612 2184 .
647 2178 654 2185 .
685 2178 692 2185 .
722 2154 896 2185 κελεύωσιν
923 2153 1032 2192 FQD
1176 2165 1214 2186 10
1236 2155 1321 2197 περὶ]
1351 2154 1426 2196 ὑπὲρ
1450 2155 1531 2186 ΑΡῙ

210 2197 320 2228 ἔπειτα
336 2196 369 2228 δὲ
387 2199 437 2229 καὶ
454 2197 485 2226 Α
600 2207 638 2236 13
662 2199 818 2235 Ἀθηναῖοι
836 2196 860 2227 S
876 2207 883 2225 Ξ
909 2199 1058 2230 δικασταί
1072 2198 1161 2237 vulg.
1284 2209 1320 2238 17
1345 2199 1406 2239 ’γὰρ
1422 2208 1487 2230 om.
1508 2200 1532 2230 S

210 2241 381 2280 ἀποφανεῖν
400 2240 526 2270 Reiske
541 2251 549 2271 ι
573 2240 758 2281 ἀποφαίνειν
774 2240 870 2271 codd.
980 2242 1019 2271 18
1043 2241 1117 2282 τὴν]
1136 2241 1263 2274 ἅπασαν
1278 2244 1340 2280 τὴν
1354 2242 1386 2272 Α
1481 2245 1531 2275 καὶ

209 2285 266 2314 τοῦ
285 2283 361 2319 SA,
379 2284 420 2314 cf.
439 2284 508 2313 xliii
527 2293 569 2322 5:
591 2285 649 2316 τοῦ
670 2283 734 2322 FQ
747 2283 777 2313 D
880 2293 923 2314 20
945 2285 1063 2325 πρόσθε
1082 2286 1153 2326 (πρὸ
1172 2285 1281 2325 Blass)
1300 2289 1364 2317 τῶν
1380 2289 1532 2324 δικαστη-

208 2327 282 2368 ρίων
308 2327 448 2367 scripsi:
477 2329 525 2358 ἐπὶ
551 2328 599 2368 (ἐν
620 2328 666 2369 Α)
687 2331 731 2368 τῷ
750 2329 942 2370 δικαστηρίῳ
964 2327 1050 2358 SA:
1074 2330 1132 2370 πρὸ
1151 2331 1208 2360 τοῦ
1230 2331 1434 2372 δικαστηρίου
1451 2329 1530 2369 FQ,

210 2400 283 2441 fuit,
303 2402 435 2442 opinor.
450 2379 573 2444 ετῖ-ῖρόσθε
591 2402 623 2433 in
641 2401 838 2443 archetypo.
886 2401 937 2434 Cf.
957 2401 1054 2436 Dein.
1074 2403 1105 2435 ii.
1129 2415 1165 2444 ¹3
1334 2414 1373 2435 21
1399 2418 1530 2447 κρισεως

210 2446 234 2476 S
247 2445 277 2485 Q
294 2460 346 2488 γρ.
362 2447 392 2477 D
407 2459 414 2477 z
439 2447 594 2488 κριωσέως
611 2447 641 2478 Α
774 2457 814 2477 22
842 2451 1002 2480 συνελθων
1018 2447 1043 2478 S

1568 825 1603 846 10

1565 1215 1600 1246 15

1561 1553 1600 1574 20
