1700 2758
669 115 1081 157 PRAEFATIO

219 224 325 264 xxvi
361 224 601 277 excipiunt,
639 238 702 265 res
736 224 861 265 aliter
897 238 940 264 sc
973 224 1117 265 habet.
1169 225 1249 271 hic,
1284 225 1362 265 nisi
1402 225 1534 275 fallor,

217 289 327 330 sicut
346 291 385 329 in
404 290 671 330 orationibus
693 290 878 343 publicis
897 291 1161 344 plerumque,
1181 291 1383 331 artiorem
1401 305 1534 344 quan-

217 359 317 398 dam
337 372 434 398 cum
454 360 615 399 codicis
639 359 680 399 Y
699 360 908 400 memoria
926 360 1228 412 deprehendas
1246 359 1534 400 adfinitatem.

220 428 394 467 maioris
418 435 563 468 tamen
594 429 801 469 momenti
829 436 894 469 est
923 429 1040 481 quod
1071 429 1235 469 eximia
1267 430 1460 482 suppetit
1491 429 1532 468 in

218 510 236 536 r
260 497 586 537 Prooemiorum
613 498 814 547 recensio,
830 511 944 551 quae
967 498 1082 538 uncle
1104 498 1285 538 traxerit
1309 497 1532 550 originem,

216 565 357 606 adhuc
375 566 416 606 in
436 566 599 608 incerto
623 573 702 608 est.
719 581 776 607 ex
795 567 837 607 A
857 568 1051 607 nondum
1075 567 1276 608 mutilato
1291 567 1532 607 derivatam

218 648 310 675 esse
326 635 564 689 Drerupius
579 636 798 690 opinatur;
822 637 1032 677 infitiatur
1047 635 1226 677 Carolus
1242 637 1370 683 Fuhr‚
1385 643 1427 677 et
1443 637 1534 689 ipse

216 704 271 745 de
303 704 602 746 Demosthene
636 706 840 758 insignite
870 707 1077 756 meritus;
1110 706 1271 746 scilicet
1306 706 1340 745 si
1371 706 1535 758 integer

217 772 446 814 Prooemia
478 774 768 828 Augustanus
801 775 1036 824 habuisset,
1070 775 1290 815 librarium
1322 775 1484 815 codicis
1514 788 1534 814 ι·

216 855 314 882 cum
332 843 567 884 Prooemiis
582 844 712 883 etiam
728 845 971 884 orationem
989 843 1093 883 xlvii
1112 845 1373 897 scripturum
1390 843 1534 884 fuisse.

215 911 418 963 equidem
442 912 551 952 sicut
577 912 821 952 orationum
846 911 1019 961 lix—lxi,
1037 912 1097 952 ita
1119 912 1447 953 Prooemiorum
1474 926 1534 952 re-

216 980 461 1020 censionem
479 981 618 1021 eidem
636 981 826 1021 familiae
843 981 910 1021 cui
931 981 1126 1021 codicem
1143 980 1184 1021 Y
1203 980 1532 1034 adsignaverim.

214 1063 364 1090 verum
389 1051 674 1103 undecunque
698 1050 1053 1099 fluxe1·it‚nescio
1083 1063 1138 1090 an
1173 1050 1205 1090 I.
1241 1048 1380 1104 May‚¹
1413 1050 1535 1089 cuius

216 1126 387 1171 praesto
406 1119 510 1159 mihi
526 1119 604 1160 fuit
619 1119 810 1169 collatio,
826 1119 1007 1160 nimium
1028 1119 1088 1159 illi
1104 1119 1313 1160 tribuerit.
1369 1119 1534 1172 aliquot

215 1201 318 1228 sane
341 1188 477 1229 bonas
510 1188 718 1230 lectiones
751 1195 824 1229 aut
849 1188 964 1229 solus
992 1202 1010 1228 r
1039 1195 1112 1229 aut
1137 1188 1435 1229 Ambrosiano
1467 1187 1534 1228 vel

214 1256 545 1298 Vindobonensi
567 1257 634 1298 vel
658 1265 842 1310 utroque
864 1257 1128 1312 suffragante
1150 1258 1419 1299 conservavit
1443 1272 1478 1299 e.
1493 1271 1533 1311 g.

217 1327 282 1366 Pr.
300 1326 389 1367 xiv.
407 1337 444 1375 2,
464 1326 528 1366 Pr.
545 1341 617 1366 xv.
641 1338 661 1366 2
679 1326 785 1376 οἶμαι
804 1329 900 1375 δεῖν,
917 1326 982 1366 Pr.
1000 1327 1086 1375 xvi,
1106 1327 1172 1367 Pr.
1190 1327 1308 1375 xviii,
1329 1326 1393 1367 Pr.
1409 1326 1534 1375 xxiii,

217 1395 282 1435 Pr.
306 1396 429 1436 xxiv.
452 1408 468 1434 1
497 1396 623 1436 εἰπεῖν
645 1410 663 1435 r
679 1396 719 1435 D
743 1394 936 1436 Vindob.
955 1408 1007 1445 4:
1040 1410 1125 1437 orn.
1144 1403 1258 1448 cett,
1284 1396 1348 1436 Pr.
1369 1395 1476 1436 xliii.
1499 1408 1532 1435 1.

216 1464 320 1504 illud
348 1477 520 1517 quoque
546 1465 738 1505 notabile
768 1464 946 1517 triginta
981 1464 1069 1506 fere
1099 1465 1218 1505 locos
1246 1478 1338 1505 esse
1368 1464 1440 1505 ubi
1475 1463 1533 1504 le-

215 1534 376 1574 ctiones
385 1547 491 1586 quas
502 1534 788 1575 recentiorum
799 1532 1122 1588 philologorum
1134 1533 1322 1576 acumini
1332 1541 1534 1587 acceptas

215 1603 449 1653 referimus,
466 1604 551 1644 iam
567 1605 748 1645 tandem
764 1604 805 1644 in
822 1604 904 1644 hoc
923 1604 1032 1645 libro
1049 1611 1346 1658 compareant.
1380 1604 1534 1645 nihilo-

217 1673 357 1713 minus
399 1673 611 1714 eiusmodi
654 1673 908 1727 corruptelis
953 1674 1353 1728 additamentisque
1396 1681 1534 1716 scatet

214 1742 357 1782 codex
385 1756 403 1781 1·
430 1741 584 1795 quibus
615 1756 672 1782 ex
701 1741 990 1795 exquisitiore
1020 1742 1182 1783 facilior
1210 1743 1432 1784 intellectu
1459 1742 1533 1784 fiat

215 1810 456 1859 sententia;
491 1824 576 1851 non
604 1810 860 1851 fidelitatem
891 1811 1150 1852 recensionis
1176 1813 1250 1852 sed
1275 1826 1451 1866 pravam
1476 1812 1535 1852 in-

215 1878 458 1932 terpolandi
494 1879 772 1920 sedulitatem
812 1880 916 1920 haec
952 1887 994 1920 et
1030 1879 1134 1922 talia
1166 1881 1536 1922 testificantur:—

214 1950 317 1989 xvii.
343 1960 365 1988 2
394 1947 499 2001 <περὶ
526 1949 668 2002 αὐτῶν)
695 1949 718 1988 ἃ
748 1953 941 2001 παραινῶ,
969 1951 1124 1991 xxxvi.
1157 1962 1180 1992 2
1210 1950 1314 2004 (περὶ
1348 1952 1400 1991 ὧν
1428 1950 1536 2004 ἴστε)

213 2017 357 2071 λέγων,
382 2017 449 2059 lvi.
477 2018 531 2058 ad
563 2017 634 2058 fin.
661 2017 685 2057 ἅ
719 2019 822 2071 φημί
851 2036 918 2071 μοι
951 2021 1093 2067 δοκεῖν,
1122 2021 1196 2061 xii.
1225 2032 1260 2068 Ι,
1285 2021 1359 2060 xvi
1390 2020 1434 2061 οὐ
1459 2020 1534 2073 γὰρ

216 2089 345 2142 ἐνδείᾳ
366 2105 432 2139 μοι
455 2090 562 2128 δοκεῖ
585 2087 751 2141 (δοκεῖτε
774 2090 891 2141 cett.)
916 2089 1050 2142 λόγων
1073 2090 1160 2130 οὐδὲ
1183 2087 1230 2129 δι’
1247 2087 1410 2141 ἄγνοιαν
1431 2089 1535 2142 (οὐδὲ

215 2160 282 2198 νῦν
314 2158 409 2208 ὁρᾶν
442 2158 558 2210 cett.)
594 2159 641 2197 τὰ
674 2154 867 2210 πράγματ’
899 2157 1200 2198 ἀπολωλεκέναι
1240 2157 1386 2208 (πάντα
1416 2162 1533 2198 λελυ-

213 2224 392 2277 μασμένα
420 2226 551 2279 cett.).
597 2225 774 2266 inlustre
802 2225 979 2278 aliquod
1006 2227 1317 2267 documentum
1343 2226 1533 2279 proferre

215 2296 330 2336 iuvat
345 2295 417 2335 ubi
433 2296 689 2348 gliscentem
706 2303 902 2336 tenemus
918 2295 1208 2349 interpolandi
1223 2296 1451 2336 audaciam
1464 2313 1533 2336 :—

258 2385 268 2406 ¹
294 2385 369 2417 Zur
384 2383 493 2416 Kritik
508 2385 565 2416 der
579 2385 772 2417 Prooemt'en
789 2385 844 2416 des
860 2384 1106 2424 Demosthenes,
1125 2385 1240 2425 Progr.
1262 2385 1407 2416 Durlach
1431 2397 1520 2426 1905.

847 2454 911 2478 Vlll
