1763 2778
90 134 228 189 [1335]

648 140 1174 197 [ΔΗΜΟΣΘΕΝΟΥΣ]
1474 142 1578 196 [Lvm

187 260 232 292 40
250 245 294 286 οὐ
327 247 399 298 γὰρ
433 244 612 297 ὀλιγάκις
643 243 819 297 ἑοράκατ’
845 243 984 286 αὐτοὺς
1013 244 1078 284 ἐπὶ
1106 246 1178 295 μὲν
1207 248 1284 284 τῶν
1316 246 1576 296 δικαστηρίων

184 792 224 824 41

183 1399 227 1432 42

61 1893 227 1994 [133633

251 314 313 354 καὶ
337 316 405 352 τοῦ
423 311 604 364 βήματος
629 312 794 365 ἐχθροὺς
821 312 919 352 εἶναι
945 310 1174 363 φάσκοντας
1200 310 1405 361 ἀλλήλοις,
1433 313 1510 366 ἰδίᾳ
1536 314 1575 353 δὲ

250 379 370 420 ταύτὰ
400 379 642 432 πράττοντας
676 380 738 419 καὶ
766 378 1006 432 μετέχοντας
1037 382 1116 419 τῶν
1139 377 1368 429 λημμάτων,
1396 379 1458 419 καὶ
1487 381 1578 421 τοτὲ

249 449 319 498 μὲν
338 446 663 498 λοιδορουμένους
687 447 749 487 καὶ
774 446 994 488 πλύνοντας
1018 445 1158 487 αὐτοὺς
1182 446 1420 497 τάπόρρητα,
1440 446 1578 498 μικρὸν

250 516 290 554 δὲ
317 514 572 555 διαλιπόντας
597 517 678 555 τοῖς
704 513 834 554 αὐτοῖς
859 514 1012 555 τούτοις
1035 512 1381 562 συνδεκαδίζοντας
1409 513 1471 553 καὶ
1500 517 1577 554 τῶν

249 580 374 621 αὐτῶν
395 582 509 633 ἱερῶν
528 584 821 622 κοινωνοῦντας.
882 580 943 619 καὶ
963 579 1109 619 τούτων
1130 580 1242 620 οὐδὲν
1263 581 1359 621 ἴσως
1378 579 1578 631 θαυμάσαι

249 647 360 698 ἄξιόν
390 649 514 688 ἐστιν·
554 648 676 699 φύσει
705 665 748 688 τε
779 646 854 700 γάρ
887 648 965 687 εἰσι
995 648 1173 697 πονηροί,
1202 647 1264 687 καὶ
1296 649 1366 688 τὰς
1395 648 1577 690 τοιαύτας

249 713 474 767 προφάσεις
498 715 644 766 ὁρῶσιν
664 715 762 765 ὑμᾶς
781 713 1110 767 ἀποδεχομένους,
1130 714 1236 754 ὥστε
1260 715 1303 755 τί
1323 714 1465 755 κωλύει
1485 715 1575 755 ταύ-

249 798 333 823 ταις
364 782 502 823 αὐτοὺς
537 781 763 834 χρωμένους
801 780 1001 832 ἐξαπατᾶν
1022 782 1123 831 ὑμᾶς
1150 783 1382 832 πειρᾶσθαι,·
1417 783 1520 824 ὅλως
1544 781 1577 821 δ’

248 848 374 901 ἔγωγε
409 849 516 899 οἶμαι
551 852 630 889 δεῖν
656 849 766 899 ὑμᾶς,
795 847 825 889 ὦ
853 847 988 900 ἄνδρες
1014 848 1209 894 δικασταί,
1235 849 1332 900 ὑπὲρ
1362 848 1479 888 αὐτοῦ
1510 852 1578 889 τοῦ

248 915 477 969 πράγματος
501 915 793 968 σκεψαμένους,
821 916 854 955 εἰ
877 917 950 966 μὲν
973 917 1106 955 δίκαια
1131 914 1238 967 λέγω
1266 916 1328 955 καὶ
1360 917 1457 955 κατὰ
1488 915 1577 958 τοὺς

248 983 402 1033 νόμους,
431 986 596 1034 βοηθεῖν
628 1000 706 1034 μοι,
739 984 861 1033 μηδὲν
890 981 1257 1034 ὑπολογισαμένους
1288 984 1320 1023 εἰ
1351 982 1403 1033 μὴ
1440 986 1573 1034 Δημο-

249 1049 392 1100 σθένης
424 1051 535 1090 ἐστὶν
572 1050 593 1089 ὁ
628 1053 867 1103 κατηγορῶν,
901 1050 1010 1090 ἀλλὰ
1037 1049 1252 1102 μειράκιον,
1275 1052 1376 1102 μηδὲ
1407 1051 1577 1100 νομίζειν

250 1117 501 1169 κυριωτέρους
527 1120 610 1157 δεῖν
633 1117 736 1158 εῖναι
758 1117 848 1158 τοὺς
879 1117 1033 1168 νόμους,
1058 1116 1107 1157 ἂν
1133 1117 1174 1156 εὖ
1207 1133 1266 1159 τις
1296 1120 1379 1158 τοῖς
1407 1118 1578 1167 ὀνόμασι

249 1183 479 1235 συμπλέξας
516 1184 657 1226 αὐτοὺς
697 1181 887 1236 [τούτους]
927 1184 1017 1234 ὑμῖν
1053 1183 1320 1237 παράσχηται,
1358 1188 1436 1224 τῶν
1472 1185 1577 1226 ὅπως

248 1251 385 1304 ἔτυχεν
398 1252 615 1304 λεγόντων,
635 1252 741 1292 ἀλλὰ
758 1251 848 1292 τοὺς
865 1251 1019 1296 αὐτούς,
1039 1251 1100 1291 καὶ
1116 1251 1295 1305 τοσούτῳ
1315 1254 1474 1301 μᾶλλον
1493 1255 1577 1293 τοῖς

248 1319 421 1370 ἀπείροις
448 1319 510 1358 καὶ
535 1322 618 1361 τοῖς
640 1318 745 1361 νέοις
773 1322 954 1368 βοηθεῖν,
980 1319 1139 1373 ὅσῳπερ
1165 1317 1214 1359 ἂν
1235 1318 1355 1369 ἦττον
1380 1317 1574 1370 ἐξαπατή-

249 1403 362 1426 σειαν
387 1387 499 1437 ὑμᾶς.
571 1385 657 1426 ἐπεὶ
692 1386 791 1426 διότι
821 1385 1050 1427 τούναντίον
1084 1386 1209 1433 ἐστίν,
1246 1386 1311 1427 καὶ
1341 1385 1417 1439 οὐχ
1448 1385 1575 1433 οὗτος,

249 1453 338 1494 ἀλλ’
359 1454 436 1505 ἐγὼ
464 1453 820 1504 κατεστασίασμαι,
843 1452 906 1494 καὶ
929 1452 1150 1505 φησάντων
1166 1456 1284 1493 τινῶν
1303 1470 1370 1503 μοι
1396 1470 1575 1505 συναγω-

247 1523 418 1561 νιεῖσθαι
443 1519 681 1572 προδέδομαι
706 1522 769 1561 διὰ
791 1523 862 1563 τὰς
884 1520 1034 1560 τούτων
1054 1521 1256 1572 ἑταιρείας,
1279 1521 1436 1561 ἐκείνως
1456 1523 1578 1570 δῆλον

764 1588 773 1601 ξ
834 1590 851 1599 Α

247 1588 337 1638 ὑμῖν
363 1587 489 1628 ἔσται.
554 1589 721 1628 καλείτω
755 1604 776 1627 ο
807 1586 928 1640 κηρυξ
956 1587 1069 1629 οὗτος
1096 1587 1166 1628 τὸν
1192 1587 1471 1638 Δημοσθένην·
1508 1587 1576 1628 οὐκ

248 1653 510 1706 ἀναβήσεται.
561 1653 608 1696 τὸ
632 1654 667 1696 δ’
695 1655 820 1695 αἴτιόν
846 1656 969 1701 ἐστιν,
1001 1654 1045 1694 οὐ
1079 1657 1124 1695 τὸ
1158 1656 1227 1706 ἐμὲ
1258 1655 1334 1695 ὑπό
1364 1671 1483 1695 τινων
1508 1672 1576 1695 πε-

248 1721 464 1773 πεισμένον
484 1720 654 1772 ἐνδεῖξαι
674 1723 840 1768 τουτονί,
863 1722 970 1762 ἀλλὰ
992 1725 1131 1762 τοῦτον
1152 1722 1214 1762 καὶ
1233 1721 1301 1762 τὸν
1320 1721 1407 1774 ἄρτι
1431 1722 1574 1763 καλού-

246 1806 367 1840 μενον
393 1789 664 1829 διαλελύσθαι.
728 1789 791 1829 καὶ
820 1789 924 1829 τοῦθ’
951 1790 1011 1830 ὅτι
1039 1790 1152 1829 ἐστὶν
1178 1788 1334 1839 ἀληθές,
1362 1788 1575 1841 ἀναγκάσω

246 1858 319 1906 μὲν
341 1860 550 1909 μαρτυρεῖν
575 1857 637 1897 καὶ
663 1857 942 1910 Κλεινόμαχον
967 1855 1036 1896 τὸν
1056 1855 1321 1908 συναγαγόντ’
1349 1856 1488 1897 αὐτοὺς
1514 1856 1576 1896 καὶ

250 1923 502 1975 Εὐβουλίδην
520 1923 589 1964 τὸν
609 1925 652 1965 ἐν
669 1923 921 1976 Κυνοσάργει
941 1924 1275 1976 παραγενόμενον·
1301 1922 1346 1963 οὐ
1363 1923 1439 1974 μὴν
1459 1923 1574 1963 ἔλατ-

295 2043 307 2062 1
331 2032 480 2074 ἑοράκατε
493 2033 530 2063 F¹
547 2034 614 2072 (me
626 2035 726 2074 teste)
743 2046 748 2064 :
768 2035 834 2074 ἑωρ.
853 2033 973 2065 Fcorr.
983 2033 1073 2073 vulg.
1149 2036 1213 2065 τῶν
1227 2034 1436 2074 δικαστηρίων
1447 2032 1479 2063 Α
1496 2044 1502 2063 :
1519 2036 1576 2066 τοῦ

249 2078 451 2118 δικαστηρίου
475 2076 499 2107 S
511 2077 536 2107 F
550 2077 580 2115 Q
594 2077 622 2106 D
767 2087 787 2116 3
811 2077 887 2109 τότε
912 2077 936 2108 S
950 2077 979 2107 D
1147 2086 1168 2116 5
1192 2078 1398 2109 διαλιπόντας
1421 2076 1451 2106 Α
1465 2076 1489 2106 F
1501 2089 1551 2117 γρ.
1568 2090 1573 2108 :

249 2120 472 2152 διαλείποντας
485 2120 509 2151 S
522 2119 559 2150 F¹
572 2120 601 2158 Q
615 2120 645 2150 D
717 2120 1000 2161 συνδεκαδίζοντας
1012 2120 1144 2161 scripsi,
1159 2121 1200 2151 cf.
1219 2120 1258 2151 C.
1274 2120 1298 2151 1.
1309 2120 1348 2150 A.
1371 2120 1403 2150 iv
1420 2131 1450 2159 2,
1471 2131 1552 2161 ¹139
1569 2132 1576 2151 :

249 2163 530 2203 συνδεκατίζοντας
555 2164 680 2203 Taylor
694 2175 700 2195 :
726 2164 961 2204 ἐνδεκάζοντας·
993 2166 1062 2196 ἀντὶ
1094 2167 1152 2196 τοῦ
1185 2163 1437 2205 ε’νεορτάζοντας,
1471 2166 1504 2196 ἐν
1530 2168 1576 2205 τῷ

248 2209 332 2247 αὐτῷ
347 2209 407 2245 τὴν
423 2207 560 2245 δεκάτην
575 2209 713 2248 ἄγοντας
737 2208 902 2248 Harpocr.
924 2209 985 2239 hac
1005 2208 1154 2239 oratione
1179 2208 1333 2238 laudata:
1357 2209 1576 2240 συνενδεκατί-

250 2249 359 2291 (om-as
372 2250 402 2280 Α
416 2262 422 2282 :
456 2250 675 2291 ἐνδικάζοντας
686 2251 711 2282 S
725 2251 811 2289 vulg.
917 2253 980 2290 6-7
992 2253 1077 2292 ἄξιον
1088 2251 1252 2291 θαυμάζειν
1265 2250 1296 2280 Α
1402 2262 1440 2282 10
1463 2252 1574 2292 αὐτοῦ]

247 2294 363 2327 τούτου
375 2293 407 2323 Α
498 2304 535 2324 12
560 2294 844 2334 ὑπολογιζομένους
855 2293 886 2324 Α
952 2297 995 2334 μὴ
1008 2306 1072 2325 om.
1087 2295 1111 2325 S
1194 2305 1231 2333 14
1255 2297 1319 2326 δεῖν
1333 2294 1396 2325 del.
1414 2295 1576 2334 Hirschig

253 2348 290 2377 15
316 2337 474 2378 συμπέξας
492 2337 516 2368 S
577 2338 708 2369 τούτους
723 2338 785 2369 del.
801 2337 964 2368 Schaeser
1057 2340 1094 2368 16
1119 2348 1197 2368 num
1217 2339 1354 2379 ἔτυχονῖ
1448 2349 1483 2377 17
1509 2342 1575 2370 τοῖς

250 2381 331 2414 νέοις
344 2381 369 2412 S
380 2381 481 2420 vulg„
497 2381 537 2411 cs.
556 2384 592 2418 ξς
606 2391 635 2419 3,
651 2383 705 2418 60,
718 2392 785 2411 xxv
799 2382 840 2419 38
850 2381 890 2411 al.
910 2392 917 2411 ε
941 2381 1020 2414 νέοις
1031 2381 1061 2410 Α
1150 2392 1192 2412 20
1209 2382 1361 2422 ἑταιρείας
1374 2381 1420 2412 F:
1438 2383 1574 2421 ἑταιρίας

250 2430 327 2455 cett.
433 2434 535 2454 20-21
563 2427 634 2463 ὑμῖν
645 2427 743 2462 δῆλον
755 2424 786 2453 Α
891 2434 928 2453 21
956 2426 1063 2456 οὑτοσὶ
1075 2424 1106 2454 Α
1210 2434 1251 2454 22
1274 2425 1312 2456 τὸ
1325 2424 1351 2456 δ’
1365 2424 1467 2456 αἴτιόν
1486 2427 1576 2457 ἐστιν

251 2467 365 2499 Blass:
389 2469 427 2499 τὸ
457 2468 483 2499 δ’
517 2467 619 2500 αἴτιόν
652 2470 742 2499 ἐστιν
772 2467 888 2500 τούτου
920 2467 970 2498 A:
995 2468 1108 2500 τούτου
1136 2467 1163 2499 δ’
1191 2467 1292 2499 αἴτιόν
1324 2469 1412 2500 ἐστιν
1436 2469 1460 2499 S
1484 2468 1574 2507 vulg.

250 2520 292 2550 23
317 2513 431 2543 τοῦτον
448 2510 472 2542 S
489 2511 576 2550 vulg.
593 2523 599 2541 z
624 2511 662 2542 τὸ
677 2511 804 2543 τουτονὶ
822 2510 853 2540 Α
941 2512 992 2543 καὶ
1009 2511 1106 2542 codd.
1121 2522 1128 2542 z
1153 2511 1227 2553 πρὸς
1246 2510 1369 2549 Naber,
1387 2510 1428 2542 ef.
1449 2514 1464 2549 §
1486 2521 1524 2542 12

1599 863 1640 886 10

1600 1200 1638 1234 15

1601 1538 1640 1560 20

1598 1875 1635 1906 25
