1763 2778
145 146 266 201 [1211]
701 140 1219 196 [AIIMOEOENOTE]
1572 141 1612 198 [1.

289 246 394 291 ναῦς,
423 244 552 300 μισθῷ
584 242 746 298 μεγάλῳ
779 243 1011 287 πεισθέντες
1037 243 1099 284 καὶ
1124 243 1310 296 ἀργύριον
1335 244 1437 285 πολὺ
1462 249 1611 296 προλα-

228 323 265 359 15
287 312 431 361 βάντες
461 311 523 351 καὶ
551 310 627 351 ὑπὸ
659 314 822 351 πολλῶν
853 310 900 351 αὖ
931 315 985 366 τῷ
1009 312 1116 365 λόγῳ
1152 310 1449 362 ἐξηπατημένοι,
1478 312 1540 352 καὶ
1563 313 1611 351 τὰ

287 381 359 429 μὲν
385 378 474 431 παρ’
503 379 595 428 ἐμοῦ
620 377 899 429 ἐξανηλωμένα
923 378 994 429 ἤδη
1022 379 1200 430 ὁρῶντες,
1227 380 1275 419 τὰ
1300 381 1435 429 δὲ’τῆς
1458 379 1612 420 πόλεως

289 447 429 496 ἀμελῆ,
455 447 503 485 τὰ
536 447 576 485 δὲ
607 448 686 486 τῶν
718 444 940 498 συμμάχων
968 445 1111 498 ἄπορα,
1137 447 1186 486 τὰ
1210 448 1251 487 δὲ
1275 449 1353 487 τῶν
1378 449 1611 498 στρατηγῶν

289 512 449 558 ἄπιστα,
476 513 539 553 καὶ
571 511 640 553 τὸν
671 512 819 566 χρόνον
849 511 1040 564 ἐξήκοντα
1068 515 1136 563 τῆς
1169 514 1423 566 τριηραρχίας
1457 514 1519 553 καὶ
1542 512 1611 552 τὸν
1631 527 1649 559 5

482 579 491 593 ²
532 578 540 593 Ι

289 583 414 620 πλοῦν
451 578 577 619 ουκετ’
613 581 708 620 ὄντα
745 581 889 626 οἴκαδε,
926 579 1017 621 οὐδὲ
1047 579 1234 633 διάδοχον
1266 580 1412 630 ἥκοντα
1445 579 1508 620 ἐπὶ
1539 578 1611 630 τὴν

289 650 394 692 ναῦν,
422 645 511 699 παρ’
538 646 582 686 οὗ
607 646 655 688 ἄν
677 663 736 688 τις
759 645 932 697 ἠξίωσεν
958 646 1227 700 ὠφεληθῆναι.
1283 647 1366 702 ὅσῳ
1390 646 1466 700 γὰρ
1491 651 1610 699 φιλο-

287 714 518 764 τιμούμενος
542 712 701 765 ἄμεινον
726 713 1023 766 ἐπληρωσάμην
1043 714 1115 764 τὴν
1141 717 1237 755 ναῦν
1262 715 1405 766 ἐρετῶν
1438 714 1610 766 ἀγαθῶν,

288 780 465 835 τοσούτῳ
491 797 558 831 μοι
588 782 762 833 πλείστη
796 781 1014 833 ἀπόλειψις
1039 780 1198 834 ἐγένετο
1230 784 1308 821 τῶν
1337 781 1474 821 ἄλλων
1507 797 1612 832 τριη-

225 856 268 890 16
285 847 458 901 ράρχων.
530 850 612 890 τοῖς
643 850 717 899 μὲν
747 849 825 901 γὰρ
857 847 1011 896 ἄλλοις,
1042 849 1077 889 εἰ
1108 847 1162 900 μή
1191 855 1236 888 τι
1272 847 1388 898 ἄλλο,
1416 848 1456 888 οἵ
1486 864 1534 901 γε
1568 848 1611 888 ἐκ
1635 864 1672 885 10

288 914 509 967 καταλόγου
534 914 718 957 ἐλθόντες
745 914 809 955 ἐπὶ
834 915 905 966 τὴν
929 919 1024 956 ναῦν
1049 914 1270 967 παρέμενον
1303 919 1509 967 τηροῦντες
1539 913 1612 964 τὴν

286 983 417 1022 οἴκαδε
450 983 661 1034 σωτηρίαν,
701 982 821 1023 ὁπότε
853 981 992 1024 αὐτοὺς
1022 981 1176 1035 ἀφήσει
1199 983 1219 1022 ὁ
1244 982 1479 1035 στρατηγός·
1516 983 1553 1022 οἱ
1577 980 1612 1022 δ’

287 1048 374 1100 ἐμοὶ
400 1051 535 1090 ναῦται
565 1049 821 1092 πιστεύοντες
850 1050 984 1092 αὑτοῖς
1016 1050 1081 1090 ἐπὶ
1105 1054 1158 1104 τῷ
1191 1049 1385 1090 δύνασθαι
1416 1048 1610 1096 ἐλαύνειν,

285 1116 386 1157 ὅπου
414 1116 586 1167 ἔμελλον
617 1116 802 1169 ἀργύριον
831 1115 953 1157 πάλιν
983 1120 1177 1157 πλεῖστον
1207 1115 1428 1169 λήψεσθαι,
1458 1114 1611 1157 ἐνταῦθ’

286 1183 459 1240 ἀπῇσαν,
496 1183 707 1236 ἡγούμενοι
742 1183 815 1234 τὴν
857 1185 899 1224 ἐν
934 1188 987 1239 τῷ
1024 1184 1191 1237 παρόντι
1226 1183 1413 1236 εὐπορίαν
1452 1184 1612 1235 κρείττω
1635 1198 1673 1230 15

287 1249 387 1290 εἶναι
410 1251 542 1292 αὑτοῖς
566 1254 634 1291 τοῦ
655 1249 877 1302 μέλλοντος
901 1251 1050 1304 φόβου,
1075 1252 1113 1292 εἴ
1140 1267 1238 1292 ποτε
1263 1251 1519 1303 ληφθείησαν
1546 1249 1611 1290 ὑπ’

225 1329 264 1364 17
286 1318 394 1368 ἐμοῦ.
451 1317 639 1358 τοιούτων
663 1319 794 1358 τοίνυν
818 1334 884 1369 μοι
908 1321 987 1358 τῶν
1011 1317 1252 1370 πραγμάτων
1279 1318 1611 1368 συμβεβηκότων,

288 1385 350 1425 καὶ
384 1387 453 1424 τοῦ
494 1388 719 1437 στρατηγοῦ
760 1384 841 1435 ἅμα
881 1384 1115 1438 Τιμομάχου
1155 1383 1454 1436 προστάξαντος
1496 1387 1613 1425 πλεῖν

288 1450 352 1504 ἐφ’
381 1451 504 1504 Ἱερὸν
538 1451 602 1492 ἐπὶ
637 1451 708 1501 τὴν
736 1451 1007 1503 παραπομπὴν
1038 1455 1107 1491 τοῦ
1143 1452 1257 1492 σίτου
1294 1452 1356 1492 καὶ
1390 1450 1537 1502 μισθὸν
1569 1450 1614 1490 οὐ

287 1519 473 1565 διδόντος,
503 1518 847 1571 εἰσαγγελθέντων
872 1521 913 1559 δὲ
939 1520 999 1559 ὅτι
1024 1518 1230 1569 Βυζάντιοι
1255 1518 1318 1559 καὶ
1344 1518 1614 1571 Καλχηδόνιοι
1635 1535 1674 1558 20

286 1584 407 1626 πάλιν
455 1585 673 1638 κατάγουσι
719 1587 768 1625 τὰ
814 1589 937 1627 πλοῖα
979 1586 1041 1626 καὶ
1082 1585 1349 1639 ἀναγκάζουσι
1389 1585 1460 1626 τὸν
1501 1588 1613 1625 σῖτον

286 1651 542 1704 ἐξαιρεῖσθαι,
580 1651 866 1703 δανεισάμενος
901 1653 978 1706 ἐγὼ
1017 1653 1200 1706 ἀργύριον
1242 1652 1333 1706 παρ’
1367 1651 1613 1706 Ἀρχεδήμου

137 1722 266 1776 [1212]
285 1721 359 1770 μὲν
390 1722 457 1760 τοῦ
490 1719 790 1773 Ἀναφλυστιου
820 1721 1101 1761 πεντεκαίδεκα
1133 1723 1235 1772 μνᾶς
1271 1720 1466 1766 ἐπίτοκον,
1498 1720 1611 1759 ὀκτα-

288 1787 426 1828 κοσίας
457 1789 498 1827 δὲ
528 1789 705 1841 δραχμὰς
737 1789 842 1840 παρὰ
874 1788 1073 1828 Νικίππου
1096 1792 1165 1828 τοῦ
1187 1786 1409 1839 ναυκλήρου
1434 1785 1614 1828 ναυτικὸν

286 1853 514 1905 ἀνειλόμην,
550 1853 592 1896 ὃς
621 1855 760 1908 ἔτυχεν
786 1853 839 1895 ὢν
865 1856 907 1895 ἐν
933 1859 1087 1910 Σηστῷ,
1117 1855 1322 1907 ἐπόγδοον,
1351 1853 1548 1895 σωθέντος
1571 1855 1613 1893 δὲ
1636 1872 1673 1904 ²5

225 1927 267 1962 18
286 1924 353 1960 τοῦ
387 1921 528 1961 πλοίου
560 1920 752 1972 Ἀθήναζε
781 1923 996 1963 ἀποδοῦναι
1031 1922 1124 1962 αὐτὸ
1159 1923 1222 1963 καὶ
1253 1921 1343 1964 τοὺς
1371 1922 1522 1967 τόκους,
1552 1919 1614 1960 καὶ

285 1987 449 2040 πέμψας
491 1987 724 2040 Εὐκτήμονα
764 1989 834 2030 τὸν
876 1989 1223 2043 πεντηκόνταρχον
1271 1991 1326 2032 εἰς
1372 1989 1612 2041 Λάμψακον,

334 2107 352 2127 2
370 2099 419 2130 καὶ
433 2099 490 2129 ὑπὸ
505 2122 511 2128 .
525 2121 532 2129 .
549 2121 556 2129 .
574 2098 806 2139 ἐξηπατημένοι
821 2099 885 2130 huc
897 2109 971 2130 cum
986 2099 1142 2130 Dobraeo
1157 2099 1332 2130 transtuli:
1350 2104 1426 2138 post
1437 2097 1614 2138 ἄπιστα(5)

287 2142 384 2172 codd.
437 2141 475 2172 αὖ
490 2141 552 2182 τῷ]
572 2144 677 2174 αὐτῶν
693 2142 724 2172 Α
814 2144 834 2173 6
859 2142 963 2175 οὐκέτ’
982 2143 1005 2173 S
1019 2143 1111 2185 Qyp.
1129 2154 1135 2174 :
1160 2145 1215 2175 οὐκ
1231 2143 1320 2182 vulg.
1410 2144 1430 2173 8
1454 2143 1573 2184 ἀρετῶν
1590 2141 1614 2171 S

292 2194 330 2224 14
353 2184 450 2217 πάλιν
487 2190 643 2218 πλεῖστον
684 2186 707 2216 S
723 2197 729 2216 :
769 2189 924 2218 πλεῖστον
962 2186 1060 2218 πάλιν
1099 2186 1189 2225 vulg.
1206 2198 1213 2217 τ
1246 2189 1470 2226 παμπλεῖστον
1507 2185 1616 2216 Cobet

292 2236 329 2266 15
354 2229 487 2268 κρείττω
503 2229 527 2259 S
540 2229 571 2258 A
588 2241 595 2260 ι
620 2231 771 2270 κρείττον’
789 2230 841 2260 D:
867 2231 1018 2270 κρείττων
1037 2229 1102 2268 FQ
1304 2231 1342 2260 16
1366 2230 1574 2270 λειφθείησαν
1591 2227 1616 2258 S

293 2281 332 2310 19
355 2279 483 2313 αφιερον
501 2272 524 2302 S
543 2273 596 2303 hic
613 2278 645 2303 et
664 2275 680 2310 §
706 2274 743 2302 18
878 2283 920 2303 20
943 2273 975 2304 δὲ
993 2273 1071 2304 secl.
1091 2273 1190 2304 Blass
1286 2273 1499 2311 Χαλκηδόνιοι
1515 2271 1613 2303 codd.

289 2324 331 2344 22
354 2318 425 2356 παρ’
439 2317 636 2357 Ἀρχεδήμου
651 2315 675 2346 S
692 2315 777 2357 Ργρ.
791 2315 898 2357 Ωγρ.τ
922 2317 1004 2357 παρὰ
1014 2318 1210 2358 Χαιρεδήμου
1223 2316 1312 2355 vulg.
1402 2326 1443 2355 23
1467 2317 1616 2348 ἐπίτοκον

291 2358 454 2389 Schaefer
469 2371 476 2390 :
502 2361 549 2390 ἐπὶ
569 2358 666 2391 τόκον
682 2360 779 2390 codd.
796 2370 803 2390 :
829 2359 991 2392 ἐπιτόκους
1010 2359 1170 2391 Billeter:
1196 2362 1330 2401 ἐγγείων
1345 2359 1448 2392 τόκων
1466 2359 1615 2390 Reiske:

291 2402 485 2434 ἐπιδεκοίτων
514 2403 618 2435 τόκων
649 2403 787 2442 Sauppe
878 2404 1070 2435 ἑπτακοσίας
1102 2403 1126 2433 F
1141 2403 1170 2432 D
1282 2413 1322 2442 25
1347 2402 1520 2442 ἀνειλόμην
1550 2401 1615 2432 del·

292 2444 428 2476 Dobree
517 2447 552 2478 ὃς
570 2468 578 2477 .
595 2467 604 2477 .
622 2469 630 2477 .
652 2447 768 2486 Σήστῳ
785 2450 861 2486 post
878 2448 1114 2489 Ἀναφλυστίου
1132 2452 1259 2487 transp.
1280 2446 1417 2478 Boeckh
