1763 2778
163 109 251 165 Lvn]
520 112 681 151 ΠΡΟΣ
724 112 1132 150 ΕΎΒΟὙΛΙΔΗΝ
1509 107 1638 161 [1312]

163 213 225 253 καὶ
261 211 332 263 τὴν
363 216 440 252 τῶν
469 215 674 264 συγγενῶν
706 212 824 252 αὐτοῦ
854 211 1080 263 μαρτυρίαν·
1118 210 1153 250 οἳ
1190 211 1329 250 ἴσασιν
1366 208 1488 259 δήπου

162 281 221 321 τίς
258 279 359 319 οὖσά
395 279 486 320 ποθ’
523 279 546 330 ἡ
589 278 660 330 ἐμὴ
702 277 828 331 μήτηρ
865 279 1089 318 ἐτίτθευσεν
1125 277 1255 317 αὐτόν.
1328 276 1372 316 οὐ
1412 275 1487 328 γὰρ

162 347 187 388 ἃ
217 345 384 399 τήμερον
412 346 523 397 ἡμεῖς
556 345 700 398 φαμέν,
729 345 891 397 εὔορκον
925 345 1055 387 αὐτοῖς
1086 347 1305 396 μαρτυρεῖν,
1342 342 1432 383 ἀλλ’
1463 342 1489 383 δι

161 413 290 454 πάντα
314 413 382 453 τὸν
405 414 552 466 χρόνον
575 411 727 469 ᾔδεσαν
750 412 822 462 τὴν
845 412 1038 464 ἡμετέραν
1067 414 1139 463 μὲν
1166 410 1326 462 μητέρα,
1354 409 1488 460 τιτθὴν

123 496 140 527 5
162 483 202 521 δὲ
234 480 373 521 τούτου
403 479 673 531 νομιζομένην.
746 480 807 520 καὶ
840 481 915 532 γὰρ
942 480 974 520 εἰ
1002 477 1189 519 ταπεινὸν
1217 478 1239 528 ἡ
1265 476 1388 528 τιτθή,
1416 476 1488 527 τὴν
1506 488 1550 524 45

162 545 352 598 ἀλήθειαν
386 547 431 588 οὐ
467 547 614 599 φεύγω·
654 547 698 588 οὐ
733 546 807 600 γὰρ
843 548 875 587 εἰ
909 546 1073 597 πένητες
1099 545 1209 597 ἦμεν,
1236 544 1486 595 ἠδικήκαμεν,

161 614 252 655 ἀλλ’
282 616 315 655 εἷ
342 613 394 665 μὴ
428 617 600 654 πολῖται·
639 614 727 655 οὐδὲ
763 614 852 666 περὶ
884 613 1011 667 τύχης,
1037 613 1125 653 οὐδὲ
1155 613 1244 665 περὶ
1276 611 1489 666 χρημάτων
1513 609 1640 664 [1313]

160 681 255 733 ἡμῖν
287 682 398 722 ἐστὶν
431 682 451 721 ὁ
475 681 610 734 παρὼν
636 682 755 734 ἀγών,
783 681 875 721 ἀλλ’
900 682 997 732 ὑπὲρ
1021 680 1171 732 γένους.
1243 678 1377 720 πολλὰ
1403 682 1488 719 δου-

163 750 255 789 λικὰ
285 748 347 789 καὶ
376 750 540 789 ταπεινὰ
572 747 784 801 πράγματα
815 747 904 789 τοὺς
939 747 1167 800 ἐλευθέρους
1199 747 1222 798 ἡ
1252 748 1366 788 πενία
1397 745 1489 797 βιά-

105 831 144 857 ῐο
166 817 269 866 ζεται
305 820 448 863 ποιεῖν,
490 815 555 868 ἐφ’
602 817 659 857 οἷς
706 814 873 856 ἐλεοῖντ’
915 815 975 861 ἄν,
1019 812 1049 854 ὦ
1097 814 1233 867 ἄνδρες
1274 814 1487 864 Ἀθηναῖοι,

163 883 403 935 δικαιότερον
428 880 451 933 ἢ
478 883 866 935 προσαπολλύοιντο.
917 882 968 924 ὡς
987 883 1063 935 γὰρ
1087 882 1164 934 ἐγὼ
1183 882 1322 928 ἀκούω,
1344 881 1492 921 πολλαὶ

163 950 226 991 καὶ
262 951 388 990 τιτθαὶ
426 950 487 990 καὶ
525 950 646 1003 ἔριθοι
683 950 745 991 καὶ
781 948 1008 1003 τρυγήτριαι
1043 950 1259 1001 γεγόνασιν
1299 947 1375 989 ὑπὸ
1414 952 1493 988 τῶν

162 1017 231 1068 τῆς
269 1018 424 1059 πόλεως
468 1016 550 1057 κατ’
587 1018 756 1058 ἐκείνους
792 1017 882 1059 τοὺς
917 1017 1084 1070 χρόνους
1121 1019 1337 1069 συμφορῶν
1375 1015 1493 1055 ἀσταὶ

163 1088 356 1137 γυναῖκες,
384 1084 532 1125 πολλαὶ
557 1083 591 1125 δ’
616 1086 658 1125 ἐκ
683 1083 861 1135 πενήτων
886 1084 1077 1124 πλούσιαι
1102 1086 1183 1124 νῦν.
1248 1082 1340 1123 ἀλλ’
1364 1081 1492 1135 αὐτίχ’

104 1172 142 1204 15
162 1153 258 1205 ὑπὲρ
283 1151 442 1192 τούτων.
514 1155 582 1192 νῦν
607 1154 649 1192 δὲ
674 1152 763 1193 τοὺς
786 1150 983 1204 μάρτυρας
1008 1150 1133 1192 κάλει.

721 1244 937 1274 ΜΑΡΊὝΡΕΣ.

230 1302 385 1344 Οὐκοῦν
417 1303 478 1344 ὅτι
509 1305 583 1355 μὲν
616 1302 678 1343 καὶ
707 1304 755 1343 τὰ
789 1302 884 1354 πρὸς
912 1303 1058 1355 μητρός
1092 1300 1166 1353 εἶμ’
1200 1300 1320 1342 ἀστὸς
1351 1301 1413 1342 καὶ
1445 1302 1492 1341 τὰ
1513 1309 1559 1353 46

163 1369 261 1423 πρὸς
293 1371 450 1423 πατρός,
471 1372 520 1411 τὰ
548 1372 620 1421 μὲν
654 1369 701 1420 ἐξ
729 1371 783 1410 ὧν
809 1369 895 1422 ἄρτι
926 1370 1216 1423 μεμαρτύρηται
1244 1367 1494 1420 μεμαθήκατε

164 1437 320 1485 πάντες,
348 1440 396 1478 τὰ
426 1437 458 1477 δ’
486 1436 533 1488 ἐξ
553 1439 608 1478 ὧν
632 1437 823 1489 πρότερον
853 1437 940 1489 περὶ
966 1441 1034 1477 τοῦ
1057 1438 1215 1488 πατρός.
1285 1435 1428 1476 λοιπὸν
1452 1435 1495 1475 δέ

106 1522 146 1545 20
163 1521 231 1556 μοι
265 1504 352 1558 περὶ
387 1506 554 1556 ἐμαυτοῦ
589 1504 686 1556 πρὸς
722 1505 821 1555 ὑμᾶς
857 1506 995 1550 εἰπεῖν,
1033 1504 1079 1544 τὸ
1110 1506 1182 1555 μὲν
1219 1503 1495 1543 ἁπλούστατον

165 1571 272 1623 οἶμαι
306 1573 367 1612 καὶ
402 1572 660 1618 δικαιότατον,
698 1570 744 1622 ἐξ
774 1570 1009 1623 ἀμφοτέρων
1043 1572 1176 1611 ἀστῶν
1213 1572 1307 1610 ὄντα
1336 1587 1396 1621 με,
1437 1587 1496 1610 κε-

166 1639 487 1691 κληρονομηκότα
512 1639 575 1679 καὶ
599 1641 667 1689 τῆς
691 1638 831 1680 οὐσίας
857 1639 918 1679 καὶ
938 1642 1006 1678 τοῦ
1025 1638 1175 1691 γένους,
1195 1637 1294 1678 εἶναι
1314 1638 1494 1687 πολίτην·

165 1705 210 1746 οὐ
240 1705 318 1757 μὴν
350 1707 456 1747 ἀλλὰ
487 1706 620 1746 καὶτὰ
655 1704 909 1758 προσήκοντα
941 1705 1055 1747 πάντ’
1090 1704 1268 1756 ἐπιδείξω
1300 1704 1496 1757 μάρτυρας

165 1773 447 1826 παρεχόμενος,
475 1773 526 1815 ὡς
551 1772 744 1826 εἰσήχθην
770 1774 825 1815 εἰς
848 1772 937 1815 τοὺς
963 1772 1171 1825 φράτερας,
1195 1772 1246 1813 ὡς
1270 1770 1496 1824 ἐνεγράφην

106 1858 144 1890 ²5
166 1840 221 1881 εἰς
252 1840 342 1882 τοὺς
376 1841 558 1892 δημότας,
586 1840 637 1881 ὡς
661 1839 725 1881 ὑπ’
759 1840 886 1881 αὐτῶν
910 1840 1058 1881 τούτων
1083 1839 1321 1891 προύκρίθην
1347 1840 1389 1878 ἐν
1413 1841 1496 1879 τοῖς

167 1906 464 1959 εὐγενεστάτοις
499 1910 741 1959 κληροῦσθαι
772 1910 841 1958 τῆς
875 1907 1092 1959 ἱερωσύνης
1124 1910 1176 1961 τῷ
1211 1906 1417 1959 (Ηρακλεῖ,
1445 1905 1495 1947 ὡς

165 1972 290 2028 ἦρχον
314 1975 440 2028 ἀρχὰς
464 1976 728 2026 δοκιμασθείς.
801 1974 867 2014 καί
886 1992 953 2026 μοι
978 1973 1090 2014 κάλει
1115 1973 1267 2016 αὐτούς.

366 2056 369 2059 “
725 2066 941 2096 ΜΑΡΤῪΡΕΣ.

231 2125 386 2166 Οὔκουν
411 2126 554 2171 δεινόν,
581 2123 610 2165 ὦ
635 2124 772 2176 ἄνδρες
798 2126 994 2172 δικασταί,
1021 2126 1055 2165 εἰ
1078 2126 1151 2176 μὲν
1183 2123 1332 2176 ἔλαχον
1357 2123 1492 2175 ἱερεύς,
1515 2141 1558 2175 47

106 2212 147 2243 30
166 2191 300 2245 ὥσπερ
325 2192 575 2245 προύκρίθην,
603 2194 685 2232 δεῖν
710 2191 757 2231 ἄν
781 2209 830 2242 με
856 2193 918 2232 καὶ
943 2191 1059 2232 αὐτὸν
1085 2192 1191 2232 θύειν
1219 2192 1316 2242 ὑπὲρ
1346 2190 1495 2230 τούτων

216 2311 229 2331 1
257 2303 353 2333 αὐτοῦ
370 2301 466 2333 iterat
483 2300 521 2332 S1
654 2310 674 2338 3
699 2299 776 2332 ἀλλ’
799 2299 832 2341 ἃ]
849 2300 935 2333 ἀλλὰ
952 2300 983 2330 Α
996 2299 1026 2339 Q
1040 2301 1070 2331 D
1204 2311 1223 2339 4
1247 2301 1307 2338 τὴν
1326 2299 1490 2330 Dindorf:

167 2346 265 2384 αὐτὴν
280 2345 377 2377 codd.
542 2354 558 2382 7
583 2344 686 2386 τύχης
702 2343 733 2373 Α
746 2344 771 2374 F
785 2357 836 2385 γρ.
856 2344 947 2386 ῼγρ.
966 2344 1017 2375 D:
1041 2347 1146 2385 ψυχῆς
1163 2343 1267 2382 SFQ
1398 2353 1419 2381 9
1442 2344 1491 2374 καὶ

166 2389 298 2420 ταπεινὰ
311 2389 389 2420 secl.
405 2387 501 2419 Blass
511 2388 587 2419 coll.
602 2388 695 2419 Stob.
710 2390 762 2426 46.
779 2398 820 2426 72
925 2398 961 2417 12
981 2392 1103 2429 ιερειθοι
1117 2387 1156 2419 S¹
1250 2397 1287 2418 21
1309 2386 1354 2427 e'g]
1368 2387 1406 2417 τὸ
1419 2388 1450 2426 ἐξ
1462 2385 1492 2415 Α

167 2432 274 2464 ἀστῶν
292 2431 335 2461 Dl
353 2432 517 2472 (Dobree)
534 2443 541 2463 :
565 2433 666 2464 ἀστὸν
683 2437 760 2463 cett.
850 2431 904 2472 με]
918 2433 966 2463 καὶ
981 2431 1012 2460 Α
1144 2441 1187 2470 3ο
1211 2434 1274 2463 δεῖν
1286 2425 1434 2469 Ιυτίηυε,
1449 2429 1489 2460 cs.

166 2476 273 2506 xxxiv
289 2485 329 2514 43
347 2487 354 2506 ε
380 2476 441 2507 ἔδει
458 2476 555 2506 codd.
