1763 2778
115 159 253 214 [1352]

211 1285 257 1319 24

678 151 1201 210 [ΔΙ-ΙΜΟΣΘΕΝΟΤΣ]
1527 152 1605 208 [ux

276 260 347 311 τὴν
380 259 530 312 μητέρα
562 258 635 310 τὴν
669 259 788 299 αὑτοῦ
824 255 1100 309 πρεσβυτέραν
1135 272 1179 298 τε
1212 255 1340 296 οὖσαν
1375 256 1438 296 καὶ
1471 257 1515 297 ἐν
1549 260 1603 311 τῷ

277 328 378 382 αὐτῷ
419 325 689 377 διαιτωμένην·
748 325 799 366 ὡς
839 325 1118 376 Φιλόστρατον
1159 324 1201 363 δὲ
1242 326 1313 363 τὸν
1354 325 1601 373 Κολωνῆθεν,

276 394 391 451 ᾔθεον
416 395 474 435 ἔτι
499 395 592 434 ὄντα
619 393 680 433 καὶ
704 393 828 445 φίλον
853 391 970 446 αὐτῷ,
991 390 1230 441 καθίστησιν
1248 390 1269 430 ὁ
1295 391 1446 432 Λυσίας
1470 389 1602 437 αὐτάς,

278 460 349 512 τήν
379 477 423 502 τε
460 460 709 511 Μετάνειραν
737 459 800 499 καὶ
833 458 904 508 τὴν
936 457 1172 510 Νικαρέτην.
1244 457 1530 507 συνηκολούθει
1562 459 1604 498 δὲ

279 528 342 568 καὶ
366 526 518 578 Νέαιρα
542 527 666 577 αὑτηί,
695 525 935 578 ἐργαζομένη
964 527 1037 576 μὲν
1061 524 1134 575 ἤδη
1157 528 1212 579 τῷ
1243 524 1408 574 σώματι,
1435 522 1604 575 νεωτέρα
1624 537 1641 569 5

213 613 256 647 23
277 597 317 635 δὲ
343 594 444 635 οὖσα
468 595 531 634 διὰ
553 592 600 634 τὸ
621 592 738 644 μήπω
770 592 842 643 τὴν
877 592 1035 643 ἡλικίαν
1067 591 1166 649 αὐτῇ
1192 595 1389 643 παρεῖναι.
1460 590 1512 633 ὡς
1536 591 1603 631 οὖν

277 663 405 712 ἀληθη
441 660 562 712 λέγω,
595 660 656 700 ὅτι
692 658 913 711 Νικαρέτης
949 676 996 709 ην
1034 658 1096 698 καὶ
1131 658 1341 709 ἠκολούθει
1375 658 1503 714 ἐκείνη
1542 658 1604 698 καὶ

277 727 469 779 εμισθαρι
473 745 506 768 ει
521 731 574 782 τῷ
592 726 815 807 [31¹'302A0pe1
799 745 826 765 ω
845 727 891 767 ἀν
895 727 1089 773 αλισκειν,
1110 725 1260 766 τούτων
1282 725 1374 777 ὑμῖν
1398 724 1519 765 αὐτὸν
1536 723 1604 766 τὸν

276 795 554 847 Φιλόστρατον
578 793 754 846 μάρτιρα
779 797 900 834 καλῶ.

839 896 1051 924 ΜΑΡΊῪΡῙΑ-

328 953 584 1003 Φιλόστρατος
603 952 804 991 Διονυσίου
830 954 1058 1001 Κολωνῆθεν
1083 954 1261 1003 μαρτυρεῖ
1285 951 1416 990 εἰδέναι
1442 951 1607 1000 Νέαιραν

276 1009 480 1057 Νικαρέτης
500 1007 626 1052 οὖσαν,
648 1007 772 1056 ἧσπερ
795 1024 856 1044 και
880 1008 1090 1057 ΒῙετάνειρα
1117 1007 1273 1058 ἐγένετο,
1295 1006 1354 1043 καὶ
1381 1005 1606 1056 κατάγεσθαι

274 1063 357 1112 παρ’
374 1064 480 1114 αὑτῷ,
498 1062 559 1100 ὅτε
580 1065 628 1102 εἷς
646 1063 694 1100 τὸ.
712 1079 899 1130 μυστηρια
919 1062 1196 1111 ἐπεδήμησαν’
1180 1078 1217 1098 εν
1239 1060 1408 1111 Κορίνθῳ
1428 1062 1604 1097 οἰκοῖσαι·

276 1119 511 1165 καταστῆσαι
531 1117 569 1155 δὲ
590 1117 699 1156 αὐτας
723 1118 768 1156 ὡς
787 1117 899 1154 αίτδν
918 1117 1064 1155 Λυσίαν
1084 1117 1148 1154 τὸν
1169 1116 1362 1164 Κεφάλου,
1384 1113 1539 1164 φίλον”
1519 1131 1607 1152 οντα

275 1174 389 1223 {am-‹2³›
410 1172 470 1209 καὶ
490 1171 702 1220 ἐπιτηδειον.

1593 1269 1604 1283 Q

344 1270 476 1311 Πάλιν
507 1270 651 1316 τοίνυν,
679 1267 707 1310 ὦ
737 1268 873 1321 ἄνδρες
906 1267 1124 1320 Ἀθηναῖοι,
1149 1270 1249 1321 μετὰ
1282 1272 1402 1309 ταῦτα
1434 1271 1553 1319 Σῖμος
1585 1286 1606 1308 ο

278 1337 484 1379 Θετταλὸς
522 1337 625 1391 ἔχων
667 1336 842 1388 Νέαιραν
883 1338 1047 1387 ταυτηνὶ
1083 1338 1311 1390 ἀφικνεῖται
1342 1338 1454 1388 δεῦρο
1481 1337 1535 1378 εἷς
1558 1337 1606 1376 τᾶ

276 1403 537 1455 Παναθήναια
555 1406 602 1444 τὰ
627 1403 796 1456 μεγάλα.
869 1405 1155 1454 συνηκολούθει
1183 1407 1225 1445 δὲ
1257 1403 1319 1444 καὶ
1350 1403 1373 1454 ἡ
1407 1401 1605 1454 Νικαρέτη

277 1470 385 1527 αὐτῇ,
425 1469 642 1523 κατήγοντο
677 1473 719 1512 δὲ
751 1472 858 1522 παρὰ
897 1472 1122 1527 Κτησίππῳ
1155 1475 1209 1526 τῷ
1246 1471 1521 1511 Γλαυκωνίδου
1553 1474 1606 1524 τῷ

278 1540 511 1594 Κυδαντίδῃ,
541 1538 603 1578 καὶ
629 1537 840 1579 συνέπινεν
865 1537 930 1579 καὶ
954 1539 1205 1579 συνεδείπνει
1237 1539 1418 1579 ἐναντίον
1441 1540 1607 1578 πολλῶν

276 1604 429 1656 Νέαιρα
457 1605 568 1655 αὑτηὶ
605 1605 656 1647 ὡς
684 1603 733 1646 ἂν
768 1605 905 1658 ἑταίρα
938 1622 1053 1647 ουσα.
1126 1606 1188 1645 καὶ
1225 1606 1284 1645 ὅτι
1321 1605 1450 1655 ἀληθῆ
1482 1603 1604 1656 λέγω,

117 1655 255 1711 [¹353]
275 1672 424 1712 τούτων
458 1673 549 1723 ὑμῖν
584 1672 674 1714 τοὺς
708 1671 907 1724 μάρτυρας
942 1676 1063 1713 καλῶ.
1138 1672 1204 1712 καί
1236 1688 1304 1723 μοι
1336 1670 1449 1712 κάλει
1476 1671 1604 1723 Εὐφί-

212 1721 254 1757 ²5
275 1742 449 1788 >ny-rouv
419 1741 596 1790 ..ιίμωνος
616 1738 795 1790 Αἰξωνέα
813 1739 876 1780 καὶ
891 1738 1186 1793 Ἀριστόμαχον
1207 1737 1454 1792 Κριτοδημου
1475 1737 1604 1778 Ἀλω-

277 1808 457 1856 πεκῆθεν.

842 1911 1060 1939 ΜΑΡΤΎΡΕΣ.

331 1966 543 2014 Εὐφίλητος
563 1966 727 2014 Σίμωνος
742 1965 934 2012 Αἰξωνεύς,
952 1965 1225 2016 Ἀριστόμαχος
1241 1965 1478 2015 Κριτοδήμου
1491 1963 1608 2004 Ἀλω·

276 2019 444 2067 πεκῆθει,
475 2023 725 2069 μαρτυροῦσιν
754 2021 884 2058 εἰδέναι
915 2022 1032 2070 Σῖμον
1060 2021 1124 2059 τὸν
1155 2021 1344 2058 Θετταλὸν
1378 2020 1606 2070 ἀφικόμειον

276 2071 390 2122 Ἀθήι
392 2075 455 2120 αζε
476 2076 523 2114 εἷς
543 2075 588 2111 τὸ,
610 2074 851 2124 Παναθήναια
875 2076 922 2113 τὰ
946 2076 1106 2126 μεγάλα,
1130 2092 1191 2112 και
1215 2073 1294 2123 μετ’
1314 2075 1424 2112 αυτοῦ
1444 2074 1604 2123 Νικαρέ-

276 2144 344 2177 την
364 2128 425 2166 καὶ
445 2129 607 2178 Νέαιραν
628 2129 697 2179 τὴν
719 2130 796 2167 νυνὶ
823 2130 1105 2181 ἀγωνιζομένην·
1137 2129 1198 2167 καὶ
1224 2128 1453 2180 κατάγεσθαι
1474 2129 1606 2170 αὐτοις

321 2239 342 2260 2
365 2235 553 2269 κωλωνηθεν
570 2231 594 2262 S
753 2241 773 2270 3
797 2234 882 2273 αὐτῷ
905 2233 992 2264 (Sine
1016 2232 1138 2272 spiritu
1159 2231 1200 2271 S)
1224 2231 1354 2271 SFQ:
1378 2232 1480 2272 ἑαυτῷ
1503 2231 1604 2262 YrD

277 2283 297 2313 5
322 2275 402 2312 αὕτη
419 2274 508 2314 vulg.
526 2285 534 2306 ε
558 2275 680 2318 αὺτῇΥ
693 2285 720 2315 r,
735 2285 819 2307 corr.
838 2276 1053 2308 Hel-werden
1115 2275 1251 2317 νεωτέρα
1262 2275 1355 2306 codd.
1371 2286 1380 2307 :
1403 2275 1605 2317 ἂφανεστέρα

278 2317 492 2348 Herwerden
510 2329 518 2349 :
555 2319 713 2359 ἆωροτέρα
742 2319 918 2349 Thalheim
936 2331 943 2350 :
982 2319 1156 2361 εὐωνοτέρα
1191 2318 1400 2358 scripserim,
1436 2319 1478 2350 cf.
1514 2322 1529 2356 ξ
1564 2328 1602 2357 41

275 2362 299 2392 6
321 2361 355 2393 δὲ
387 2360 481 2401 οὖσα]
515 2363 542 2393 δ’
574 2362 620 2393 ἔτ’
655 2363 737 2395 οὖσα
766 2362 981 2394 Herwerden
1094 2364 1168 2394 διὰ.
1187 2387 1194 2394 .
1213 2365 1378 2403 .παρεΐναι
1408 2362 1472 2393 del.
1505 2361 1603 2394 Turr.

276 2404 298 2435 8
320 2406 437 2437 τοῦτον
467 2404 570 2435 YrD
705 2415 743 2445 13
767 2407 1013 2446 ἐπεδημήσαμεν
1043 2405 1147 2444 SFQ
1266 2415 1304 2444 19
1327 2405 1426 2448 αυτ-ᾖ]
1451 2419 1531 2444 αυτη
1556 2405 1604 2436 S:

278 2449 358 2486 αντη
390 2447 460 2486 FQ
597 2458 634 2478 21
665 2451 746 2488 αὕτη
779 2451 876 2490 (αντη
910 2449 949 2491 S)
984 2450 1097 2489 codd.,
1131 2459 1218 2481 corr.
1252 2448 1352 2480 Blass
1441 2448 1535 2491 ἑτέρα
1565 2447 1603 2479 S¹

278 2500 320 2530 23
336 2496 370 2522 et
385 2492 428 2522 26
451 2490 599 2531 Σήμωνος
615 2491 640 2523 S

1628 890 1668 912 10

1628 1556 1669 1578 20

1628 1911 1666 1943 25
