1763 2778
166 117 401 173 L1]HEPI
444 123 566 160 TOT
614 122 787 159 ΣΤΕΦ.
834 122 957 158 ΤΗΣ
1004 122 1422 161 ΤΡΙΗΡΑΡΧΙΑΣ
1511 114 1650 170 [1229]

166 220 477 274 ἐξαναπληροῦν,
516 224 585 262 νῦν
627 219 660 260 δ’
700 220 752 262 ὡς
793 223 939 272 πρῶτοι
981 219 1381 272 παρασκευασάμενοι
1422 218 1491 260 τὸν

166 287 369 341 στέφανον
393 291 558 340 λαβεῖν;

231 354 428 409 “Ηγοῦμαι
447 357 590 403 τοίνυν,
613 356 673 396 ὅτι
696 357 768 407 μὲν
786 352 996 396 δικαιότατ’
1021 352 1068 394 ἂν
1094 352 1390 406 στεφανώσαιτ’
1409 352 1490 404 ἐμέ,
1514 369 1533 404 7

168 423 229 463 καὶ
253 425 375 474 μηδὲν
399 423 578 465 εἰπόντος
603 425 698 474 ἐμοῦ
721 423 961 475 γιγνώσκειν
985 421 1097 473 ὑμᾶς·
1135 422 1196 461 ὅτι
1215 420 1248 461 δ’
1268 421 1335 460 οὐκ
1361 420 1493 461 ἔνεστι
1515 422 1653 477 [1230]

165 490 300 542 μόνοις
335 490 486 531 τούτοις
524 489 610 542 περὶ
647 493 714 530 τοῦ
750 489 955 543 στεφάνου
990 489 1125 541 λόγος,
1163 488 1264 529 τοῦτ’
1302 489 1429 528 ἐπιδεῖ
1454 504 1493 527 αι

128 508 144 539 ‘11

165 557 377 609 βούλομαι.
447 557 569 598 πόθεν
595 557 662 598 οὖν
687 559 802 598 τοῦτο
835 556 997 608 μάλιστ’
1024 556 1138 596 ἔσται
1162 558 1304 606 δῆλον,·
1343 554 1413 607 ἀφ’
1439 556 1493 594 ὧν

165 623 276 665 αὐτοὶ
300 622 577 675 πεποιήκασιν·
617 623 867 677 σκεψάμενοι
892 626 965 677 γὰρ
991 622 1060 664 τὸν
1086 622 1130 674 ἐξ
1149 623 1367 676 ἐλαχίστου
1385 639 1491 674 τριη-

164 695 329 745 ραρχεῖν
358 692 623 744 βουλόμενον,
650 692 929 743 μεμισθώκασι
958 690 1029 741 τὴν
1058 690 1311 746 λῃτουργίαν.
1369 689 1494 729 καίτοι

166 763 248 801 πῶς
272 758 340 799 οὐκ
364 758 498 799 ἄδικον
522 762 600 800 τῶν
628 761 702 810 μὲν
729 758 1001 810 ἀναλωμάτων
1033 757 1318 811 ἀφεστηκέναι,
1344 760 1421 797 τῶν
1451 758 1494 797 δὲ

108 844 146 866 10
166 825 411 878 γιγνομένων
436 825 483 867 δι’
505 827 633 867 ἐκεῖνα
652 829 775 877 τιμῶν
801 825 933 876 ἀξιοῦν
954 827 1085 867 αὑτοῖς
1109 829 1301 877 μετεῖναι;
1342 824 1403 864 καὶ
1427 825 1495 863 τοῦ

165 895 236 944 μὲν
261 893 312 944 μὴ
339 893 592 946 περιορμίσαι
612 893 682 943 τὴν
708 897 802 934 ναῦν
832 894 920 934 τότε
946 893 1013 933 τὸν
1042 891 1344 944 μεμισθωμένον
1368 892 1490 931 αἰτιᾶ-

167 963 274 1006 σθαι,
291 965 370 1001 τῶν
390 963 430 1001 δὲ
449 964 578 1002 καλῶς
593 960 929 1011 δεδιακονημένων
949 965 1017 1001 νῦν
1036 961 1165 1001 αὐτοῖς
1187 960 1360 1000 κελεύειν
1376 956 1495 1011 χάριν

165 1028 264 1078 ὑμᾶς
283 1027 409 1080 ἕχειν,·
447 1031 508 1068 δεῖ
529 1029 663 1070 τοίνυν
685 1030 796 1079 ὑμᾶς,
823 1027 852 1068 (T)
883 1027 1019 1079 ἄνδρες
1051 1026 1266 1077 Ἀθηναῖοι,
1293 1025 1344 1077 μὴ
1374 1025 1496 1076 μόνον
1517 1033 1536 1066 8

167 1095 209 1134 ἐκ
228 1095 378 1136 τούτων
403 1100 569 1136 σκοπεῖν
589 1099 633 1136 τὸ
654 1096 816 1142 δίκαιον,
839 1096 944 1135 ἀλλὰ
966 1094 1027 1134 καὶ
1044 1093 1089 1144 ἐξ
1105 1095 1159 1134 ὧν
1178 1093 1287 1134 αὐτοὶ
1308 1093 1497 1145 πρότερον

109 1179 146 1211 15
166 1162 406 1214 πεποιήκατε
435 1162 557 1204 ταύτὰ
590 1166 708 1203 τινῶν
747 1161 1071 1215 διαπραξαμένων
1104 1161 1269 1202 τούτοις.
1332 1161 1397 1200 ὅτε
1423 1161 1498 1211 γὰρ

166 1235 212 1287 τῇ
237 1232 437 1287 ναυμαχίᾳ
460 1237 508 1288 τῇ
534 1229 631 1283 πρὸς
649 1229 917 1283 Ἀλέξανδρον
937 1228 1152 1279 ἐνικήθητε,
1174 1228 1264 1268 τότε
1288 1231 1366 1267 τῶν
1390 1243 1496 1277 τριη-

166 1297 326 1351 ράρχων
350 1298 441 1342 τοὺς
463 1298 763 1350 μεμισθωκότας
789 1299 858 1339 τὰς
878 1297 1129 1350 τριηραρχίας
1154 1294 1404 1336 αἰτιωτάτους
1430 1296 1498 1334 τοῦ

167 1365 431 1419 γεγενημένου
474 1366 699 1417 νομίζοντες
737 1364 978 1416 παρεδώκατ’
1021 1366 1074 1406 εἰς
1122 1362 1166 1403 τὸ
1215 1360 1498 1413 δεσμωτήριον,

169 1432 623 1486 καταχειροτονήσαντες
648 1431 938 1485 προδεδωκέναι
962 1433 1032 1473 τὰς
1058 1434 1151 1473 ναῦς
1178 1430 1240 1470 καὶ
1265 1427 1498 1469 λελοιπέναι

109 1516 148 1538 20
167 1499 240 1550 τὴν
264 1498 388 1551 τάξιν.
450 1500 513 1540 καὶ
553 1500 762 1552 κατηγόρει
804 1501 876 1550 μὲν
918 1498 1185 1551 Ἀριστοφῶν,
1230 1495 1424 1546 ἐδικάζετε
1465 1494 1497 1534 δ’
1519 1511 1540 1545 9

167 1568 290 1618 ὑμεῖς·
329 1569 362 1608 εἰ
387 1569 428 1608 δὲ
452 1567 504 1618 μὴ
530 1566 792 1619 μετριωτέραν
827 1566 970 1619 ἔσχετε
996 1565 1067 1616 τὴν
1097 1564 1218 1617 ὀργὴν
1241 1565 1310 1614 τῆς
1340 1562 1498 1603 ἐκείνων

169 1635 369 1687 πονηρίας,
396 1634 507 1675 οὐδὲν
533 1633 672 1676 αὐτοὺς
696 1633 843 1674 ἐκώλυε
878 1632 1074 1673 τεθνάναι.
1145 1631 1267 1671 ταύτὰ
1292 1631 1423 1671 τοίνυν
1444 1629 1497 1669 εἷ-

169 1702 280 1743 δότες
303 1701 410 1741 οὗτοι
434 1700 676 1753 πεπραγμέν’
703 1702 833 1742 αὐτοῖς
861 1701 922 1740 καὶ
949 1699 1123 1745 ἐκείνοις,
1153 1698 1240 1751 οὐχὶ
1266 1698 1499 1750 φρίττουσιν

170 1769 213 1808 ἐν
237 1769 326 1819 ὑμῖν
350 1769 446 1821 ὑπὲρ
470 1769 524 1809 ὧν
548 1767 740 1820 προσήκει
765 1770 904 1808 παθεῖν
929 1766 1081 1813 αὐτούς,
1104 1767 1210 1806 ἀλλὰ
1234 1766 1501 1817 δημηγοροῦσι

111 1850 150 1883 25
172 1835 255 1875 κατ’
280 1835 416 1876 ἄλλων
443 1836 506 1876 καὶ
532 1838 757 1887 στεφανοῦν
784 1835 1012 1875 κελεύουσιν
1046 1833 1198 1874 αὑτούς.
1259 1833 1383 1872 καίτοι
1409 1830 1500 1870 σκέ-

170 1905 309 1955 ψασθε
333 1901 408 1943 τίν’
428 1901 476 1943 ἄν
495 1920 590 1944 ποτε
605 1900 761 1952 δόξαιτε
784 1904 1084 1953 βεβουλεῦσθαι
1104 1900 1263 1952 τρόπον,
1286 1901 1319 1939 εἶ
1345 1900 1407 1938 διὰ
1431 1897 1502 1947 τὴν

172 1969 292 2021 αὐτὴν
317 1970 524 2022 πρόφασιν
548 1969 638 2011 τοὺς
666 1972 739 2021 μὲν
772 1968 941 2009 θανάτου
975 1969 1188 2020 κρίναντες,
1215 1966 1305 2008 τοὺς
1337 1967 1379 2007 δὲ
1410 1982 1500 2005 στε-

219 2089 232 2109 1
260 2078 510 2121 ἐξαναπληροῦν]
530 2081 563 2120 ἐξ
579 2078 720 2119 ἀνάγκης
736 2081 880 2119 πληροῦν
896 2076 945 2108 Ab
1108 2087 1127 2115 4
1153 2076 1219 2117 καὶ]
1239 2076 1297 2108 κᾶν
1315 2075 1422 2113 Blass,
1442 2073 1504 2104 Sed

172 2123 212 2154 cf.
232 2123 350 2153 xxxvii
377 2124 415 2153 18
493 2125 549 2154 οὐκ
567 2123 673 2155 ἔνεστι
694 2122 876 2161 Huettner‚
896 2120 959 2153 οὐδ’
978 2120 1021 2152 ἔν.
1041 2120 1179 2159 Rfiger:
1206 2122 1239 2151 οὐ
1251 2119 1387 2160 μέτεστι
1404 2118 1500 2148 codd.

173 2176 192 2205 5
208 2165 334 2198 τούτοις
345 2166 451 2206 μόνοις
462 2165 508 2196 Aa
622 2167 642 2196 8
656 2165 866 2208 λῃτουργίαν]
884 2166 1091 2206 τριηραρχίαν
1101 2164 1150 2194 Aa.
1256 2174 1277 2202 9
1290 2162 1412 2202 ἄδικον]
1433 2162 1503 2193 ἄτο-

172 2223 231 2242 πον
243 2209 291 2239 A⁰¹
385 2221 424 2240 10
441 2212 479 2242 δι’
492 2209 612 2251 ἐκεῖνα]
627 2213 766 2251 ερεκεΐνα
776 2209 825 2239 Ab
841 2210 930 2240 unde
941 2207 1011 2250 παρ’
1027 2211 1131 2240 ἐκεῖνα
1145 2208 1262 2246 Rfiger
1358 2215 1393 2236 11
1421 2217 1504 2245 περι-

173 2256 308 2294 ορμῆσαι
326 2253 349 2284 S
360 2252 408 2283 Α’ι
418 2253 444 2284 F
510 2253 751 2294 μισθωσάμενον
763 2251 813 2283 Ab
906 2263 944 2283 12
958 2251 1226 2291 δεδιακονημένων
1236 2251 1284 2281 Aa
1298 2261 1305 2280 t
1325 2252 1444 2287 δεδιηκ.
1458 2247 1505 2277 Αα

173 2307 286 2329 corn:
324 2300 443 2329 διακεκ.
468 2297 517 2328 Ab
692 2306 729 2336 13
756 2300 832 2336 post
856 2298 934 2336 ὑμᾶς
970 2296 1046 2327 add.
1073 2295 1095 2326 ὦ
1118 2295 1227 2336 ἄνδρες
1255 2295 1410 2331 Ἀθηναῖοι
1435 2291 1504 2321 Ast:

174 2351 238 2371 om.
254 2345 331 2372 cett.
476 2342 515 2371 18
540 2340 756 2381 δεσμωτήριον
776 2340 827 2370 Ab
842 2350 850 2370 ε
875 2340 1081 2379 δικαστήριον
1097 2343 1188 2376 cett„
1209 2337 1331 2376 Pap.P.
1348 2336 1382 2367 S.
1398 2335 1421 2365 Ι.
1443 2344 1501 2372 721

176 2394 217 2414 22
242 2385 280 2416 ἂν
302 2389 379 2424 post
404 2384 494 2416 οὐδὲν
516 2385 592 2414 add.
615 2384 646 2414 A
662 2384 688 2414 F
707 2384 749 2422 Q,
773 2388 852 2423 post
876 2384 990 2416 αὐτοὺς
1017 2383 1066 2414 D:
1092 2392 1158 2412 om.
1179 2381 1214 2413 S.
1263 2381 1313 2412 Cf.
1337 2378 1420 2409 xxiii
1446 2388 1505 2415 130

176 2437 218 2466 23
243 2426 328 2460 οὗτοι
347 2438 412 2459 om.
433 2427 483 2468 Sl,
499 2428 575 2458 add.
596 2428 628 2458 in
648 2438 713 2467 mg.
732 2428 805 2459 ead.
826 2438 868 2458 m.
1003 2436 1044 2465 25
1069 2427 1172 2458 ἄλλου
1188 2425 1257 2455 Aa:
1281 2424 1436 2460 ἀλλήλων
1454 2421 1504 2452 Ab
