1746 2774
157 126 299 182 [1458]

158 750 296 806 [1459]

278 1041 298 1065 2

281 1370 301 1405 3

278 2042 299 2075 4

731 126 1214 166 ΔΗΜΟΣΘΕΝΟΎΣ

383 351 436 392 ἹΙ
472 354 545 403 μὲν
582 353 740 393 εἰωθυῖα
776 350 903 392 πάντα
935 350 1003 392 τὸν
1036 351 1182 404 χρόνον
1213 350 1425 402 βλάπτειν,
1453 349 1482 391 ὦ
1507 350 1645 404 ἄνδρες

318 419 533 470 Ἀθηναῖοι,
560 418 631 468 τὴν
657 419 776 459 πόλιν
804 419 981 470 λοιδορία
1013 418 1074 458 καὶ
1106 418 1257 471 ταραχὴ
1292 418 1356 459 καὶ
1387 419 1471 459 νυνὶ
1504 418 1645 471 γέγονε

319 488 425 538 παρὰ
459 490 536 527 τῶν
574 485 700 526 αὐτῶν
735 487 864 538 ὧνπερ
902 487 975 527 ἀεί.
1046 484 1157 536 ἄξιον
1191 485 1226 525 δ’
1259 485 1332 539 οὐχ
1363 486 1462 525 οὕτω
1492 485 1644 528 τούτοις

320 555 551 604 ἐπιτιμῆσαι
573 551 686 603 (ἴσως
709 554 784 605 γὰρ
809 554 906 609 ὀργῇ
933 553 994 593 καὶ
1021 553 1226 606 φιλονικίᾳ
1258 556 1380 592 ταῦτα
1413 552 1641 604 πράττουσι,
1665 575 1682 606 5

320 622 381 661 καὶ
407 620 449 660 τὸ
473 619 666 672 μέγιστον
686 619 883 667 ἁπάντων,
904 621 962 660 ὅτι
982 620 1178 672 συμφέρει
1203 623 1324 659 ταῦτα
1348 624 1475 660 ποιεῖν
1501 617 1647 670 αὐτοῖς)

319 687 410 728 ἀλλ’
440 689 541 738 ὑμῖν,
571 688 604 728 εἰ
636 687 723 739 περὶ
758 691 908 734 κοινῶν,
936 685 966 728 ὦ
997 686 1135 738 ἄνδρες
1159 686 1374 737 Ἀθηναῖοι,
1405 685 1646 739 πραγμάτων

321 756 382 796 καὶ
406 754 593 807 μεγάλων
618 754 918 806 συνειλεγμένοι
941 756 1011 796 τὰς
1044 755 1142 796 ἰδίας
1173 755 1372 805 λοιδορίας
1404 754 1646 805 ἀκροώμενοι

319 821 507 872 κάθησθε,
553 822 616 862 καὶ
655 821 699 861 οὐ
737 822 908 862 δύνασθε
946 821 1041 873 πρὸς
1079 822 1179 873 ὑμᾶς
1219 820 1357 862 αὐτοὺς
1400 822 1646 873 λογίσασθαι

317 889 434 935 τοῦθ’,
461 890 522 929 ὅτι
546 890 586 929 αἱ
611 892 689 929 τῶν
711 889 885 941 ῥητόρων
906 888 1090 929 ἁπάντων
1108 888 1201 929 ἄνευ
1219 889 1386 939 κρίσεως
1404 893 1500 940 πρὸς
1520 887 1644 938 ἀλλή-

317 962 413 998 λους
449 956 655 1008 λοιδορίαι,
695 957 749 996 ὧν
787 954 835 996 ἂν
874 955 1076 1006 ἀλλήλους
1117 954 1397 1008 ἐξελέγξωσιν,
1440 955 1540 1006 ὑμᾶς
1577 947 1647 998 τὰς

319 1023 480 1066 εὐθύνας
503 1016 656 1064 διδόναι
683 1027 878 1064 ποιοῦσιν.
949 1023 1054 1073 πλὴν
1082 1024 1158 1075 γὰρ
1189 1023 1336 1074 ὀλίγων
1367 1024 1477 1069 ἴσως,
1504 1023 1569 1063 ἵνα
1592 1022 1645 1073 μὴ

317 1079 466 1132 πάντας
500 1092 609 1137 εἴπω,
641 1090 767 1132 οὐδεὶς
796 1090 923 1131 αὐτῶν
954 1089 1090 1143 ἅτερος
1118 1089 1266 1144 θατέρῳ
1300 1093 1551 1141 λοιδορεῖται,
1581 1091 1647 1130 ἵνα

318 1157 485 1209 βέλτιόν
509 1174 547 1198 τι
569 1161 646 1198 τῶν
672 1157 871 1210 ὑμετέρων
895 1158 1080 1210 γίγνηται
1101 1155 1271 1207 (πολλοῦ
1294 1174 1341 1210 γε
1366 1157 1428 1197 καὶ
1448 1155 1530 1206 δεῖ),
1553 1155 1646 1197 ἀλλ’

319 1225 394 1270 ἵνα,
423 1225 447 1265 δ.
470 1224 538 1265 τὸν
563 1224 671 1265 δεῖνά
696 1230 802 1277 φησι
824 1229 1012 1266 ποιοῦντα
1036 1221 1099 1276 [ἂν
1119 1222 1201 1281 δέῃ]
1221 1224 1410 1265 δεινότατ’
1429 1224 1648 1276 ἀνθρώπων

321 1296 461 1338 ποιεῖν,
499 1291 604 1333 ταῦτ’
642 1291 756 1334 αὐτὸς
791 1294 890 1344 μετὰ
926 1293 1111 1334 πλείονος
1146 1292 1316 1345 ἡσυχίας
1352 1291 1645 1344 διαπράττηται.

321 1360 380 1399 ὅτι
405 1358 436 1399 δ’
464 1359 561 1399 οὕτω
586 1359 691 1399 ταῦτ’
718 1360 814 1413 ἔχει,
845 1359 897 1411 μὴ
925 1359 1010 1410 ἐμοὶ
1034 1360 1288 1409 πιστεύσητε,
1315 1358 1408 1399 ἀλλ’
1434 1360 1476 1399 ἐν
1500 1362 1650 1412 βραχεῖ

319 1426 557 1478 λογίσασθε.
629 1427 740 1467 ἔστιν
764 1427 862 1467 ὅπου
891 1443 950 1469 τις
982 1427 1156 1468 ἀναστὰς
1186 1426 1295 1467 εἶπεν
1325 1425 1415 1478 παρ’
1445 1427 1534 1477 ὑμῖν
1567 1426 1647 1466 πώ-

320 1510 418 1534 ποτε
443 1494 711 1545 (βουλόμενός
744 1510 782 1534 τι
812 1498 958 1545 λαβεῖν
989 1497 1067 1533 τῶν
1098 1492 1295 1544 ὑμετέρων
1327 1492 1582 1546 παρελήλυθ’,
1617 1490 1647 1533 ὦ

319 1559 458 1612 ἄνδρες
482 1559 699 1610 Ἀθηναῖοι,
727 1561 801 1614 οὐχ
826 1562 923 1613 ὑπὲρ
947 1560 1089 1612 ὑμῶι·;’
1115 1560 1241 1602 οὐδεὶς
1266 1559 1404 1611 δήπου,
1432 1559 1525 1600 ἀλλ’
1550 1561 1648 1612 ὑπὲρ

318 1628 424 1678 ὑμῶν
450 1628 513 1668 καὶ
538 1627 586 1668 δι’
612 1629 722 1678 ὑμᾶς,
752 1629 813 1668 καὶ
838 1629 1017 1669 τοιαύτας
1044 1627 1267 1680 προφάσεις
1285 1626 1489 1680 λέγουσιν.
1550 1626 1650 1679 φέρε

318 1693 363 1744 δὴ
407 1694 630 1747 σκέψασθε,
671 1696 711 1735 τί
746 1694 791 1745 δή
829 1695 929 1742 ποτ’,
967 1693 997 1735 ὦ
1032 1694 1170 1747 ἄνδρες
1206 1694 1423 1745 Ἀθηναῖοι,
1459 1695 1559 1746 ὑπὲρ
1594 1695 1649 1735 ὧν

319 1760 491 1803 ἅπαντες
515 1761 722 1814 λέγουσιν,
744 1763 856 1803 οὐδὲν
882 1762 1048 1813 βέλτιον
1073 1766 1154 1802 τοῖς
1181 1762 1289 1803 ὅλοις
1314 1765 1384 1802 νῦν
1408 1758 1431 1811 ἢ
1457 1762 1650 1814 πρότερον

319 1827 521 1880 πράττετε,
550 1829 658 1869 οὗτοι
683 1828 716 1869 δ’
743 1830 779 1870 οἱ
803 1828 918 1870 πάνθ’
938 1830 1036 1881 ὑπὲρ
1060 1830 1179 1880 ὑμῶν,
1200 1829 1296 1880 ὑπὲρ
1320 1829 1447 1869 αὑτῶν
1473 1828 1504 1869 δ’
1524 1828 1650 1871 οὐδεὶς

319 1894 433 1935 οὐδὲν
481 1895 630 1936 πώποτ’
679 1896 855 1947 εἰρηκώς,
900 1898 942 1936 ἐκ
985 1899 1156 1949 πτωχῶν
1190 1895 1379 1935 πλούσιοι
1411 1896 1647 1948 γεγόνασινς

320 1962 379 2002 ὅτι
412 1964 542 2014 φασὶν
574 1962 660 2014 μέν,
689 1961 718 2003 ὦ
753 1963 891 2015 ἄνδρες
923 1963 1139 2013 Ἀθηναῖοι,
1168 1965 1303 2014 φιλεῖν
1337 1963 1450 2014 ὑμᾶς,
1483 1965 1651 2015 φιλοῦσι

321 2028 352 2069 δ’
391 2029 465 2083 οὐχ
504 2030 604 2081 ὑμᾶς
646 2029 739 2071 ἀλλ’
783 2030 935 2072 αὑτούς.
1001 2030 1065 2071 καὶ
1102 2029 1276 2082 γελάσαι
1315 2030 1379 2071 καὶ
1425 2031 1651 2082 θορυβῆσαι

363 2148 383 2178 3
407 2139 468 2176 τὴν
484 2139 579 2171 πόλιν
596 2149 662 2170 om.
682 2138 716 2171 F.
852 2149 870 2179 7
896 2141 945 2172 καὶ
962 2139 1114 2181 μεγάλων
1130 2139 1324 2181 πραγμάτων
1341 2150 1357 2170 r
1496 2150 1531 2170 11
1559 2138 1601 2172 ὧν
1619 2140 1650 2171 D

321 2182 511 2221 (Bekker):
538 2185 576 2215 ὡς
600 2188 678 2214 cett.
865 2194 902 2222 13
927 2183 1037 2224 ἅτερος
1062 2184 1092 2215 Υ
1109 2184 1200 2215 DC:
1225 2184 1330 2223 ἕτερος
1355 2194 1390 2215 r:
1417 2183 1545 2224 θάτερος
1568 2189 1649 2215 cett.

324 2235 362 2264 15
387 2226 406 2257 ἃ
417 2236 481 2256 om.
494 2226 581 2267 Ωγρ.
600 2227 628 2256 Y
636 2240 686 2267 γρ.
701 2227 740 2266 D,
757 2232 833 2266 post
845 2230 930 2259 δεῖνα
941 2228 1035 2266 ponit
1053 2237 1069 2257 r
1157 2235 1237 2267 φησι
1248 2227 1392 2258 Vindob.
1407 2238 1426 2265 4
1443 2226 1650 2268 {Schaeserfi

321 2277 401 2309 φασι
417 2274 496 2301 cett.
586 2274 749 2302 ποιοῦνται
767 2270 790 2301 S
802 2271 827 2300 F
843 2281 927 2301 corr.
939 2271 1028 2311 Qyp.
1045 2271 1074 2301 D
1186 2277 1262 2310 post
1278 2274 1428 2303 ποιοῦντα
1445 2271 1520 2302 add.
1540 2272 1580 2302 ἂν
1595 2270 1650 2311 δέῃ

323 2312 347 2343 S
362 2313 385 2342 F
401 2312 453 2351 (23
477 2314 514 2345 ‘bv
531 2314 569 2345 ἂν
586 2314 639 2356 δέῃ
660 2314 689 2344 Y
701 2324 717 2344 r
730 2314 758 2344 D
772 2314 819 2345 C:
846 2314 912 2345 del.
931 2325 996 2353 mg.
1015 2315 1094 2346 edit.
1114 2315 1218 2345 Paris.
1303 2324 1342 2353 19
1367 2315 1571 2355 προελήλυθα
1588 2313 1649 2344 SF

322 2356 385 2386 soli
435 2391 442 2396 .
468 2367 510 2387 ρο
533 2358 568 2389 οὐ
585 2359 684 2395 δήπου
703 2358 732 2388 D
813 2367 851 2388 21
876 2358 1025 2390 τοιαύτας
1043 2368 1059 2388 r
1071 2357 1241 2399 (Sauppe)
1257 2369 1264 2388 :
1283 2358 1402 2390 ταύτας
1420 2358 1444 2388 S
1459 2357 1484 2388 C
1501 2369 1508 2387 ε
1531 2357 1651 2389 ταύτας

321 2401 379 2432 τὰς
396 2400 484 2438 vulg.
577 2411 618 2440 23
643 2404 696 2433 νῦν
712 2412 776 2432 om.
795 2401 826 2440 Q
915 2411 954 2441 27
980 2404 1037 2433 τοῦ
1051 2402 1110 2442 μὲν
1127 2408 1206 2432 ante
1222 2402 1361 2443 γελάσαι
1378 2402 1453 2432 add.
1475 2400 1643 2432 Richards

1669 910 1705 933 10

1668 1242 1707 1276 Ι5

1669 1580 1709 1603 20

1670 1915 1709 1948 25
