1763 2778
89 145 230 199 11300]

209 316 230 348 6

91 441 228 496 11301]

210 856 228 891 7

210 1190 230 1223 8

209 1663 231 1696 9

91 2094 230 2148 [1302]

192 2160 233 2184 10

673 142 1160 179 AIIMOEOENOTE
1486 139 1576 190 [Lvn

250 243 337 293 ρίαν
366 242 588 290 πεποίηται,
626 241 839 291 ἀναγκαῖον
876 240 961 290 ἐμοὶ
999 239 1086 291 περὶ
1122 240 1176 280 ῶν
1205 241 1247 280 ἐν
1277 242 1357 280 τοῖς
1390 240 1576 290 δημόταις

250 310 447 360 ὑβρίσθην
485 311 639 359 πρῶτον
677 308 814 347 εἰπεῖν.
886 306 980 356 ἀξιῶ
1019 305 1065 352 δ’,
1105 304 1135 346 ὦ
1181 306 1320 358 ἄνδρες
1358 305 1573 356 Ἀθηναῖοι,

248 375 408 426 μηδέπω
433 374 505 424 τὴν
533 378 610 414 τῶν
634 377 811 424 δημοτῶν
845 372 1107 426 ἀποψήφισιν
1138 377 1338 413 ποιεῖσθαι
1369 372 1576 424 τεκμήριον

249 443 360 492 ὑμᾶς,
387 442 437 483 ὡς
463 441 522 494 ἄρ’
548 441 638 494 οὐχὶ
663 439 854 492 προσήκει
878 458 944 491 μοι
968 442 1036 490 τῆς
1067 441 1234 482 πόλεως.
1306 441 1339 481 εἰ
1362 442 1437 493 γὰρ
1462 439 1574 480 πάντ’

251 509 447 559 ἐνομίζετε
475 510 523 548 τὰ
543 509 672 548 δίκαια
697 506 938 557 δυνήσεσθαι
962 507 1051 548 τοὺς
1076 508 1244 558 δημότας
1277 510 1480 558 διακρῖναι,
1507 506 1575 546 οὐκ
1596 520 1613 551 5

329 576 393 590 '‘xl
541 574 552 588 X

249 576 297 616 ἂν
323 589 490 616 εοωκατε
514 592 584 625 την
610 576 666 616 εἷς
689 575 788 625 ὑμᾶς
813 575 969 626 ἔφεσιν·
1007 577 1075 614 νῦν
1105 577 1146 615 δὲ
1173 575 1235 614 καὶ
1259 576 1322 614 διὰ
1348 575 1576 626 φιλονικίαν

251 643 312 683 καὶ
355 642 417 682 διὰ
446 642 596 695 φθόνον
639 641 701 681 καὶ
735 641 783 681 δι’
823 641 970 694 ἔχθραν
1008 641 1070 681 καὶ
1107 640 1154 681 δι’
1192 641 1318 683 ἄλλας
1354 639 1577 692 προφάσεις

249 709 419 750 ἔσεσθαί
440 726 477 749 τι
501 712 680 749 τοιοῦτον
716 709 941 760 ἡγούμενοι,
968 707 1040 758 τὴν
1065 709 1119 750 εἷς
1143 709 1241 759 ὑμᾶς
1274 712 1355 749 τοῖς
1380 708 1574 758 ἀδικηθεῖ-

249 794 314 817 σιν
340 775 553 826 ἐποιήσατε
577 775 822 828 καταφυγήν,
849 775 897 815 δι’
922 773 970 826 ἣν
996 779 1122 817 καλῶς
1147 778 1360 822 ποιοῦντες,
1386 773 1416 816 ὦ
1441 775 1577 827 ἄνδρες

249 843 465 894 Ἀθηναῖοι,
503 843 593 884 τοὺς
631 842 886 893 ἠδικημένους
926 841 1103 885 ἅπαντας
1140 841 1353 897 σεσῴκατε.
1423 845 1577 894 πρῶτον

249 913 320 962 μὲν
345 911 413 951 οὖν
438 909 483 950 ὃν
507 911 653 962 τρόποι·
677 911 719 950 ἐν
744 913 824 951 τοῖς
849 910 1033 960 δημόταις
1059 909 1211 960 συνέβη
1238 909 1308 959 τὴν
1333 908 1577 961 διαψήφισιν

250 977 450 1030 γενέσθαι,
479 976 621 1030 φράσω
656 976 752 1029 πρὸς
781 978 893 1028 ὑμᾶς·
931 976 977 1016 τὸ
1009 978 1083 1029 γὰρ
1117 978 1171 1018 εἷς
1209 976 1302 1018 αὐτὸ
1337 976 1382 1016 τὸ
1417 978 1577 1028 πρᾶγμα

249 1044 379 1086 πάντα
419 1043 555 1096 λέγειν
592 1043 695 1084 τοῦτ’
737 1045 814 1096 ἐγὼ
856 1043 1143 1095 ὑπολαμβάνω,
1181 1044 1261 1084 ὅσα
1299 1061 1358 1085 τις
1395 1044 1498 1095 παρὰ
1533 1043 1578 1084 τὸ

249 1111 447 1165 ψήφισμα
472 1111 669 1152 πέπονθεν
692 1111 831 1151 ἀδίκως
859 1112 1235 1157 καταστασιασθείς,
1261 1110 1464 1161 ἐπιδεῖξαι.

319 1179 569 1230 Εὐβουλίδης
601 1180 675 1231 γῖιρ
709 1179 861 1224 οὑτοσί,
899 1176 929 1218 ὦ
961 1178 1100 1230 ἄνδρες
1134 1177 1350 1228 Ἀθηναῖοι,
1386 1177 1436 1218 ὡς
1471 1178 1578 1228 ὑμῶν

250 1247 366 1287 ἴσασι
412 1247 571 1292 πολλοί,
623 1245 881 1298 γραψάμενος
930 1245 1121 1296 ἀσεβείας
1167 1245 1240 1295 τὴν
1280 1244 1460 1297 ἀδελφὴν
1505 1244 1578 1294 τὴν

252 1313 559 1363 Λακεδαιμονίου
582 1312 628 1352 τὸ
651 1312 832 1363 πέμπτον
850 1311 968 1364 μέρος
992 1316 1070 1353 τῶι·
1094 1310 1246 1364 ψήφων
1270 1312 1315 1352 οὐ
1339 1312 1576 1362 μετέλαβεν.

251 1381 312 1420 ὅτι
343 1380 390 1431 δὴ
421 1382 462 1420 ἐν
496 1381 630 1435 ἐκείνῳ
666 1383 718 1434 τῷ
757 1380 882 1432 ἀγῶνι
915 1381 963 1419 τῖι
997 1380 1139 1426 δίκαια,
1173 1379 1296 1434 τούτῳ
1329 1381 1371 1419 δὲ
1403 1377 1578 1419 τάναντί’

251 1447 516 1500 ἐμαρτύρησα,
552 1449 616 1487 διὰ
651 1446 796 1497 ταύτην
831 1446 902 1497 τὴν
939 1447 1086 1499 ἔχθραν
1123 1446 1341 1487 ἐπιτίθεταί
1365 1462 1445 1497 μοι.
1517 1445 1579 1485 καὶ

251 1514 469 1566 βουλεύων,
497 1511 525 1553 ὦ
551 1514 688 1566 ἄνδρες
714 1515 910 1560 δικασταί,
941 1515 1002 1554 καὶ
1039 1514 1168 1566 κύριος
1205 1512 1258 1554 ὢν
1292 1516 1361 1553 τοῦ
1392 1512 1427 1552 θ’
1463 1512 1579 1565 ὅρκου

253 1582 313 1622 καὶ
338 1585 416 1622 τῶν
441 1581 678 1634 γραμμάτων
703 1580 750 1632 ἐξ
770 1582 824 1622 ῶν
849 1580 1034 1621 ἀνεκάλει
1058 1581 1148 1622 τοὺς
1172 1580 1354 1631 δημότας,
1387 1581 1430 1620 τί
1453 1583 1577 1626 ποιεῖς

252 1653 404 1701 πρῶτον
422 1648 509 1700 μέν,
537 1648 669 1698 ἐπειδὴ
688 1647 966 1700 συνελέγησαν
989 1650 1025 1689 οἱ
1045 1649 1222 1698 δημόται,
1249 1647 1485 1699 κατέτριψεν
1507 1646 1579 1696 τὴν

251 1715 398 1767 ἡμέραν
423 1719 653 1768 δημηγορῶν
683 1716 746 1755 καὶ
781 1716 1028 1768 ψηφίσματα
1065 1715 1244 1768 γράφων.
1313 1718 1427 1754 τοῦτο
1463 1712 1496 1753 δ’
1533 1712 1580 1764 ἦν

251 1782 319 1822 οὐκ
351 1782 428 1823 ἀπὸ
455 1786 524 1822 τοῦ
552 1782 783 1833 αὐτομάτου,
815 1781 907 1823 ἀλλ’
941 1783 1213 1834 ἐπιβουλεύων
1248 1783 1350 1832 ἐμοί,
1387 1782 1493 1822 ὅπως
1530 1780 1580 1822 ὡς

251 1849 455 1902 ὀψιαίταθ’
479 1849 501 1900 ἡ
529 1849 770 1902 διαψήφισις
795 1849 817 1900 ἡ
835 1850 923 1901 περὶ
945 1851 1037 1901 ἐμοῦ
1056 1849 1224 1902 γένοιτο·
1263 1849 1325 1889 καὶ
1345 1846 1579 1899 διεπράξατο

251 1919 377 1957 τοῦτο.
451 1917 514 1956 καὶ
542 1920 620 1956 τῶν
644 1918 716 1967 μὲν
742 1919 920 1967 δημοτῶν
945 1918 981 1957 οἱ
1006 1917 1225 1968 ὀμόσαντες
1241 1916 1458 1968 ἐγενόμεθα
1475 1919 1578 1967 τρεῖς

252 1984 315 2024 καὶ
352 1982 637 2034 ἐβδομήκοντα,
677 1983 878 2035 ἠρξάμεθα
914 1986 955 2024 δὲ
993 1987 1061 2024 τοῦ
1094 1983 1412 2036 διαψηφίζεσθαι
1446 1983 1579 2031 δείλης

251 2051 384 2102 ὀψίας,
412 2050 516 2090 ὥστε
541 2049 706 2100 συνέβη,
740 2051 855 2101 ἡνίκα
881 2050 1026 2102 τούμὸν
1061 2050 1169 2102 ὄνομ’
1208 2051 1400 2095 ἐκαλεῖτο,
1439 2049 1578 2090 σκότος

253 2117 351 2158 εἶναι
376 2117 461 2168 ἤδη·
501 2117 561 2157 καὶ
586 2119 661 2170 γὰρ
692 2117 738 2168 ἦν
775 2118 864 2170 περὶ
899 2118 1128 2169 ἑξηκοστόν,
1157 2118 1220 2158 καὶ
1258 2116 1428 2168 ἐκλήθην
1457 2117 1576 2156 ὕστα-

294 2228 316 2257 6
339 2227 535 2267 φιλονεικίαν
551 2227 645 2258 codd.
737 2236 754 2263 7
780 2228 829 2258 καὶ
847 2227 896 2258 διὰ
914 2226 1030 2267 φθόνον
1046 2225 1111 2257 SA
1128 2237 1135 2256 z
1159 2236 1223 2257 om.
1243 2230 1323 2256 cett.
1427 2235 1466 2256 10
1481 2224 1578 2256 ἅπαν-

251 2283 306 2302 τες
324 2270 348 2301 S
485 2280 521 2300 12
544 2272 582 2301 τὸ
597 2271 660 2311 ’γὰρ
675 2270 772 2300 codd.
788 2281 794 2301 :
818 2273 875 2301 τοῦ
890 2272 952 2311 ’γὰρ
972 2270 1139 2300 Richards
1280 2279 1316 2307 13
1342 2270 1405 2309 ἐγὼ
1423 2268 1447 2299 S
1465 2269 1576 2307 vulg.:

255 2314 358 2355 ἔγωγε
385 2312 416 2343 Α
572 2323 609 2352 15
634 2314 742 2345 οὑτοσί
773 2314 912 2353 scripsi:
947 2313 1039 2345 οὗτος
1071 2313 1168 2345 codd.
1327 2313 1364 2342 18
1388 2312 1441 2352 δὴ]
1478 2312 1510 2343 δὲ
1547 2311 1579 2341 Α

254 2367 291 2387 21
318 2356 513 2398 ’γραμμάτων
529 2356 579 2387 ΑΖ
603 2357 826 2397 γραμματείων
848 2356 872 2387 S
889 2356 913 2386 F
926 2356 955 2394 Q
974 2357 1001 2386 D
1111 2354 1258 2389 ἀνεκάλει
1278 2355 1308 2384 Λ
1322 2355 1360 2385 F¹
1379 2368 1385 2386 t
1411 2357 1450 2388 ἂν
1471 2355 1578 2387 ἐκάλει

254 2400 299 2431 S:
326 2401 470 2432 ἐνεκάλει
489 2400 609 2430 Fcorr.
628 2400 658 2438 Q
675 2400 703 2430 D
867 2410 908 2438 23
932 2400 971 2438 ἦν
995 2400 1115 2431 codd.:
1141 2399 1220 2440 ἦγεν
1236 2399 1425 2436 Thalheim,
1449 2399 1581 2438 ἔπραξεν

256 2444 460 2474 Μϋηςεὴετς
486 2444 551 2474 dcl.
581 2444 811 2482 Herwerden,
837 2443 878 2473 cf.
916 2443 1154 2476 Wilamowitz.
1182 2443 1332 2473 Hermes
1367 2451 1448 2482 1923
1481 2452 1511 2481 p.
1537 2443 1582 2481 69

254 2497 296 2525 24
314 2487 397 2528 ἐμοὶ]
412 2489 481 2527 ὑμῖν
495 2487 524 2517 D
591 2490 629 2519 ὡς
642 2497 706 2517 om.
721 2486 752 2516 A
855 2496 897 2525 29
914 2489 978 2527 περὶ
994 2486 1183 2527 ἑξηκοστόν]
1202 2486 1451 2527 ὑπερεξηκοστός
1466 2485 1582 2516 Naber

1599 858 1640 880 10

1601 1527 1640 1548 20
