1763 2778
80 101 216 157 [1276]

178 286 217 320 19

660 104 1147 141 ΔιιλιοΣεηςΝυΎΣ
1499 97 1562 152 [ιν

235 201 352 256 μένῳ,
391 202 431 242 τί
464 201 618 247 λοιπόν,
657 198 686 239 ὦ
722 200 858 252 ἄνδρες
887 200 1081 246 δικασταί,
1120 204 1214 251 πρὸς
1250 203 1369 246 θεῶν;
1408 200 1451 240 οὐ
1488 201 1563 252 γὰρ

237 270 386 309 ἐκπιεῖν
410 286 454 321 γε
484 266 610 318 δήπου
632 285 680 318 με
701 269 929 317 Καλλικλῆς
953 266 1045 307 αὐτὸ
1062 266 1399 320 προσαναγκάσει.
1444 270 1565 307 ταῦτα

239 337 371 376 τοίνυν
396 336 474 387 ἐγὼ
500 333 670 388 πάσχων
702 335 778 375 ὑπὸ
803 335 951 375 τούτων
978 335 1040 375 καὶ
1064 332 1184 374 πόλλ’
1211 335 1325 386 ἕτερα
1349 333 1413 374 καὶ
1441 332 1562 380 δεινά,

237 401 287 453 μὴ
314 404 374 442 ὅτι
399 403 508 452 δίκην
533 401 686 451 λαβών,
713 402 820 441 ἀλλὰ
855 400 907 452 μὴ
935 401 1183 454 προσοφλὼν
1219 399 1465 453 ἀγαπήσαιμ’
1503 399 1563 441 ἄν.

84 469 217 523 [1277]
239 470 272 510 εἰ
295 471 368 520 μὲν
392 470 467 521 γὰρ
492 467 552 518 ἦν,
579 466 608 508 ι’ἷ)
635 467 771 521 ἄνδρες
797 469 992 514 δικασταί,
1019 468 1198 521 χαράδρα
1225 467 1348 508 πάλιν
1370 469 1562 520 ὑποδεχο-
1585 484 1604 517 5

178 1488 216 1514 21

237 535 348 587 μένη,
373 533 463 589 τάχ’
489 534 537 575 ἂν
559 534 718 585 ἠδίκουν
744 535 822 587 ἐγὼ
857 534 909 586 μὴ
947 536 1172 588 δεχόμενος,
1210 534 1347 587 ὥσπερ
1378 533 1439 575 ἀν’
1464 533 1564 587 ἕτερ’

237 602 334 643 ἄττα
357 607 434 643 τῶν
460 602 614 655 χωρίων
635 602 737 642 εἰσὶν
755 601 1068 654 ὁμολογούμεναι
1084 601 1291 656 χαράδραι·
1329 600 1392 642 καὶ
1408 601 1566 643 ταύταις

238 669 421 723 δέχονται
449 671 522 720 μὲν
547 670 583 709 οἱ
616 673 774 721 πρῶτοι,
812 667 985 721 καθάπερ
1015 668 1104 710 τοὺς
1136 670 1179 709 ἐκ
1207 672 1286 710 τῶν
1321 670 1452 709 οἰκιῶν
1479 684 1564 722 χει-

237 736 419 789 μάρρους,
446 737 550 788 παρὰ
574 736 722 776 τούτων
747 735 781 775 δ’
808 736 934 788 ἕτεροι
954 734 1340 788 παραλαμβάνουσιν
1365 735 1564 777 ὡσαύτως·

238 803 358 859 ταύτῃ
387 802 420 843 δ’
457 803 545 843 οὔτε
583 803 853 855 παραδίδωσιν
891 802 1016 845 οὐδεὶς
1058 803 1147 844 οὔτε
1176 801 1266 855 παρ’
1309 804 1403 853 ἐμοῦ
1440 819 1564 854 παρα·

238 869 450 921 λαμβάνει.
522 873 603 911 πῶς
627 868 676 910 ἂν
706 870 773 911 οὖν
799 871 856 921 εἴη
883 874 997 910 τοῦτο
1021 869 1218 923 χαράδρας
1245 868 1291 910 τὸ
1315 869 1348 910 δ’
1375 869 1568 911 εἰσπεσὸν

237 938 338 988 ὕδωρ
377 937 565 989 ἔβλαψεν
601 936 709 988 οἶμαι
746 936 940 979 πολλάκις
975 936 1048 988 ἤδη
1085 935 1260 979 πολλοὺς
1295 935 1348 987 μὴ
1387 934 1566 989 φυλαξα-

238 1003 389 1055 μένους,
417 1003 579 1056 ἔβλαψε
608 1006 651 1045 δὲ
678 1004 740 1045 καὶ
774 1008 843 1045 νῦν
871 1005 1036 1045 τουτονί.
1108 1003 1128 1044 ὃ
1166 1003 1229 1044 καὶ
1263 1003 1422 1045 πάντων
1459 1003 1569 1044 ἐστὶν

239 1071 475 1116 δεινότατον,
503 1071 536 1111 εἰ
564 1073 794 1122 Καλλικλῆς
818 1073 891 1122 μὲν
911 1072 965 1112 εἰς
990 1070 1035 1111 τὸ
1059 1072 1207 1124 χωρίον
1224 1071 1484 1113 εἰσπεσόντος
1502 1073 1570 1110 τοῦ

239 1139 379 1180 ὕδατος
405 1136 632 1188 ἁμαξιαίους
656 1139 793 1180 λίθους
829 1139 1105 1190 προσκομίσας
1134 1139 1401 1189 ἀποικοδομεῖ,
1427 1141 1494 1178 τοῦ
1527 1139 1569 1178 δὲ

238 1205 396 1256 πατρός,
424 1205 485 1245 ὅτι
509 1208 621 1245 τοῦτο
647 1205 842 1248 παθόντος
866 1209 934 1245 τοῦ
957 1206 1104 1258 χωρίου
1137 1205 1496 1260 περιῳκοδόμησεν,
1518 1204 1570 1247 ὡς

239 1273 462 1314 ἀδικοῦντος
488 1272 573 1322 ἐμοὶ
597 1271 761 1323 βλάβης
779 1274 916 1326 εἴληχε
941 1273 1064 1323 δίκην.
1126 1273 1251 1312 καίτοι
1276 1273 1310 1313 εἰ
1333 1273 1424 1312 ὅσοι
1445 1275 1570 1313 κακῶς

240 1339 485 1379 πεπόνθασιν
514 1338 589 1378 ὑπὸ
614 1343 692 1379 τῶν
716 1338 867 1380 ὑδάτων
903 1343 979 1380 τῶν
1015 1339 1136 1395 ταύτῃ
1171 1339 1344 1392 ῥεόντων
1377 1339 1464 1390 ἐμοὶ
1496 1337 1567 1390 λή-

240 1404 373 1456 ξονται
411 1406 530 1452 δίκας,
572 1405 659 1446 οὐδὲ
689 1405 981 1447 πολλαπλάσια
1021 1407 1216 1460 γενόμενα
1253 1408 1302 1446 τὰ
1336 1405 1417 1447 ὅντ’
1456 1405 1566 1459 ἐξαρ-

241 1471 394 1513 κέσειεν
431 1472 478 1513 ἄν
513 1489 592 1524 μοι.
663 1476 854 1513 τοσοῦτον
886 1475 1018 1514 τοίνυν
1055 1473 1315 1526 διαφέρουσιν
1351 1473 1458 1513 οὗτοι
1493 1476 1570 1513 τῶν

242 1538 392 1586 ἄλλων,
425 1540 529 1580 ὥστε
566 1540 806 1583 πεπονθότες
839 1543 912 1592 μὲν
950 1539 1075 1587 οὐδέν,
1112 1540 1163 1582 ὡς
1200 1539 1329 1593 αὐτίχ’
1362 1540 1570 1592 ὑμῖνέγὼ

242 1609 382 1659 σαφῶς
417 1606 612 1657 ἐπιδείξω),
650 1611 814 1648 πολλῶν
850 1610 891 1648 δὲ
927 1609 1060 1648 πολλὰ
1099 1607 1160 1648 καὶ
1196 1606 1354 1660 μεγάλα
1381 1611 1568 1659 βεβλαμ-

240 1672 382 1724 μένων,
419 1673 532 1724 μόνοι
567 1672 796 1723 δικάζεσθαι
836 1673 1126 1725 τετολμήκασιν
1159 1674 1271 1716 οῧτοί
1292 1690 1374 1727 μοι.
1444 1674 1571 1715 καίτοι

242 1744 342 1780 πᾶσι
374 1744 530 1791 μᾶλλον
555 1740 742 1794 ἐνεχώρει
770 1745 884 1781 τοῦτο
914 1741 1111 1794 πράττειν.
1183 1741 1288 1782 οὗτοι
1320 1743 1393 1793 μὲν
1422 1741 1509 1794 γάρ,
1537 1741 1571 1782 εἰ

243 1808 310 1847 καί
330 1823 368 1847 τι
392 1807 650 1854 πεπόνθασιν,
678 1807 787 1848 αὐτοὶ
813 1808 860 1848 δι’
887 1808 1027 1851 αὑτοὺς
1050 1807 1329 1860 βεβλαμμένοι
1365 1813 1570 1861 συκοφαν-

240 1877 390 1914 τοῦσιν·
427 1875 568 1914 ἐκεῖνοι
593 1873 647 1920 δέ,
675 1876 708 1915 εἰ
734 1876 796 1915 καὶ
821 1878 942 1926 μηδὲν
967 1875 1083 1922 ἄλλο,
1118 1875 1299 1926 τοιαύτην
1323 1874 1360 1928 γ’
1386 1875 1571 1927 οὐδεμίαν

241 1941 367 1981 αἰτίαν
391 1940 567 1994 ἔχουσιν.
640 1940 732 1982 ἀλλ’
757 1943 821 1982 ἵνα
851 1942 904 1993 μὴ
930 1941 1047 1983 πάνθ’
1072 1942 1151 1994 ἅμα
1180 1941 1425 1995 συνταράξας
1448 1941 1568 1995 λέγω,

241 2007 347 2059 λαβέ
370 2024 436 2058 μοι
461 2006 531 2049 τὰς
555 2011 633 2049 τῶν
658 2009 846 2061 γειτόνων
871 2011 1094 2063 μαρτυρίας.

287 2126 306 2146 2
329 2130 367 2156 με
393 2127 459 2147 om.
488 2116 518 2147 A
667 2128 731 2156 2—4
756 2120 860 2150 ταῦτα
877 2141 884 2149 .
905 2142 912 2150 .
933 2142 940 2150 .
962 2119 999 2151 ἄν
1025 2124 1060 2150 ut
1087 2119 1140 2150 hic
1171 2129 1306 2159 prorsus
1332 2118 1447 2158 inepta
1475 2122 1570 2149 notat

244 2159 350 2190 Blass.
399 2160 516 2197 sicubi,
534 2165 612 2191 ante
631 2162 674 2200 μὴ
699 2162 754 2193 οὖν
779 2165 794 2199 ξ
820 2171 861 2200 35
879 2162 982 2193 voluit
1101 2174 1119 2201 4
1148 2166 1262 2199 λαβεῖν
1283 2185 1290 2193 .
1313 2186 1319 2193 .
1344 2185 1351 2192 .
1374 2165 1571 2204 προσοφλεῖν

243 2203 415 2243 (-οφείλειν
439 2203 483 2243 Α)
510 2204 633 2242 codd.;
667 2205 797 2235 correxi
823 2216 899 2243 ego.
927 2206 1014 2236 idem
1037 2206 1153 2236 vitium
1178 2206 1266 2246 apud
1292 2206 1393 2237 Isoer.
1421 2206 1503 2235 xviii
1528 2215 1571 2244 50

244 2246 481 2286 deprehendas
569 2250 590 2278 6
607 2247 653 2279 ἀν’
673 2248 766 2290 ἕτερα
782 2249 900 2279 Wolf:
927 2250 965 2281 ἀν
978 2249 1090 2290 θάτερα
1103 2250 1156 2280 vel
1175 2251 1232 2281 ἀνὰ
1242 2249 1355 2290 θάτερα
1367 2249 1485 2280 codd.:
1513 2249 1570 2280 ἀνὰ

244 2291 369 2331 χᾶτερα
393 2290 527 2320 Dobree
662 2302 678 2330 7
703 2293 784 2323 ἄττα
807 2302 871 2323 om.
897 2292 927 2321 Λ
1026 2292 1157 2325 ταύταις
1182 2292 1302 2323 Blass:
1328 2293 1445 2324 ταύτας
1469 2292 1567 2323 codd.

243 2334 263 2362 8
280 2333 400 2374 οἰκιῶν]
422 2334 544 2374 χωρίων
559 2333 589 2363 Λ
725 2345 763 2365 10
785 2335 884 2376 ταύτῃ
898 2335 994 2366 Blass
1010 2346 1018 2367 ε
1042 2335 1163 2374 ταύτην
1179 2336 1274 2367 codd.
1364 2335 1522 2376 λαμβάνει
1538 2335 1570 2365 Α

247 2386 284 2406 12
311 2377 453 2417 ἔβλαψεν
470 2376 494 2407 S
510 2377 601 2415 vulg.
622 2388 628 2407 :
653 2378 776 2417 ἔβλαψε
787 2378 846 2417 μὲν
863 2378 893 2408 Α
1025 2389 1063 2417 13
1087 2381 1137 2411 καὶ
1155 2382 1209 2412 νῦν
1224 2378 1273 2411 A:
1301 2381 1355 2411 νῦν
1370 2381 1420 2411 καὶ
1438 2379 1462 2410 S
1479 2379 1568 2417 vulg.

243 2430 284 2493 ¹¹¹4
303 2420 499 2494 ἐμπεσξντος
512 2420 537 2450 F
553 2420 582 2458 Q
599 2420 629 2451 D
721 2423 759 2451 16
781 2422 881 2453 ταύτὸ
893 2421 1046 2464 Zurborg
1136 2433 1176 2462 24
1196 2422 1361 2464 ἐνεχώρει]
1376 2425 1410 2455 ἐν
1423 2423 1457 2453 in
1469 2423 1568 2453 trium

258 2468 303 2493 ntt.
323 2474 385 2494 ras.

1589 821 1628 844 10

1594 1151 1629 1182 ¹5

1592 1489 1632 1510 20

1592 1825 1629 1856 25
