1763 2778
71 120 199 175 [112⁷]

159 1165 204 1200 86

162 1704 204 1745 87

75 1764 202 1819 [1128]

619 117 1138 173 [ΔΗΜΟΣΘΕΝΟΎΣ]
1459 115 1546 171 [κιν

222 215 477 275 ἔχει’δικαίαν
503 221 611 261 ταῦθ’
637 221 834 272 ὑποψίαν;
874 219 982 260 ἄνελ’
1000 219 1070 260 οὖν
1099 220 1140 259 ἐκ
1166 218 1290 269 μέσου
1319 222 1546 269 μοι’Πασι-

223 289 331 335 κλέα,
369 289 430 329 καὶ
465 288 536 330 σὸς
567 290 640 339 μὲν
675 287 757 329 υἱὸς
793 287 879 327 ἀντὶ
913 287 1109 327 δεσπότου
1149 287 1362 333 καλείσθω,
1394 285 1483 337 ἐμὸς
1513 285 1546 325 δ’

221 357 416 398 ἀντίδικος
437 355 645 407 (βούλεται
667 352 759 408 γὰρ)
780 355 866 395 ἀντ’
891 355 1080 405 ἀδελφοῦ.

288 423 395 475 Ἐγὼ
429 425 470 463 δὲ
500 422 624 477 τούτῳ
652 424 726 474 μὲν
754 423 908 476 χαίρειν
936 420 1057 474 λέγω,
1092 420 1158 462 οὓς
1194 419 1228 460 δ’
1262 421 1283 460 ὁ
1321 419 1448 471 πατήρ
1482 437 1548 471 μοι

221 489 421 542 παρέδωκε
444 489 619 541 βοηθοὺς
645 490 707 529 καὶ
735 491 889 540 φίλους,
919 490 974 531 εἷς
996 488 1155 529 τούτους
1180 487 1272 538 ἥκω,
1303 489 1356 529 εἷς
1379 488 1490 539 ὑμᾶς,
1517 485 1546 526 ὦ

221 556 358 609 ἄνδρες
384 557 577 598 δικασταί.
653 556 713 596 καὶ
739 555 875 607 δέομαι
895 555 957 596 καὶ
981 556 1184 605 ἀντιβολῶ
1211 555 1274 595 καὶ
1299 555 1468 600 ἱκετεύω,
1495 552 1547 604 μὴ

221 623 429 675 ὑπερίδητέ
446 642 492 675 με
511 625 573 664 καὶ
597 626 668 665 τὰς
689 622 904 676 θυγατέρας
922 622 972 663 δι’
997 622 1150 662 ἔνδειαν
1173 625 1256 663 τοῖς
1278 623 1444 672 ἐμαυτοῦ
1459 620 1547 660 δού-

221 695 308 733 λοις
335 692 398 732 καὶ
420 695 502 733 τοῖς
525 691 663 731 τούτου
690 689 851 740 κόλαξιν
885 690 1101 743 ἐπίχαρτον
1135 689 1362 741 γενόμενον.
1433 687 1550 739 οὑμὸς

222 759 312 809 ὑμῖν
348 757 475 810 πατὴρ
505 759 639 812 χιλίας
679 758 823 798 ἔδωκεν
860 757 1046 803 ἀσπίδας,
1085 756 1147 796 καὶ
1183 757 1315 795 πολλὰ
1351 754 1550 808 χρήσιμον

223 826 343 865 αὑτὸν
360 825 553 878 παρέσχε,
572 825 634 865 καὶ
654 823 772 865 πέντε
787 822 957 876 τριήρεις
973 822 1183 872 ἐθελοντὴς
1203 822 1360 864 ἐπιδοὺς
1381 822 1442 862 καὶ
1460 820 1550 873 παρ’

223 893 340 932 αὑτοῦ
365 892 581 944 πληρώσας
606 890 894 944 ἐτριηράρχησε
917 890 1182 943 τριηραρχίας.
1243 890 1306 930 καὶ
1329 892 1463 935 ταῦτα,
1481 888 1550 928 οὐκ

223 960 403 1015 ὀφείλειν
426 960 526 1010 ὑμᾶς
550 959 718 1009 νομίζων
743 958 860 1012 χάριν
883 958 988 1009 ἡμῖν,
1015 954 1301 1013 ὑπομιμνῄσκω
1324 955 1451 1007 (ἡμεῖς
1475 956 1551 1007 γὰρ

223 1026 439 1078 ὀφείλομεν
454 1025 570 1077 ὑμῖν),
589 1025 680 1066 ἀλλ’
700 1027 764 1066 ἵνα
781 1025 834 1077 μὴ
854 1024 964 1065 λάθω
984 1041 1021 1065 τι
1039 1025 1176 1066 παθὼν
1200 1024 1349 1064 τούτων
1373 1022 1549 1074 ἀνάξιον·

223 1092 313 1134 οὐδὲ
336 1094 412 1146 γὰρ
437 1094 526 1144 ὑμῖν
552 1093 601 1133 ἂν
625 1092 782 1145 γένοιτο
809 1093 944 1132 καλόν.

291 1163 436 1200 Πολλὰ
461 1160 494 1200 δ’
514 1160 618 1213 ἔχων
645 1162 769 1200 εἰπεῖν
807 1160 895 1211 περὶ
928 1160 982 1200 ὧν
1011 1160 1219 1210 ὕβρισμαι,
1245 1157 1318 1211 οὐχ
1348 1156 1482 1199 ἱκανὸν
1504 1155 1550 1198 τὸ

221 1228 323 1279 ὕδωρ
344 1227 418 1279 ὁρῶ
443 1245 522 1278 μοι.
595 1227 646 1269 ὡς
670 1227 737 1267 οὖν
766 1225 931 1278 μάλιστ’
963 1225 1012 1266 ἂν
1045 1225 1222 1268 ἅπαντας
1255 1227 1354 1276 ὑμᾶς
1385 1224 1552 1277 ἡγοῦμαι

222 1298 369 1347 γνῶναι
391 1294 461 1345 τὴν
486 1294 716 1346 ὑπερβολὴν
743 1295 796 1334 ὧν
824 1292 1026 1344 ἠδικήμεθ’
1051 1293 1175 1343 ἡμεῖς,
1204 1291 1360 1345 φράσω·
1400 1293 1432 1332 εἰ
1457 1290 1549 1331 σκέ-

223 1365 346 1414 ψαιτο
365 1365 462 1414 πρὸς
481 1361 619 1402 ἑαυτὸν
637 1362 804 1403 ἕκαστος
823 1362 930 1411 ὑμῶν
946 1359 1018 1400 τίν’
1038 1362 1137 1400 οἴκοι
1157 1359 1368 1400 κατέλιπεν
1384 1358 1548 1408 οἰκέτην,

225 1428 296 1469 εἶθ’
321 1428 396 1469 ὑπὸ
419 1429 560 1470 τούτου
582 1427 797 1469 πεπονθόθ’
823 1427 961 1469 ἑαυτὸν
987 1428 1070 1477 θείη
1095 1426 1202 1467 ταῦθ’
1228 1426 1326 1478 ἅπερ
1352 1426 1462 1477 ἡμεῖς
1478 1424 1552 1466 ὑπὸ

224 1496 374 1536 τούτου.
443 1495 496 1547 μὴ
522 1497 597 1549 γὰρ
621 1497 655 1536 εἰ
682 1496 804 1548 Σύρος
829 1491 852 1545 ἢ
880 1493 1022 1545 Μάνης
1046 1491 1069 1544 ἢ
1094 1495 1153 1536 τίς
1184 1494 1353 1535 ἕκαστος
1377 1493 1550 1538 ἐκείνων,

225 1563 338 1606 οὗτος
362 1565 403 1603 δὲ
429 1564 630 1615 Φορμίων·
668 1564 776 1603 ἀλλὰ
800 1562 845 1602 τὸ
862 1565 1023 1614 πρᾶγμα
1037 1561 1169 1601 ταύτό·
1206 1563 1339 1601 δοῦλοι
1358 1562 1431 1611 μὲν
1452 1561 1549 1600 ἐκεῖ·

225 1647 299 1677 νοι,
325 1633 466 1672 δοῦλος
499 1630 531 1670 δ’
554 1630 667 1672 οὗτος
688 1629 746 1680 ἦν,
775 1629 968 1670 δεσπόται
1001 1628 1033 1668 δ’
1064 1629 1186 1679 ὑμεῖς,
1214 1628 1410 1678 δεσπότης
1439 1626 1471 1667 δ’
1504 1625 1553 1678 ἣν

225 1697 314 1749 ἐγώ.
386 1695 435 1747 ἣν
458 1699 591 1737 τοίνυν
619 1698 728 1748 ὑμῶν
764 1696 812 1737 ἂν
843 1697 1010 1738 ἕκαστος
1034 1696 1145 1745 δίκην
1175 1695 1360 1745 ἀξιώσειε
1390 1697 1550 1745 λαβεῖν,

224 1765 369 1814 ταύτην
394 1765 570 1814 νομίζετε
597 1765 711 1815 κάμοὶ
737 1762 955 1816 προσήκειν
980 1767 1062 1804 νῦν·
1103 1762 1164 1802 καὶ
1193 1762 1262 1802 τὸν
1297 1760 1552 1818 ἀφῃρημένον

225 1834 277 1885 τῷ
301 1833 547 1883 μαρτυρῆσαι
569 1833 617 1870 τὰ
635 1833 763 1883 ψευδῆ
792 1831 852 1871 καὶ
877 1831 974 1882 ὑπὲρ
999 1834 1076 1870 τῶν
1108 1830 1238 1880 νόμων
1264 1829 1326 1869 καὶ
1354 1829 1450 1880 ὑπὲρ
1474 1831 1553 1868 τῶν

226 1898 351 1949 ὅρκων
371 1898 437 1939 οὓς
456 1898 704 1948 ὀμωμοκότες
721 1897 908 1948 δικάζετε,
926 1896 1207 1949 τιμωρήσασθε
1227 1897 1289 1936 καὶ
1307 1895 1553 1947 παράδειγμα

227 1964 419 2015 ποιήσατε
457 1968 537 2006 τοῖς
573 1965 723 2011 ἄλλοις,
761 1965 1073 2016 μνημονεύοντες
1109 1961 1225 2003 πάνθ’
1263 1962 1326 2002 ὅσ’
1368 1960 1553 2012 ἀκηκόαθ’

226 2030 348 2081 ἡμῶν,
368 2032 428 2071 καὶ
446 2031 726 2084 φυλάττοντες,
755 2033 823 2072 ἐὰν
839 2030 1029 2084 παράγειν
1055 2032 1310 2083 ἐπιχειρῶσιν
1329 2031 1439 2080 ὑμᾶς,
1457 2028 1552 2080 πρὸς

228 2097 395 2138 ἕκαστον
421 2100 682 2140 ἀπαντῶντες·
723 2101 790 2140 ἐὰν
806 2098 857 2149 μὴ
879 2101 1013 2151 φῶσιν
1038 2097 1192 2137 ἅπαντα
1206 2095 1552 2149 μεμαρτυρηκέναι,

276 2216 294 2246 7
320 2207 500 2248 ὑπερίδητέ]
519 2207 681 2250 περιΐδητέ
697 2208 877 2246 Ηυεῐῐηετ,
898 2213 988 2239 reete
1006 2207 1129 2247 opinor
1300 2218 1322 2246 9
1344 2206 1451 2237 πολλὰ
1469 2206 1554 2237 ἄλλα

229 2252 389 2292 χρήσιμον
405 2251 436 2290 Q
452 2264 503 2291 γρ.
623 2262 660 2282 10
683 2252 818 2293 τριήρεις
835 2251 915 2282 secl.
934 2251 1031 2281 BlaSS
1153 2260 1187 2280 11
1215 2250 1239 2281 ε’
1257 2250 1328 2289 (Le.
1347 2249 1455 2286 πέντε)
1475 2255 1553 2278 ante

231 2294 464 2335 ἐτριηράρχησε
483 2295 600 2324 inserit
615 2294 743 2324 Reiske
760 2295 916 2334 speciose
931 2305 939 2333 ς
963 2294 1023 2325 sed
1041 2294 1081 2325 cs.
1099 2293 1238 2332 Antiph.
1257 2304 1278 2323 v
1296 2303 1334 2331 77
1456 2302 1493 2330 15
1517 2294 1554 2323 ὒν

230 2342 308 2376 post
323 2338 432 2370 ἱκανὸν
446 2338 521 2368 add.
541 2338 564 2368 S
584 2338 671 2375 vulg.
690 2349 696 2368 :
720 2339 800 2368 secl.
821 2338 942 2369 Blass:
965 2347 1028 2368 om.
1052 2337 1081 2366 D
1195 2347 1234 2376 19
1256 2335 1345 2368 ταῦθ’
1364 2335 1553 2366 Richards:

229 2380 315 2413 ταῦθ’
334 2382 429 2412 codd.
530 2391 571 2418 23
595 2387 670 2420 post
687 2383 793 2413 τοίνυν
810 2381 895 2411 duae
912 2387 1024 2411 tresve
1042 2381 1102 2410 litt.
1125 2381 1156 2410 in
1176 2380 1200 2410 S
1217 2390 1334 2410 erasae
1438 2390 1477 2416 24
1503 2392 1554 2410 και

230 2438 281 2464 μοι
298 2423 323 2454 S
457 2425 498 2454 28
522 2425 597 2465 πρὸς
615 2425 639 2455 S
653 2424 717 2462 FQ
733 2425 784 2454 D:
809 2426 858 2456 καὶ
877 2426 951 2466 πρὸς
972 2425 1143 2455 Hueuner
1158 2423 1233 2454 coll.
1247 2423 1304 2453 xxi
1321 2433 1361 2461 24

1573 840 1611 862 10

1574 1177 1611 1209 ¹5

1575 1844 1612 1876 25
