1763 2778
104 120 244 177 [1383]
660 117 1178 176 [ΔιυιοΣΘΕΝοΎΣ]
1315 101 1321 106 ’
1506 117 1584 169 [ux

261 225 373 266 εἶναι·
413 225 475 265 καὶ
500 227 536 266 οἱ
560 227 632 276 μὲν
666 225 780 275 νόμοι
807 224 945 276 ἄκυροι
974 225 1066 274 ὑμῖν
1099 223 1274 269 ἔσονται,
1303 223 1340 263 οἱ
1373 225 1414 263 δὲ
1443 222 1583 274 τρόποι

756 293 773 305 „1

259 297 337 333 τῶν
381 295 543 344 ἑταιρῶν
587 292 712 344 κύριοι
751 309 772 332 ο
813 309 848 332 τι
890 290 938 331 ἀν
984 290 1213 341 βούλωνται
1258 289 1580 341 διαπράττεσθαι.

260 360 365 400 ὥστε
393 360 454 400 καὶ
478 360 576 412 ὑπὲρ
601 363 680 399 τῶν
703 359 918 399 πολιτίδων
954 361 1154 402 σκοπεῖτε,
1181 360 1250 397 τοῦ
1271 356 1324 409 μὴ
1352 357 1583 398 ἀνεκδότους

178 443 240 477 113
260 426 451 479 γενέσθαι
474 428 545 469 τὰς
568 430 647 466 τῶν
674 425 854 476 πενήτων
887 424 1118 477 θυγατέρας.
1190 428 1258 465 νῦν
1288 426 1362 476 μὲν
1392 423 1482 476 γάρ,
1511 422 1583 463 κᾶν

261 495 441 550 ἀπορηθῇ
473 510 544 539 τις,
574 492 712 542 ἱκανὴν
744 491 872 544 προῖκ’
899 491 995 547 αὐτῇ
1015 492 1035 531 ὁ
1061 492 1180 542 νόμος
1213 490 1508 541 συμβάλλεται,
1534 489 1583 530 ἂν
1604 502 1622 535 5

263 561 324 600 καὶ
357 561 582 600 ὁπωστιοῦν
615 559 824 612 μετρίανὴ
857 559 981 610 φύσις
1018 560 1114 610 ὄψιν
1151 559 1296 612 ἀποδῷ·
1335 563 1580 610 προπηλακι-

262 626 425 668 σθέντος
459 630 502 668 δὲ
529 629 597 668 τοῦ
634 627 755 677 νόμου
786 625 854 678 ὑφ’
879 626 988 676 ὑμῶν
1019 626 1306 677 ἀποφυγούσης
1337 625 1492 675 ταύτης,
1519 623 1583 665 καὶ

99 683 239 739 [1384]
261 695 405 747 ἀκύρου
428 693 656 747 γενομένου,
674 697 880 735 παντελῶς
903 692 974 743 ἤδη
1001 692 1023 742 ἡ
1049 694 1122 742 μὲν
1141 695 1219 732 τῶν
1239 695 1394 744 πορνῶν
1415 692 1584 744 ἐργασία

259 761 345 812 ἥξει
372 763 426 803 εἷς
454 760 523 801 τὰς
555 764 633 800 τῶν
666 764 841 800 πολιτῶν
872 758 1103 811 θυγατέρας,
1130 758 1178 798 δι’
1203 759 1373 810 ἀπορίαν
1410 759 1503 798 ὅσαι
1534 757 1583 798 ἂν

259 829 311 879 μὴ
349 828 539 868 δύνωνται
577 828 797 877 ἐκδοθῆναι,
840 826 884 866 τὸ
927 828 968 867 δὲ
1009 830 1087 867 τῶν
1126 824 1346 876 ἐλευθέρων
1387 829 1583 877 γυναικῶν
1606 842 1644 864 ιο

261 895 414 946 ἀξίωμα
450 896 505 935 εἰς
544 894 613 936 τὰς
648 895 817 947 ἑταίρας,
857 893 906 934 ἂν
950 893 1086 934 ἄδειαν
1124 891 1289 944 λάβωσι
1329 896 1399 932 τοῦ
1436 891 1584 942 ἐξεῖναι

260 962 395 1004 αὐταῖς
426 964 747 1003 παιδοποιεῖσθαι
780 961 831 1003 ὡς
865 960 915 1002 ἂν
949 961 1179 1013 βούλωνται
1214 960 1276 1000 καὶ
1312 962 1484 999 τελετῶν
1522 959 1583 999 καὶ

176 1047 240 1080 114
262 1031 374 1081 ἱερῶν
402 1030 463 1069 καὶ
488 1033 610 1080 τιμῶν
634 1028 818 1082 μετέχειν
840 1032 920 1068 τῶν
947 1029 988 1068 ἐν
1008 1033 1055 1084 τῇ
1079 1028 1209 1068 πόλει.
1281 1027 1386 1067 ὥστε
1413 1026 1468 1068 εἷς
1491 1026 1581 1066 ἕκα-

261 1113 355 1138 στος
380 1097 488 1147 ὑμῶν
511 1094 715 1146 νομιζέτω,
741 1096 762 1135 ὁ
786 1098 856 1146 μὲν
882 1095 978 1147 ὑπὲρ
1005 1095 1200 1147 γυναικός,
1228 1094 1247 1133 ὁ
1275 1093 1310 1134 δ’
1332 1094 1430 1146 ὑπὲρ
1462 1095 1581 1145 θυγα-

260 1163 363 1214 τρός,
402 1163 422 1202 ὁ
458 1162 490 1203 δ’
526 1164 622 1215 ὑπὲρ
659 1163 817 1215 μητρός,
857 1163 877 1202 ὁ
915 1162 947 1202 δ’
983 1163 1078 1214 ὑπὲρ
1110 1163 1179 1211 τῆς
1215 1162 1366 1201 πόλεως
1407 1160 1469 1200 καὶ
1506 1163 1584 1200 τῶν
1606 1176 1644 1209 15

260 1231 391 1281 νόμων
417 1230 480 1270 καὶ
509 1234 588 1270 τῶν
620 1230 735 1282 ἱερῶν
767 1229 839 1279 τὴν
871 1231 1014 1281 ψῆφον
1051 1227 1201 1281 φέρειν,
1222 1231 1291 1268 τοῦ
1324 1227 1393 1279 μὴ’
1416 1227 1462 1278 ἐξ
1494 1229 1585 1268 ἴσου

262 1299 436 1349 φανῆναι
461 1297 612 1338 ἐκείνας
635 1295 858 1347 τιμωμένας
881 1296 1002 1352 ταύτῃ
1027 1296 1074 1351 τῇ
1100 1296 1239 1351 πόρνῃ,
1265 1296 1363 1346 μηδὲ
1387 1296 1456 1336 τὰς
1484 1295 1582 1345 μετὰ

260 1366 415 1414 πολλῆς
443 1364 506 1404 καὶ
541 1365 665 1414 καλῆς
699 1363 967 1416 σωφροσύνης
1001 1362 1064 1402 καὶ
1101 1361 1328 1413 ἐπιμελείας
1362 1361 1584 1413 τραφείσας

259 1431 336 1471 ὑπὸ
371 1435 447 1471 τῶν
482 1431 765 1483 προσηκόντων
803 1431 865 1470 καὶ
903 1429 1130 1471 ἐκδοθείσας
1174 1429 1270 1469 κατὰ
1306 1428 1394 1469 τοὺς
1429 1429 1581 1479 νόμους,

259 1499 404 1540 ταύτας
427 1500 470 1538 ἐν
495 1502 547 1552 τῷ
573 1499 648 1552 ’ίσῳ
676 1498 893 1549 φαίνεσθαι
922 1496 1170 1550 μετεχούσας
1205 1501 1254 1553 τῇ
1288 1497 1387 1547 μετὰ
1419 1499 1584 1536 πολλῶν
1605 1515 1645 1536 20

261 1566 324 1606 καὶ
364 1566 551 1618 ἀσελγῶν
589 1565 746 1618 τρόπων
787 1563 984 1605 πολλάκις
1024 1567 1193 1605 πολλοῖς
1233 1561 1403 1613 ἑκάστης
1436 1561 1584 1614 ἡμέρας

176 1652 237 1689 115
262 1631 598 1689 συγγεγενημένῃ,
642 1631 695 1674 ὡς
733 1632 902 1673 ἕκαστος
941 1631 1146 1682 ἐβούλετο.
1218 1631 1383 1682 ἡγεῖσθε
1419 1631 1460 1671 δὲ
1494 1627 1584 1681 μήτ’

261 1701 329 1750 ἐμὲ
354 1699 422 1740 τὸν
447 1699 623 1752 λέγοντα
647 1698 750 1740 εἶναι
771 1698 1080 1752 Ἀπολλόδωρον
1104 1698 1202 1750 μήτε
1219 1698 1309 1740 τοὺς
1328 1699 1580 1749 ἀπολογησο-

259 1765 401 1817 μένους
439 1767 502 1807 καὶ
545 1769 806 1819 συνεροῦντας
843 1768 1021 1812 πολίτας,
1067 1765 1173 1806 ἀλλὰ
1208 1765 1298 1807 τοὺς
1339 1765 1482 1816 νόμους
1521 1763 1584 1803 καὶ

262 1833 438 1885 Νέαιραν
461 1834 621 1883 ταυτηνὶ
641 1835 728 1886 περὶ
749 1838 826 1874 τῶν
845 1832 1132 1886 πεπραγμένων
1152 1832 1250 1889 αὐτῇ
1266 1831 1362 1884 πρὸς
1382 1830 1583 1881 ἀλλήλους
1604 1846 1619 1868 2
1625 1845 1642 1877 5

261 1898 498 1949 δικάζεσθαι.
560 1902 622 1941 καὶ
643 1902 737 1941 ὅταν
761 1903 834 1951 μὲν
861 1901 925 1941 ἐπὶ
950 1903 1018 1950 τῆς
1047 1901 1281 1952 κατηγορίας
1300 1898 1484 1951 γένησθε,
1505 1901 1584 1937 τῶν

261 1967 392 2017 νόμων
418 1967 543 2008 αὐτῶν
569 1968 741 2014 ἀκούετε,
769 1968 817 2008 δι’
843 1968 898 2008 ὧν
931 1969 1094 2008 οἰκεῖται
1119 1967 1142 2018 ἡ
1168 1967 1283 2008 πόλις
1316 1966 1378 2006 καὶ
1409 1964 1492 2005 καθ’
1518 1964 1585 2006 οὓς

262 2033 490 2084 ὀμωμόκατε
524 2033 715 2081 δικάσειν,
741 2035 781 2074 τί
815 2034 1022 2075 κελεύουσι
1056 2034 1119 2074 καὶ
1156 2033 1196 2073 τί
1229 2031 1582 2084 παραβεβήκασιν·

261 2100 356 2141 ὅταν
392 2103 435 2143 δὲ
470 2102 534 2142 ἐπὶ
570 2103 640 2152 τῆς
673 2101 893 2154 ἀπολογίας
930 2100 1010 2152 ἦτε,
1048 2100 1360 2152 μνημονεύοντες
1398 2099 1469 2149 τὴν
1506 2101 1584 2138 τῶν

304 2219 323 2239 2
347 2208 463 2250 ἑτέρων
479 2208 516 2240 S¹
649 2221 668 2248 4
692 2211 836 2251 γίνεσθαι
854 2210 880 2240 F
894 2209 925 2248 Q
1038 2211 1058 2240 6
1084 2212 1180 2250 ἐπιδῷ
1198 2209 1336 2246 Reiske,
1353 2218 1419 2239 non
1438 2206 1586 2246 inlepide

260 2254 281 2283 8
304 2255 470 2285 παντελῶς
501 2252 672 2293 ’γενομένου
706 2264 722 2284 r
873 2264 894 2292 9
916 2256 1058 2285 πολιτῶν
1091 2253 1216 2283 Reiske
1233 2264 1240 2283 ε
1284 2253 1455 2283 πολιτίδων
1485 2250 1583 2281 codd.

265 2305 303 2326 12
320 2295 376 2337 ὡς]
393 2295 438 2328 οῖς
457 2295 487 2325 D
551 2306 588 2335 15
607 2301 683 2336 post
700 2296 822 2329 πόλεως
840 2300 910 2327 tres
930 2296 1061 2326 litterae
1072 2295 1105 2326 in
1119 2296 1269 2327 Serasae
1341 2296 1379 2325 18
1395 2291 1584 2334 τραφείσας]

261 2349 417 2389 τραφῆναι
429 2345 467 2378 S¹
483 2358 491 2377 z
511 2343 676 2388 rpaqto‘n‘aeras
694 2346 717 2378 S
732 2357 817 2378 corr.
866 2357 909 2377 20
927 2349 960 2379 ἐν
975 2351 1019 2388 τῷ
1037 2346 1111 2387 ἴσῳ]
1129 2350 1193 2378 τῶν
1209 2348 1286 2377 ἴσων
1304 2344 1466 2376 Schaefer
1481 2378 1489 2384 ,
1510 2348 1586 2384 post

261 2392 426 2431 φαίνεσθαι
441 2391 518 2421 add.
535 2393 600 2422 τῶν
613 2392 647 2421 ἐν
657 2393 697 2432 τῇ
709 2390 801 2422 πόλει
817 2390 918 2421 Hude
998 2400 1039 2428 23
1056 2390 1132 2421 εἶναι
1150 2389 1394 2429 Ἀπολλόδωρον
1411 2388 1476 2419 del.
1496 2387 1585 2417 Her-

263 2434 402 2465 werden
470 2435 512 2464 26
536 2433 766 2473 διαδικάζεσθαι
785 2433 852 2472 FQ
921 2434 964 2464 28
987 2434 1253 2475 παραβεβήκασιν
1268 2430 1388 2475 (οὗτοι)
1402 2431 1540 2470 Jurinus
