1763 2778
151 138 255 193 xmn]
515 143 679 181 ΠΡΟΣ
721 143 1147 182 ΜΑΚΑΡΤΑΤΟΝ
1501 147 1643 202 [1063]

152 235 339 280 λεύσαντι,
381 235 440 273 καὶ
479 234 609 274 εἰδέναι
647 235 868 286 Εὐκτήμονα
913 236 1079 285 ἀδελφὸν
1123 237 1211 275 ὄντα
1256 238 1482 287 ὁμοπάτριον

152 290 327 342 Φιλάγρῳ
355 293 404 342 τῷ
433 290 544 340 πατρὶ
572 294 621 342 τῷ
650 290 900 339 Εὐβουλίδου·
929 292 989 328 καὶ
1020 291 1130 329 ὁπότε
1154 293 1176 341 ἡ
1204 293 1413 330 ἐπιδικασία
1436 292 1481 341 ἦν
1502 293 1646 348 [1064]

151 346 217 383 τοῦ
251 345 391 394 κλήρου
422 347 488 383 τοῦ
521 345 670 397 Ἀγνίου
704 345 922 395 Εὐβουλίδῃ
956 346 1048 395 πρὸς
1082 348 1293 393 Γλαύκωνα,
1330 348 1383 385 ἔτι
1416 349 1482 396 ζῆν
1634 346 1639 347 ⁷

152 399 385 448 Εὐκτήμονα,
409 401 448 436 ἐκ
473 399 745 449 πατραδελφων
772 401 923 451 ἀνεψιὸν
950 400 1037 438 ὄντα
1067 402 1265 451 Πολέμωνι
1293 406 1342 453 τῷ
1370 403 1481 452 πατρὶ

113 467 132 500 5
151 452 235 505 (τῷ)
253 454 415 506 Ἀγνίου,
440 454 499 492 καὶ
518 455 571 504 μὴ
598 456 899 504 ἀμφισβητῆσαι
926 456 1146 505 Εὐκτήμονα
1173 456 1389 507 Εὐβουλίδῃ
1416 459 1481 495 τοῦ

152 508 290 558 κλήρου
308 511 373 548 τοῦ
392 509 553 562 “Αγνίου,
575 508 664 560 μηδ’
685 510 805 548 ἄλλον
823 509 964 560 μηδένα
986 512 1079 549 κατὰ
1098 511 1202 562 γένος
1222 511 1314 550 τότε.

759 607 878 634 ΑΛΛΗ.

204 665 448 714 Μαρτυροῦσι
466 663 531 702 τὸν
549 665 690 714 πατέρα
716 663 782 703 τὸν
809 667 945 703 ἑαυτῶν
972 665 1169 714 Στράτωνα
1199 667 1362 718 συγγενῆ
1392 664 1481 703 εἶναι
1499 672 1547 706 44

150 718 349 768 Πολέμωνι
380 722 430 770 τῷ
463 719 576 768 πατρὶ
608 723 657 771 τῷ
692 719 844 771 (Αγνίου
876 720 936 757 καὶ
970 720 1172 771 Χαριδήμῳ
1206 724 1255 772 τῷ
1288 719 1399 769 πατρὶ
1432 724 1482 772 τῷ

92 789 131 812 10
149 773 373 822 Θεοπόμπου
394 773 452 811 καὶ
475 774 652 826 Φιλάγρῳ
678 778 728 826 τῷ
754 774 866 824 πατρὶ
894 778 944 826 τῷ
973 775 1220 824 Εὐβουλίδου,
1251 775 1311 812 καὶ
1339 775 1483 813 ἀκούειν

90 1339 130 1361 20

90 1939 130 1971 30

148 830 214 866 τοῦ
248 830 384 866 ἑαυτῶν
416 828 566 879 πατρός,
602 828 658 866 ὅτι
689 829 876 881 Φίλαγρος
910 829 1028 879 λάβοι
1058 831 1211 881 γυναῖκα
1239 830 1388 879 πρώτην
1415 830 1483 879 μὲν

149 883 379 934 Φυλομάχην
410 882 577 933 ἀδελφὴν
612 883 840 933 Πολέμωνος
867 885 933 923 τοῦ
961 885 1099 934 πατρὸς
1125 887 1191 923 τοῦ
1219 884 1368 936 “Αγνίου
1398 885 1482 933 ὁμο-

148 938 306 988 πατρίαν
326 937 386 975 καὶ
406 938 646 988 ὁμομητρίαν,
671 938 729 975 καὶ
748 938 924 990 γενέσθαι
943 940 1119 991 Φιλάγρῳ
1140 941 1179 976 ἐκ
1198 940 1264 988 μὲν
1283 941 1348 988 τῆς
1364 941 1482 976 Φυλο-

148 993 272 1043 μάχης
298 992 550 1042 Εὐβουλίδην,
581 992 842 1043 ἀποθανούσης
871 992 910 1031 δὲ
937 994 1166 1044 Φυλομάχης
1195 994 1319 1043 ἑτέραν
1347 994 1482 1042 λαβεῖν

148 1049 305 1099 γυναῖκα
336 1046 528 1100 Φίλαγρον
562 1048 815 1097 Τελεσίππην,
853 1047 912 1085 καὶ
944 1048 1120 1100 γενέσθαι
1157 1049 1383 1097 ὁμοπάτριον
1415 1049 1483 1097 μὲν

150 1102 315 1152 ἀδελφὸν
341 1102 559 1153 Εὐβουλίδῃ
589 1103 797 1150 Μενεσθέα,
821 1102 1048 1152 ὁμομήτριον
1072 1102 1109 1141 δὲ
1127 1103 1191 1152 μή·
1214 1102 1273 1140 καὶ
1293 1102 1482 1152 Εὐβουλί·

149 1156 213 1194 δου
252 1157 620 1207 ἀμφισβητήσαντος
661 1159 728 1196 τοῦ
767 1158 905 1207 κλήρου
945 1159 1011 1196 τοῦ
1048 1156 1198 1209 Ἁγνίου
1236 1158 1328 1195 κατὰ
1364 1158 1480 1209 γένος,

150 1212 349 1251 Μενεσθέα
384 1213 437 1262 μὴ
475 1212 777 1262 ἀμφισβητῆσαι
814 1215 880 1250 τοῦ
919 1213 1058 1262 κλήρου
1094 1213 1159 1249 τοῦ
1195 1212 1355 1264 Ἀγνίου,
1397 1209 1482 1261 μηδ’

149 1267 369 1317 Εὐκτήμονα
387 1267 452 1304 τὸν
472 1267 638 1315 ἀδελφὸν
661 1267 726 1305 τὸν
752 1268 955 1319 Φιλάγρου,
976 1266 1061 1318 μηδ’
1082 1267 1201 1305 ἄλλον
1226 1266 1364 1317 μηδένα
1392 1267 1483 1304 κατὰ

148 1322 254 1374 γένος
271 1322 364 1372 πρὸς
383 1321 623 1372 Εὐβουλίδην
641 1322 736 1360 τότε.

752 1431 873 1459 ΑΛΛΗ.

203 1490 396 1538 Μαρτυρεῖ
421 1487 486 1527 τὸν
515 1488 657 1539 ποτέρα
686 1488 750 1527 τὸν
781 1490 909 1527 ἑαυτοῦ
937 1487 1171 1538 Ἀρχίμαχον
1199 1488 1362 1539 συγγενῆ
1394 1485 1481 1524 εἶναι
1503 1497 1545 1534 45

150 1544 347 1593 Πολέμωνι
379 1546 430 1594 τῷ
462 1543 574 1593 πατρὶ
607 1548 658 1596 τῷ
692 1543 844 1595 Ἀγνίου
879 1543 939 1580 καὶ
972 1543 1174 1593 Χαριδήμῳ
1211 1545 1260 1593 τῷ
1292 1540 1402 1590 πατρὶ
1432 1544 1482 1591 τῷ

149 1598 376 1648 Θεοπόμπου
404 1598 464 1636 καὶ
493 1598 669 1651 Φιλάγρῳ
698 1601 750 1648 τῷ
777 1597 890 1647 πατρὶ
914 1598 967 1649 τῷ
989 1596 1236 1646 Εὐβουλίδου,
1261 1596 1319 1633 καὶ
1339 1595 1482 1632 ἀκούειν

148 1655 213 1692 τοῦ
232 1653 371 1703 πατρὸς
388 1655 454 1692 τοῦ
475 1656 622 1699 ἑαυτῶν,
644 1653 701 1691 ὅτι
720 1653 909 1704 Φίλαγρος
928 1653 1046 1701 λάβοι
1068 1653 1223 1703 γυναῖκα
1247 1651 1395 1700 πρώτην
1415 1651 1482 1699 μὲν

149 1708 379 1759 Φυλομάχην
398 1707 566 1758 ἀδελφὴν
587 1709 814 1758 Πολέμωνος
833 1710 899 1745 τοῦ
922 1707 1061 1756 πατρὸς
1083 1708 1148 1745 τοῦ
1167 1705 1318 1757 εΑγνιόυ
1345 1706 1482 1754 ὁμοπα-

149 1763 252 1812 τρίαν
265 1763 325 1801 καὶ
337 1764 577 1814 ὁμομητρίαν,
594 1763 653 1801 καὶ
665 1762 840 1816 γενέσθαι
853 1765 892 1800 ἐκ
907 1763 975 1812 μὲν
990 1761 1217 1811 Φυλομάχης
1232 1759 1480 1809 Εὐβουλίδην,
1637 1811 1640 1812 ⁷

150 1817 411 1868 ἀποθανούσης
442 1817 481 1856 δὲ
512 1819 740 1870 Φυλομάχης
776 1818 901 1867 ἑτέραν
935 1816 1072 1865 λαβεῖν
1104 1817 1259 1867 γυναῖκα
1291 1814 1483 1864 Φίλαγρον
1505 1811 1646 1865 [1065Δ1

150 1873 399 1923 Τελεσίππην,
433 1873 506 1911 καῖ’
523 1873 698 1925 γενέσθαι
728 1873 904 1923 Φιλάγρῳ
935 1874 975 1909 ἐκ
1005 1871 1243 1919 Τελεσίππης
1273 1868 1479 1914 Μενεσθέα,

150 1929 377 1979 ὁμοπάτριον
404 1930 473 1978 μὲν
500 1928 665 1977 ἀδελφὸν
693 1926 925 1978 Εὐβουλίδῃ,
950 1925 1178 1976 ὁμομήτριον
1207 1924 1245 1962 δὲ
1272 1924 1337 1974 μή·
1369 1925 1483 1973 ἀμφι-

149 1983 419 2033 σβητήσαντος
435 1983 474 2022 δὲ
485 1980 742 2035 (Εὐβουλίδου
754 1984 819 2021 τοῦ
834 1979 992 2032 κλήρου)
1004 1982 1071 2019 τοῦ
1083 1979 1233 2031 “Αγνίου
1255 1979 1347 2016 κατὰ
1365 1978 1481 2029 γένος,

150 2037 348 2077 Μενεσθέα
376 2037 428 2088 μὴ
458 2039 757 2088 ἀμφισβητῆσαι
785 2039 850 2075 τοῦ
881 2036 1030 2086 κλήρου,
1062 2034 1147 2084 μηδ’
1172 2033 1392 2082 Εὐκτήμονα
1419 2030 1484 2069 τὸν

151 2092 318 2142 ἀδελφὸν
349 2090 448 2143 (Toy)
480 2093 683 2145 Φιλάγρου,
703 2090 788 2144 μηδ’
817 2092 937 2129 ἄλλον
967 2089 1106 2141 μηδένα
1138 2089 1230 2127 κατὰ
1259 2088 1364 2138 γένος
1392 2087 1483 2137 πρὸς

151 2147 391 2198 Εὐβουλίδην
409 2146 504 2186 τότε.

196 2262 214 2282 2
239 2250 353 2292 ὁπότε]
373 2251 426 2283 ὅτε
442 2250 554 2290 Wyse
717 2259 736 2287 3
760 2250 837 2290 πρὸς
855 2253 1025 2281 Γλαύκωνα
1043 2247 1259 2279 Schoemann
1277 2258 1283 2277 :
1308 2245 1481 2287 προσ-κλαί-

151 2309 232 2328 ουσα
249 2296 344 2326 codd.
451 2306 470 2333 4
497 2294 623 2335 ἀνεψιὸν
640 2292 758 2324 Wolf:
781 2293 925 2334 ἀδελφὸν
939 2292 1037 2322 codd.
1157 2300 1176 2329 5
1199 2288 1280 2332 (τῷ)
1296 2290 1370 2321 add.
1384 2288 1481 2318 Blass

151 2339 409 2414 ἑξόΕὐΒβΓέἒδῖδην
424 2337 456 2367 Α
544 2347 583 2376 31
604 2339 684 2375 Εὐβ.
697 2340 754 2369 τοῦ
771 2337 890 2377 κλήρου
909 2336 984 2366 add.
1001 2335 1131 2366 Reiske
1146 2345 1188 2364 ex
1206 2337 1221 2371 ξ
1238 2344 1279 2371 44
1368 2341 1409 2370 33
1425 2332 1481 2363 τὸν

1354 2490 1393 2520 3*
