1742 2774
80 477 98 510 5

60 814 99 837 10

63 1151 100 1183 Ῑ5

62 1488 100 1510 20

63 1828 101 1860 25

119 85 222 142 xL111]
457 90 619 130 ΠΡΟΣ
666 90 837 128 ΜΑΚΑ
848 90 1002 128 ΡΤΑΤ
1013 92 1094 128 ΟΝ
1464 91 1609 148 [1050]

118 190 267 244 ἀνάγκη
300 191 398 232 ἴσως
435 191 546 230 ἐστὶν
581 191 629 229 τὰ
665 188 893 243 πραχθέντα
929 186 976 239 ἐξ
1009 190 1132 243 ἀρχῆς
1163 189 1443 243 διηγήσασθαι·

117 258 228 310 ὑμεῖς
264 274 309 300 τε
343 256 432 311 γάρ,
471 255 501 296 ὦ
536 255 675 309 ἄνδρες
710 257 904 302 δικασταί,
941 257 1035 311 ῥᾷον
1073 257 1444 309 παρακολουθήσετε
1467 276 1486 299 2

118 324 244 366 ἅπασι
267 328 349 368 τοῖς
373 324 620 378 λεγομένοις,
648 324 711 364 καὶ
736 324 843 365 οὗτοι
871 322 1220 377 ἐπιδειχθήσονται
1245 326 1323 366 οἶοί
1344 327 1447 365 εἰσιν

118 391 329 444 ἄνθρωποι,
349 392 412 433 καὶ
436 393 498 432 ὅτι
521 391 646 432 πάλαι
664 391 737 442 ἤδη
757 389 969 444 ἀρξάμενοι
987 391 1100 432 οὐδὲν
1119 392 1313 433 παύονται
1337 410 1447 433 κακο-

117 463 347 514 τεχνοῦντες
374 459 436 500 καὶ
459 459 633 511 οἰόμενοι
659 461 740 499 δεῖν
767 458 1078 511 διαπράττεσθαι
1107 459 1131 499 ὅ
1159 477 1197 500 τι
1219 458 1268 500 ἂν
1298 459 1447 516 ἐπέλθῃ

117 527 280 569 τούτοις.
340 526 506 578 δεόμεθα
543 527 611 567 οὖν
645 527 766 578 ὑμῶν,
803 525 833 567 ὦ
870 525 1005 578 ἄνδρες
1038 527 1234 573 δικασταί,
1266 526 1447 568 εὐνοϊκῶς

118 593 396 646 ἀκροάσασθαι
418 598 497 635 τῶν
510 593 739 647 λεγομένων
759 593 819 634 καὶ
835 596 1149 647 παρακολουθεῖν
1173 593 1448 648 προσέχοντας
1468 590 1598 644 [1051]

118 660 186 702 τὸν
211 664 314 702 νοῦν.
385 660 625 714 πειράσομαι
657 663 699 702 δὲ
735 661 840 713 κάγὼ
867 661 1066 702 διδάσκειν
1097 661 1148 704 ὡς
1171 660 1219 702 ἂν
1244 662 1324 704 οἷός
1356 678 1398 702 τε
1418 660 1446 701 ὦ

118 727 354 780 σαφέστατα
378 729 465 781 περὶ
489 732 567 769 τῶν
593 727 891 781 πεπραγμένων.

183 796 349 837 Τουτουὶ
374 797 449 849 γὰρ
467 799 537 836 τοῦ
550 796 688 839 παιδὸς
704 796 726 847 ἡ
752 794 891 847 μήτηρ,
912 794 942 836 ὦ
962 795 1099 848 ἄνδρες
1118 797 1314 843 δικασταί,
1342 795 1447 849 γένει
1468 807 1486 842 3

119 863 221 905 οὖσα
244 863 448 917 ἐγγυτάτω
469 862 611 918 Ἀγνίᾳ
635 868 687 918 τῷ
714 862 760 914 ἐξ
783 865 894 910 Οἴου,
922 862 1187 904 ἐπεδικάσατο
1211 868 1278 904 τοῦ
1303 863 1448 916 κλήρου

118 934 188 972 τοῦ
204 930 365 984 Ἃγνίου
392 932 487 971 κατὰ
511 931 603 973 τοὺς
627 932 770 982 νόμους
795 930 887 972 τοὺς
911 930 1132 983 ὑμετέρους·
1171 931 1234 972 καὶ
1258 935 1334 972 τῶν
1359 931 1448 971 τότε

119 997 522 1052 ἀμφισβητησάντων
554 998 649 1055 αὐτῇ
681 1001 750 1038 τοῦ
779 996 924 1050 κλήρου
957 1000 1124 1045 τουτουί,
1158 997 1265 1051 γένει
1292 1000 1364 1049 μὲν
1397 998 1448 1040 ὡς

120 1065 315 1119 ἐγγυτέρω
340 1083 399 1109 τις
417 1068 475 1117 εἴη
502 1066 629 1107 αὐτῶν
660 1067 729 1117 τῆς
759 1066 955 1119 γυναικός,
984 1065 1065 1107 οὐδ’
1094 1067 1357 1119 ἐπεχείρησεν
1382 1064 1445 1106 οὐ-

120 1133 199 1175 δεὶς
225 1134 444 1186 ἀντομόσαι
462 1132 724 1186 (ὡμολογεῖτο
747 1135 825 1186 γὰρ
855 1134 961 1186 παρὰ
986 1132 1144 1174 πάντων
1168 1136 1236 1183 τῆς
1266 1132 1448 1186 γυναικὸς

120 1200 220 1242 εἶναι
243 1200 266 1251 ἡ
293 1201 532 1254 κληρονομία
557 1202 654 1241 κατὰ
682 1199 753 1251 τὴν
779 1198 1042 1254 ἀγχιστείαν),
1064 1198 1249 1251 διαθήκας
1281 1203 1323 1242 δὲ
1347 1205 1445 1252 ψευ-
1467 1223 1488 1254 4

120 1271 200 1310 δεῖς
215 1267 311 1319 ἧκον
327 1267 695 1310 κατασκευάσαντες
713 1269 891 1311 Γλαῦκός
908 1285 952 1309 τε
973 1269 993 1307 ὁ
1007 1267 1054 1318 ἐξ
1066 1269 1164 1308 Οἴου
1181 1268 1242 1308 καὶ
1259 1268 1447 1308 Γλαύκων

121 1335 141 1375 ὁ
166 1334 341 1388 ἀδελφὸς
365 1335 495 1376 αὐτοῦ.
566 1337 630 1377 καὶ
650 1336 892 1387 Θεόπομπος
919 1336 938 1374 ὁ
963 1335 1115 1376 τουτουὶ
1135 1335 1261 1388 πατὴρ
1281 1338 1445 1387 Μακαρ-

120 1401 237 1443 τάτου
258 1403 430 1446 ἐκείνοις’
446 1403 811 1456 συγκατεσκεύαζεν
835 1403 991 1444 ἅπαντα
1016 1406 1137 1443 ταῦτα
1156 1403 1219 1442 καὶ
1246 1403 1450 1455 ἐμαρτύρει

120 1471 189 1512 τὰς
225 1471 420 1513 πλείστας
454 1472 677 1524 μαρτυρίας.
748 1472 787 1511 αἱ
824 1473 865 1511 δὲ
902 1472 1094 1521 διαθῆκαι,
1133 1470 1177 1512 ἃς
1211 1470 1299 1511 τότε
1329 1469 1444 1522 παρέ-

121 1554 284 1591 σχοντο,
313 1537 620 1592 ἐξηλέγχθησαν
655 1540 818 1591 ψευδεῖς
850 1538 979 1578 οὖσαι·
1018 1537 1078 1577 καὶ
1105 1536 1150 1577 οὐ
1177 1538 1298 1588 μόνον
1330 1536 1446 1587 ἡττή-

120 1607 262 1656 θησαν,
290 1606 396 1646 ἇλλᾶ
422 1606 485 1646 καὶ
519 1605 780 1657 πονηρότατοι
811 1604 997 1656 δόξαντες
1022 1604 1122 1645 εἶναι
1146 1603 1448 1654 ἀπηλλάττοντο

121 1671 200 1713 ἀπὸ
236 1676 306 1713 τοῦ
343 1673 613 1725 δικαστηρίου.
685 1672 747 1713 καὶ
789 1673 987 1725 ἐπιδημῶν
1021 1673 1112 1713 τότε
1151 1672 1392 1723 Θεόπομπος
1428 1673 1486 1723 ὁ5

120 1739 274 1781 τουτουὶ
299 1739 428 1793 πατὴρ
451 1738 732 1793 Μακαρτάτου,
759 1740 821 1781 καὶ
844 1744 913 1781 τοῦ
934 1739 1097 1793 κήρυκος
1118 1739 1386 1791 κηρύττοντος,
1416 1740 1452 1779 εἴ

121 1824 181 1850 τις
211 1807 490 1861 ἀμφισβητεῖν
524 1805 549 1859 ἢ
573 1807 952 1860 παρακαταβάλλειν
981 1807 1176 1859 βούλεται
1203 1810 1272 1848 τοῦ
1303 1805 1450 1858 κλήρου

122 1877 191 1915 τοῦ
213 1873 375 1928 Ἁγνίου
399 1872 422 1926 ἢ
450 1877 547 1917 κατὰ
571 1875 686 1928 γένος
718 1872 741 1926 ἢ
768 1877 865 1916 κατὰ
900 1874 1101 1926 διαθήκας,
1122 1874 1191 1915 οὐκ
1227 1875 1449 1926 ἐτόλμησεν

122 1947 490 1994 παρακαταβαλεῖν,
516 1943 609 1984 ἀλλ’
634 1943 749 1985 αὐτὸς
777 1945 899 1998 ἑαυτῷ
927 1944 1111 1984 ἐδίκασεν
1140 1942 1202 1982 ὅτι
1233 1942 1451 1993 οὐδαμόθεν

122 2009 224 2064 αὐτῷ
248 2011 452 2062 προσῆκεν
476 2010 588 2052 οὐδὲν
611 2014 680 2051 τοῦ
705 2009 851 2062 κλήρου
875 2015 944 2051 τοῦ
966 2009 1140 2063 ζΑγνιόυ.
1211 2010 1384 2063 ἐχούσης
1407 2010 1451 2050 δὲ
1469 2018 1491 2053 6

122 2079 191 2127 τῆς
214 2077 360 2130 μητρὸς
377 2081 446 2118 τοῦ
469 2077 608 2120 παιδὸς
633 2078 784 2119 τουτουὶ
810 2077 879 2119 τὸν
916 2079 1075 2130 κλῆρον,
1101 2076 1237 2127 ἐπειδὴ
1267 2077 1450 2127 ἐνίκησεν

167 2182 186 2211 8
211 2186 289 2221 post
313 2181 474 2214 διδάσκειν
497 2183 574 2213 add.
602 2184 680 2222 ὑμᾶς
704 2182 792 2223 vulg.
812 2194 818 2213 ε
843 2193 908 2213 om.
929 2182 952 2212 S
1063 2193 1084 2221 9
1107 2183 1176 2221 περὶ
1200 2184 1265 2213 τῶν
1288 2195 1320 2212 π.
1352 2179 1449 2221 σαφέ-

125 2238 230 2257 στατα
247 2225 279 2255 Α
402 2236 442 2258 10
465 2227 579 2259 τούτου
594 2226 625 2256 Α
779 2236 814 2256 11
841 2227 906 2258 οἵου
924 2226 947 2256 S
966 2225 1017 2256 hic
1035 2231 1070 2257 et
1086 2225 1173 2257 infra
1310 2235 1346 2263 15
1371 2226 1450 2263 ὡμο-

124 2267 248 2309 λόγητο
263 2268 294 2298 Α
446 2272 484 2301 18
507 2272 632 2302 τουτουὶ
648 2270 680 2299 Α
697 2281 705 2301 2
729 2270 844 2302 τούτου
862 2270 885 2300 S
897 2270 921 2300 F
937 2270 967 2308 Q
983 2270 1012 2299 D
1157 2280 1196 2308 19
1221 2269 1347 2300 ἐκείνοις
1365 2267 1449 2298 SA:

124 2312 200 2343 add.
220 2313 255 2345 ὃς
271 2312 363 2352 vulg.
509 2324 551 2353 24
569 2316 620 2346 καὶ
638 2324 704 2347 om.
721 2313 762 2354 A,
783 2313 849 2344 del.
872 2313 1054 2351 Schaeser;
1079 2313 1140 2344 sed
1160 2313 1201 2344 cf.
1221 2313 1279 2342 xlii
1301 2322 1347 2342 11.
1371 2312 1446 2348 Lys.

125 2355 183 2385 xix
205 2365 253 2395 11,
274 2356 380 2388 Isocr.
399 2356 433 2387 ix
450 2366 492 2396 55
581 2367 623 2396 27
645 2357 954 2398 παρακαταβάλλειν
973 2356 1010 2388 F¹
1103 2358 1145 2387 28
1170 2359 1328 2398 προσῆκεν
1345 2354 1448 2394 οὐδὲν]

124 2403 285 2435 προσῆκον
300 2400 333 2431 Α
441 2411 483 2440 29
504 2401 619 2433 τούτου
634 2400 666 2431 Α
