1763 2778
157 138 233 193 ux]
583 141 742 179 ΚΑΤΑ
791 140 1060 178 ΝΕΑΙΡΑΣ
1502 137 1648 193 [1369]

703 281 933 308 ΔΙΑΛΛΑΓΑῙ.

209 347 294 386 Ἐπὶ
313 346 440 385 τοῖσδε
459 346 664 396 διήλλαξαν
684 346 877 394 Στεφανον
898 346 957 383 καὶ
971 344 1186 384 Επαινετον
1202 347 1236 383 οἱ
1252 345 1483 393 διαλλακταί,

155 405 227 441 τῶν
254 403 323 452 μὲν
350 402 601 454 γεγενημένων
629 401 712 450 περὶ
739 401 803 439 τὸν
833 401 981 452 εἱργμὸν
1009 401 1191 450 μηδεμίαν
1219 417 1346 450 μιειαν
1375 402 1481 451 ἔχειν,

156 456 370 495 Ἐπαίνετον
398 456 436 494 δὲ
466 457 590 494 δοῦναι
617 456 740 507 χιλίας
769 455 934 506 δραχμὰς
960 457 1077 493 Φανοῖ
1101 458 1150 494 εἷς
1177 454 1334 501 ἔκδοσιι,
1361 455 1484 504 ἐπειδὴ

119 522 136 554 5
157 512 331 562 κέχρηται
351 512 445 561 αὒτῃ
429 512 654 550 πολλάκις
685 511 878 558 Στεφανον
898 510 936 547 δὲ
955 510 1129 561 παρέχειν
1148 511 1256 548 Φανὼ
1272 509 1483 562 Ἐπαινέτω,

157 566 296 604 ὁπόταν
316 565 475 617 ἐπιδημῇ
495 565 555 604 καὶ
573 566 763 614 βούληται
782 567 944 603 συνεῖναι
964 566 1068 616 αὐτῇ.

221 668 307 719 Τὴν
338 669 469 709 τοίνυν
499 672 726 721 περιφανῶς
755 666 1011 720 ἐγνωσμένην
1041 666 1158 719 ξένην
1187 667 1288 708 εἶναι
1322 668 1384 708 καὶ
1417 667 1482 720 ἐφ’
1503 684 1546 719 72

155 734 181 793 ᾗ
213 734 356 789 μοιχὸν
385 735 497 776 οὗτος
530 735 730 786 ἐτόλμησε
758 738 916 786 λαβεῖν,
945 736 998 777 εἷς
1024 738 1218 776 τοσοῦτον
1241 736 1395 786 ὕβρεως
1421 736 1483 776 καὶ

156 803 353 845 ἀναιδείας
383 802 503 854 ἦλθεν
533 801 739 854 Στέφανος
769 803 906 843 οὑτοσὶ
939 801 1003 842 καὶ
1032 801 1186 854 Νέαιρα
1223 803 1348 852 αὑτηί,
1380 803 1484 843 ὥστε

99 888 136 910 10
157 870 384 921 ἐτόλμησαν
407 869 458 921 μὴ
486 870 644 922 ἀγαπᾶν
670 871 704 910 εἶ
728 869 909 922 ἔφασκον
935 868 1057 920 αὐτὴν
1085 868 1213 919 ἀστὴν
1240 869 1350 916 εἶναι,
1376 870 1484 910 ἀλλὰ

157 937 380 979 κατιδόντες
405 936 612 989 Θεογένην
639 937 882 988 Κοιρωνίδην
907 937 1087 989 λαχόντα
1110 935 1303 987 βασιλέα,
1337 936 1484 989 ἄνθρω-

156 1021 232 1045 πον
286 1004 424 1056 εὐγενῆ
480 1003 566 1054 μέν,
611 1002 759 1053 πένητα
810 1006 853 1044 δὲ
901 1004 962 1044 καὶ
1014 1003 1176 1055 ἄπειρον
1228 1002 1482 1056 πραγμάτων,

158 1071 559 1124 συμπαραγενόμενος
601 1070 703 1125 αὐτῷ
746 1069 1037 1125 δοκιμαζομένῳ
1081 1071 1143 1111 καὶ
1185 1069 1484 1123 συνευπορήσας

158 1137 442 1189 ἀναλωμάτων,
474 1138 540 1178 ὅτε
576 1136 701 1194 εἰσῄει
737 1139 792 1180 εἷς
825 1137 896 1188 τὴν
926 1137 1065 1191 ἀρχήν,
1096 1137 1302 1191 Στέφανος
1330 1139 1482 1185 οὑτοσί,

100 1216 137 1248 Ι5
159 1206 221 1246 καὶ
245 1206 428 1246 ὑπελθὼν
454 1205 516 1245 καὶ
539 1204 610 1255 τὴν
635 1205 762 1259 ἀρχὴν
785 1205 876 1257 παρ’
903 1205 1019 1245 αὐτοῦ
1044 1204 1267 1258 πριάμενος,
1293 1204 1484 1258 πάρεδρος

158 1273 381 1326 γενόμενος,
414 1273 552 1313 δίδωσι
584 1271 654 1322 τὴν
682 1272 889 1325 ἄνθρωπον
922 1272 1066 1323 ταύτην
1101 1276 1277 1325 γυναῖκα,
1309 1272 1380 1323 τὴν
1416 1275 1485 1323 τῆς

158 1340 330 1392 Νεαίρας
365 1338 570 1392 θυγατέρα,
611 1339 672 1380 καὶ
710 1341 830 1395 ἐγγυᾷ
867 1339 1072 1392 Στέφανος
1106 1341 1244 1380 οὑτοσὶ
1281 1339 1332 1382 ὡς
1367 1341 1485 1380 αὑτοῦ

159 1406 353 1459 θυγατέρα
376 1407 514 1447 οὖσαν·
552 1407 652 1447 οὕτω
679 1406 781 1447 πολὺ
805 1411 882 1447 τῶν
900 1407 1032 1457 νόμων
1057 1407 1119 1447 καὶ
1147 1408 1255 1458 ὑμῶν
1288 1408 1482 1460 κατεφρό-

158 1491 294 1525 νησεν.
367 1474 428 1514 καὶ
465 1475 559 1524 αὕτη
589 1474 611 1525 ἡ
646 1473 743 1526 γυνὴ
776 1474 866 1525 ὑμῖν
892 1473 979 1515 ἔθυε
1016 1475 1064 1514 τὰ
1093 1473 1241 1526 ἄρρητα
1271 1476 1355 1526 ἱερὰ
1386 1476 1483 1526 ὑπὲρ
1503 1489 1546 1526 73

98 1558 139 1580 20
158 1543 226 1592 τῆς
262 1541 430 1588 πόλεως,
469 1542 530 1582 καὶ
568 1541 669 1582 εἶδεν
705 1542 729 1582 ἃ
765 1540 810 1581 οὐ
844 1543 1045 1593 προσῆκεν
1081 1541 1202 1592 αὐτὴν
1239 1542 1332 1594 ὁρᾶν
1368 1540 1484 1592 ξένην

158 1609 296 1654 οὖσαν,
324 1609 386 1649 καὶ
418 1608 575 1659 τοιαύτη
610 1608 712 1649 οὖσα
749 1609 936 1659 εἰσῆλθεν
972 1609 1012 1649 οἳ
1045 1608 1171 1651 οὐδεὶς
1206 1608 1331 1651 ἄλλος
1363 1608 1482 1659 Ἀθη-

157 1677 277 1717 ναίων
302 1675 506 1716 τοσούτων
530 1677 654 1716 ὄντων
686 1675 911 1728 εἰσέρχεται
943 1675 1034 1716 ἀλλ’
1066 1672 1089 1727 ἢ
1120 1676 1143 1726 ἡ
1176 1679 1246 1716 τοῦ
1278 1675 1483 1727 βασιλέως

157 1741 268 1796 γυνή,
312 1741 542 1794 ἐξώρκωσέν
579 1760 622 1784 τε
661 1742 732 1785 τὰς
774 1741 942 1795 γεραρὰς
981 1744 1051 1786 τὰς
1091 1743 1362 1794 ὑπηρετούσας
1402 1747 1483 1784 τοῖς

159 1812 289 1862 ἱεροῖς,
317 1809 476 1861 ἐξεδόθη
514 1812 557 1851 δὲ
590 1814 643 1864 τῷ
679 1810 862 1865 Διονύσῳ
900 1809 1009 1862 γυνή,
1045 1809 1189 1862 ἔπραξε
1216 1813 1257 1851 δὲ
1288 1812 1385 1863 ὑπὲρ
1415 1813 1483 1861 τῆς
1503 1814 1644 1868 [1370]

98 1893 135 1926 25
157 1877 312 1919 πόλεως
343 1878 391 1917 τὰ
424 1876 568 1929 πάτρια
596 1876 643 1917 τὰ
669 1880 764 1930 πρὸς
789 1877 878 1919 τοὺς
904 1878 1028 1923 θεούς,
1055 1879 1190 1918 πολλὰ
1215 1878 1277 1918 καὶ
1302 1878 1396 1930 ἅγια
1419 1878 1483 1918 καὶ

157 1945 369 1996 ἀπόρρητα.
439 1944 463 1984 ἃ
493 1946 535 1984 δὲ
567 1943 654 1995 μηδ’
691 1945 857 1985 ἀκοῦσαι
893 1947 1016 1985 πᾶσιν
1051 1945 1134 1985 οἶόν
1170 1944 1203 1984 τ’
1237 1946 1363 1992 ἐστίν,
1401 1949 1483 1987 πῶς

159 2011 324 2062 ποιῆσαί
357 2028 404 2064 γε
438 2011 484 2067 τῇ
522 2011 763 2067 ἐπιτυχούσῃ
802 2011 980 2063 εὐσεβῶς
1021 2012 1119 2066 ἔχει,
1160 2011 1294 2054 ἄλλως
1333 2029 1377 2054 τε
1419 2012 1482 2053 καὶ

157 2078 316 2135 τοιαύτῃ
341 2078 495 2131 γυναικὶ
520 2078 581 2118 καὶ
605 2082 766 2118 τοιαῦτα
791 2078 887 2131 ἔργα
913 2078 1259 2135 διαπεπραγμένῃ;

206 2197 219 2217 1
246 2192 418 2219 ΑΛΛΑΓΑΙ
436 2186 460 2217 S
550 2188 569 2217 8
595 2187 771 2228 ἐτόλμησε]
790 2189 845 2219 οὐκ
858 2187 1020 2228 ἐτόλμησε
1036 2188 1065 2218 D
1082 2187 1238 2229 (Reiske)
1333 2199 1372 2220 10
1389 2188 1482 2220 ἐτόλ-

155 2244 262 2271 μησαν
286 2230 366 2262 Secl.
394 2231 522 2261 Reiske
640 2231 682 2272 εἰ]
707 2231 802 2271 μόνον
825 2234 852 2263 εἰ
878 2232 964 2272 Ργρ.
979 2231 1069 2273 Ωγρ.
1230 2241 1265 2262 ΙΙ
1294 2233 1482 2273 Κοιρωνίδην

155 2274 310 2312 Voemel‚
346 2274 535 2305 Kirchner:
577 2276 755 2313 Κοθωκίδην
786 2275 896 2314 codd.‚
925 2277 985 2306 sed
1009 2276 1050 2308 cf.
1079 2278 1094 2314 ᾗ
1118 2277 1161 2315 84
1306 2285 1343 2315 15
1369 2275 1482 2315 αὐτοῦ]

156 2318 272 2349 τούτου
294 2320 392 2349 αὐτοῦ
414 2317 440 2348 F
454 2317 610 2359 7p.Q7p.
774 2320 811 2348 16
834 2318 1007 2359 ’γενόμενος
1032 2319 1055 2349 S
1210 2329 1251 2350 22
1276 2319 1349 2351 ἀλλ’
1383 2320 1402 2357 7‘7
1429 2319 1482 2349 vel

157 2362 236 2393 ἀλλ’
251 2362 270 2399 ἢ
286 2362 385 2391 codd.
408 2361 496 2401 (sine
512 2362 633 2401 spiritu
651 2360 690 2402 S)
706 2372 712 2391 :
737 2362 812 2394 ἀλλ’
829 2363 848 2400 ἢ
866 2363 885 2400 ἡ
902 2361 1038 2392 Bekker
1169 2372 1210 2401 23
1234 2362 1409 2404 ’γεραρὰς-Υ
1423 2373 1438 2392 r
1452 2362 1481 2392 D

158 2404 437 2443 Harpocrationis
455 2405 529 2435 cod.
551 2405 599 2435 N:
615 2406 761 2446 γεραιρὰς
778 2405 802 2435 S
817 2406 904 2443 (sine
917 2407 1075 2445 accentu)
1088 2405 1127 2443 Q.
1140 2406 1246 2438 Bekk.
1259 2407 1388 2436 Anecd.
1405 2415 1478 2443 231.

157 2457 198 2485 32
213 2458 220 2478 ε
243 2448 389 2489 ’γεραίρεις
404 2448 442 2479 F.
462 2448 581 2479 eadem
598 2448 686 2480 infra
698 2451 730 2487 (5
745 2448 800 2489 78)
818 2449 1006 2488 scripturae
1023 2450 1200 2481 diversitas
1321 2450 1363 2480 26
1386 2452 1482 2481 πᾶσιν

157 2501 223 2522 om.
239 2491 264 2522 F
