1746 2774
785 328 815 364 B

325 427 490 476 ΠΕΡΙ
533 427 676 476 ΤΗΣ
711 426 904 475 mm}
947 412 1295 474 ΚΑΘοΔοΥ

215 538 478 590 Δημοσθένης
509 544 556 595 τῇ
586 543 717 595 βουλῃ
748 539 809 579 καὶ
845 543 898 595 τῷ
936 541 1043 594 δημῷ
1076 539 1243 591 χαίρειν.
1293 538 1473 588 ἐνόμιζον

145 608 217 658 μὲν
253 604 324 659 ἀφ’
360 607 415 646 ὧν
451 606 749 657 ἐπολιτευόμην,
788 606 862 661 οὐχ
897 607 1003 648 ὅπως
1037 608 1159 656 μηδὲν
1193 606 1293 657 ὑμᾶς
1329 606 1473 645 ἀδικῶν

109 691 126 723 5
146 676 307 713 τοιαῦτα
335 674 561 720 πείσεσθαι,
593 672 700 713 ἀλλὰ
730 673 792 713 καὶ
822 673 947 726 μέτρι’
975 672 1205 725 ἐξαμαρτὼν
1237 672 1473 725 συγγνώμης

146 739 366 791 τεύξεσθαι.
439 740 572 790 ἐπειδὴ
598 739 630 780 δ’
656 741 777 782 οὕτως
802 740 980 793 γέγονεν,
1008 741 1080 783 ἕως
1104 743 1176 791 μὲν
1205 741 1338 792 ἑώρων
1359 740 1470 790 ὑμᾶς,

147 807 328 859 οὐδεμιᾶς
352 805 591 857 ἀποδείξεως
615 811 789 859 φανερᾶς
815 807 893 847 οὐδ’
918 807 1088 860 ἐλέγχου
1114 806 1348 859 γιγνομένου
1366 805 1472 858 παρὰ

146 876 215 925 τῆς
243 877 408 926 βουλῆς,
444 873 541 927 πρὸς
577 873 624 915 τὰ
660 875 802 925 ταύτης
838 875 1040 927 ἀπόρρητα
1077 874 1474 927 καταψηφιζομένους

146 941 343 988 ἁπάντων,
379 942 493 983 οὐδὲν
523 943 745 982 ἐλαττόνων
777 946 1028 995 παραχωρεῖν
1064 943 1162 993 ὑμᾶς
1198 942 1415 994 ἡγούμενος
1450 938 1472 991 ἢ

86 1024 126 1046 10
146 1008 314 1060 ἐμαυτὸν
342 1009 662 1061 ἀποστερεῖσθαι,
695 1008 877 1061 στέργειν
909 1009 1094 1066 ᾑρούμην·
1165 1009 1209 1049 τὸ
1239 1008 1314 1061 γὰρ
1338 1010 1395 1051 οῖς
1427 1007 1474 1049 ἂν

145 1076 168 1127 ἡ
203 1075 333 1128 βουλὴ
371 1075 486 1133 φήσῃ
528 1076 618 1118 τοὺς
658 1076 912 1127 ὀμωμοκότας
954 1078 1143 1118 δικαστὰς
1185 1077 1474 1129 προστίθεσθαι

144 1146 335 1196 μηδεμιᾶς
371 1142 607 1194 ἀποδείξεως
641 1144 840 1196 ῥηθείσης,
877 1146 946 1195 τῆς
982 1146 1184 1186 πολιτείας
1222 1147 1474 1197 παραχωρεῖν

1495 1224 1514 1247 to

145 1209 207 1261 ἦν.
268 1210 403 1262 ἐπειδὴ
423 1213 467 1253 δὲ
484 1214 614 1252 καλῶς
639 1215 841 1253 ποιοῦντες
865 1210 1048 1267 ᾔσθησθε
1071 1210 1142 1261 τὴν
1167 1212 1402 1251 δυναστείαν
1425 1211 1474 1261 ἥν

145 1295 249 1320 τινες
273 1281 351 1318 τῶν
377 1280 419 1319 ἐν
444 1279 490 1335 τῇ
517 1279 647 1334 βουλῇ
665 1277 990 1328 κατεσκευάζονθ’
1015 1280 1178 1324 ἑαυτοῖς,
1202 1278 1264 1318 καὶ
1284 1276 1380 1330 πρὸς
1403 1278 1474 1320 τὰς

88 1363 124 1394 15
145 1344 364 1396 ἀποδείξεις
376 1345 467 1387 τοὺς
490 1346 646 1398 ἀγῶνας
672 1346 833 1398 κρίνετε,
854 1344 903 1386 τὰ
928 1344 959 1385 δ’
985 1346 1188 1398 ἀπόρρητα
1214 1341 1300 1397 (rb)
1324 1345 1474 1385 τούτων

146 1411 408 1464 ἐπιτιμήσεως
433 1411 508 1463 ἄξι’
534 1411 739 1464 ηὑρήκατε,
767 1412 874 1463 οἶμαι
898 1415 993 1458 δεῖν,
1021 1413 1090 1452 ἐὰν
1116 1413 1178 1452 καὶ
1206 1412 1298 1463 ὑμῖν
1323 1417 1471 1463 βουλο-

143 1479 278 1531 μένοις
315 1478 347 1537 ᾗ,
391 1481 460 1530 τῆς
502 1480 635 1530 ὁμοίας
678 1483 811 1533 τυχεῖν
854 1481 1050 1532 σωτηρίας
1091 1483 1172 1521 τοῖς
1213 1482 1290 1519 τῶν
1328 1480 1472 1530 ὁμοίων

145 1547 280 1587 αἶτιῶν
316 1547 591 1601 τετυχηκόσιν,
632 1545 696 1586 καὶ
734 1546 787 1598 μὴ
829 1547 950 1598 μόνος
987 1545 1035 1586 δι’
1075 1546 1203 1587 αἰτίαν
1239 1549 1366 1599 ψευδῆ
1404 1549 1473 1597 τῆς
1513 1592 1518 1596 ,

146 1616 331 1667 πατρίδος
357 1614 419 1654 καὶ
443 1617 520 1654 τῶν
544 1615 670 1654 ὄντων
692 1613 754 1654 καὶ
779 1616 949 1665 τῆς-τῶν
978 1613 1229 1654 οἰκειοτάτων
1262 1615 1472 1664 συνηθείας

85 1700 124 1721 20
144 1682 476 1734 ἀποστερηθῆναι.

212 1750 386 1790 Εἰκότως
413 1748 446 1789 δ’
471 1748 520 1789 ἂν
543 1749 646 1800 ὑμῖν,
674 1747 703 1789 ὦ
730 1749 868 1802 ἄνδρες
891 1747 1108 1800 Ἀθηναῖοι,
1135 1748 1250 1800 μέλοι
1278 1750 1348 1799 τῆς
1376 1749 1470 1799 ε’μῆς
1492 1759 1512 1793 3

146 1816 343 1868 σωτηρίας
367 1815 412 1856 οὐ
434 1816 557 1868 μόνον
582 1818 679 1856 κατὰ
704 1816 807 1856 τοῦθ’
834 1817 893 1856 ὄτι
919 1816 1031 1857 οὐδὲν
1055 1817 1154 1867 ὑμᾶς
1186 1817 1330 1856 ἀδικῶν
1363 1817 1469 1856 δεινὰ
1491 1814 1634 1869 [1468]

145 1882 337 1930 πέπονθα,
373 1883 481 1923 ἀλλὰ
515 1883 578 1924 καὶ
606 1885 675 1934 τῆς
703 1885 807 1936 παρὰ
835 1887 917 1925 τοῖς
948 1883 1089 1926 ἄλλοις
1120 1883 1340 1935 ἀνθρώποις
1369 1882 1469 1923 ἕνεκ’

146 1949 334 2000 εὐδοξίας.
404 1950 456 2001 μὴ
505 1949 592 2003 γάρ,
642 1952 675 1991 εἰ
720 1951 855 2001 μηδεὶς
901 1952 1001 2001 ὑμᾶς
1048 1948 1336 2006 ἀναμιμνήσκει
1381 1949 1472 1992 τοὺς

85 2034 124 2065 25
145 2017 311 2070 χρόνους
342 2019 441 2068 μηδὲ
473 2017 563 2059 τοὺς
589 2017 744 2070 καιροὺς
771 2019 813 2057 ἐν
838 2018 896 2059 οἷς
920 2019 968 2057 τὰ
991 2016 1148 2069 μέγιστ’
1172 2017 1251 2069 ἐγὼ
1275 2015 1472 2070 χρήσιμος

145 2082 193 2134 ἦν
216 2088 265 2141 τῇ
288 2084 417 2131 πόλει,
444 2084 533 2126 τοὺς
565 2083 713 2125 ἄλλους
732 2083 938 2134 ’Έλληνας
971 2085 1129 2137 ἀγνοεῖν
1162 2084 1350 2135 νομίζετε,
1381 2084 1470 2136 μηδ’
1490 2101 1512 2134 4

152 2207 157 2212 ’
187 2193 366 2225 Τιτυιυεε
392 2194 470 2226 ἰδίας
484 2194 593 2232 codd.‚
609 2194 774 2232 Hermog.
794 2204 828 2233 p.
842 2195 905 2233 364
922 2193 1044 2234 (RabeJ
1063 2205 1069 2224 :
1094 2195 1207 2225 ἑαυτοῦ
1226 2194 1389 2233 Harpocr.
1407 2204 1469 2225 s.v.

145 2238 317 2279 καλαύρεια
406 2247 424 2276 5
450 2239 500 2269 καὶ
526 2237 626 2278 μέτρι’
651 2238 690 2269 ἂν
711 2238 808 2268 codd.
828 2249 835 2268 :
859 2238 917 2269 κᾶν
943 2237 1043 2278 μέτρι’
1069 2236 1187 2268 Blass:
1212 2238 1250 2269 ἂν
1273 2248 1337 2276 ego
1361 2238 1470 2268 delevi

144 2291 167 2320 9
191 2281 373 2313 ἐλαττόνων
396 2280 493 2311 Blass
526 2286 690 2311 commate
721 2287 797 2320 post
827 2280 975 2313 ἁπάντων
1003 2281 1172 2319 reposito:
1205 2281 1342 2313 ἔλαττον
1373 2282 1470 2313 codd.

150 2335 188 2355 10
211 2325 352 2367 ᾑρούμην
377 2324 403 2354 F
422 2334 507 2354 corr.
531 2325 599 2365 (me
624 2323 738 2364 teste),
771 2326 961 2355 coniecerat
990 2324 1175 2355 Schaefer:
1199 2324 1345 2364 ἡγούμην
1373 2330 1470 2356 cett.:

147 2370 210 2400 δεῖν
238 2369 382 2409 ἡγούμην
410 2366 512 2398 &Vols
679 2377 714 2398 11
742 2369 829 2410 φήσῃ
857 2367 909 2406 Q:
934 2369 1063 2409 φησιζν)
1094 2367 1118 2398 S
1135 2366 1176 2397 F1
1202 2368 1302 2409 φήσαι
1330 2368 1355 2398 F
1383 2378 1469 2399 corr.

150 2420 187 2449 15
204 2412 245 2443 τὰ
261 2412 373 2442 addidi
508 2412 549 2441 26
572 2411 590 2449 ἧ
610 2410 648 2441 S1
