1763 2778
157 92 295 147 ὓ426]

158 1684 296 1739 [1427]

734 97 1220 135 ΔΙΙΜΟΣΘΕΝΟΎΣ

315 195 492 236 λούντων
518 197 639 242 ἐστίν,
667 195 712 235 τὸ
737 198 778 236 δὲ
813 195 1105 246 συμβουλεύειν
1132 195 1219 248 περὶ
1244 200 1321 236 τῶν
1351 197 1555 248 παρόντων
1582 198 1644 239 καὶ

317 262 597 314 γενησομένων
622 263 861 314 προτίθεται..
901 263 1040 302 οὐκοῦν
1064 262 1109 302 οὐ
1133 255 1333 315 λοιδορίας
1349 264 1439 305 οὐδὲ
1454 263 1644 316 μέμψεως

317 330 337 368 ὁ
379 330 514 381 παρὼν
555 330 701 381 καιρός,
735 328 842 370 ἀλλὰ
877 331 1110 380 συμβουλῆς
1149 329 1252 370 εἶναί
1286 347 1355 381 μοι
1395 332 1511 372 δοκεῖ.
1584 330 1644 372 διὸ

317 395 557 448 πειράσομαι
580 399 652 447 μὲν
678 395 949 448 φυλάξασθαι,
980 394 1002 436 ὃ
1037 397 1189 438 τούτοις
1215 397 1392 448 ἐπιτιμῶ,
1427 397 1478 449 μὴ
1504 401 1644 439 παθεῖν

316 463 443 509 αὐτός,
472 463 775 514 συμβουλεύσαι
800 460 834 504 δ’
857 462 882 503 ἃ
907 462 1097 516 κράτιστα
1115 464 1258 515 νομίζω
1283 465 1371 518 περὶ
1395 468 1472 506 τῶν
1497 465 1641 518 παρόν-

315 546 406 570 των.

959 657 1011 694 IB

382 745 524 786 Οὐδέν’
567 743 634 798 ἂν)
659 747 871 793 ἀντειπεῖν,
899 744 928 786 ὦ
955 745 1093 798 ἄνδρες
1116 745 1335 797 Ἀθηναῖοι,
1353 748 1510 798 νομίζω,
1530 747 1581 790 ὡς
1600 747 1644 788 οὐ

318 817 435 853 κακοῦ
460 813 625 854 πολίτου
663 813 724 853 καὶ
751 813 908 865 φαύλου
942 813 1015 863 τὴν
1049 814 1210 865 γνώμην
1234 815 1373 865 ἀνδρός
1409 816 1521 855 ἐστιν
1544 815 1644 855 οὕτω

317 881 403 920 τινὰ
427 883 562 930 μισεῖν
587 876 610 931 ἢ
636 883 773 932 φιλεῖν
798 884 875 921 τῶν
896 880 959 921 ἐπὶ
978 882 1026 921 τᾶ
1047 882 1156 920 κοινὰ
1175 881 1423 932 προσιόντων
1449 881 1553 922 ὥστε
1578 885 1646 922 τοῦ

316 952 363 1003 τῇ
389 947 504 987 πόλει
536 947 756 998 βελτίστου
791 949 914 998 μηδὲν
951 947 1187 1000 φροντίζειν,
1223 948 1330 988 ἀλλὰ
1359 946 1408 988 τὰ
1439 950 1512 999 μὲν
1547 947 1645 1000 πρὸς

317 1012 514 1066 ἐπήρειαν,
542 1015 590 1054 τὰ
616 1016 655 1054 δὲ
682 1013 776 1066 πρὸς
803 1015 945 1066 φιλίαν
980 1017 1233 1067 δημηγορεῖν·
1268 1015 1294 1056 ἃ
1330 1018 1511 1056 ποιοῦσιν
1547 1015 1646 1057 ἔνιοι

315 1084 392 1121 τῶν
434 1081 538 1133 δευρὶ
575 1082 810 1133 παριόντων.
885 1082 963 1134 ἐγὼ
995 1085 1037 1123 δὲ
1079 1082 1230 1123 τούτοις
1266 1084 1340 1133 μὲν
1371 1086 1562 1123 τοσοῦτον
1597 1082 1645 1124 ἂν

318 1149 476 1199 εἴποιμι,
504 1149 566 1188 ὅτι
593 1165 659 1199 μοι
689 1151 872 1189 δοκοῦσιν
906 1147 986 1188 οὐδ’
1024 1150 1060 1190 εἴ
1092 1166 1129 1189 τι
1165 1147 1431 1200 πεποιήκασιν
1467 1153 1644 1191 τοιοῦτον

314 1214 474 1267 μέγισθ’
520 1214 796 1267 ἡμαρτηκέναι,
845 1215 937 1256 ἀλλ’
985 1217 1045 1256 ὅτι
1091 1219 1283 1266 δηλοῦσιν
1330 1215 1508 1258 οὐδέποτ’
1556 1217 1644 1258 οὐδὲ

317 1282 550 1323 παύσασθαι
583 1282 963 1334 παρεσκευασμένοι.
1035 1284 1124 1334 ὑμῖν
1154 1286 1194 1324 δὲ
1221 1288 1397 1335 παραινῶ
1433 1283 1486 1335 μὴ
1512 1291 1643 1337 προϊε-

315 1347 456 1399 μένους
480 1350 579 1400 ὑμᾶς
604 1349 743 1392 αὐτοὺς
769 1349 903 1391 ἱκανὸν
928 1355 1041 1390 τοῦτο
1075 1351 1260 1401 νομίζειν,
1288 1352 1409 1401 δίκην,
1437 1352 1531 1391 ὅταν
1555 1352 1645 1402 ὑμῖν

317 1414 423 1472 δόξῃ,
451 1415 556 1468 παρὰ
581 1416 728 1457 τούτων
751 1421 910 1468 λαβεῖν,
937 1416 1045 1458 ἀλλὰ
1071 1418 1133 1458 καὶ
1159 1418 1330 1464 τούτους,
1357 1419 1456 1458 ὅσον
1475 1418 1584 1458 ἐστὶν
1601 1419 1645 1458 ἐν

316 1483 417 1534 ὑμῖν,
460 1483 637 1530 κωλύειν,
675 1484 737 1523 καὶ
775 1484 925 1531 αὐτούς,
971 1485 1106 1536 ὥσπερ
1139 1485 1237 1537 ὑπὲρ
1267 1485 1420 1527 πόλεως
1455 1483 1646 1537 προσήκει

316 1550 643 1601 βουλευομένους,
684 1552 754 1592 τὰς
793 1552 892 1591 ἰδίας
933 1551 1148 1593 ἀνελόντας
1186 1553 1410 1605 φιλονικίας
1449 1551 1496 1592 τὸ
1534 1557 1645 1609 κοινῇ

315 1615 535 1667 βέλτιστον
573 1621 822 1664 σκοπεῖσθαι,
863 1617 1172 1669 ἐνθυμουμένους
1208 1620 1267 1659 ὅτι
1292 1618 1431 1665 οὐδείς,
1461 1618 1541 1659 οὐδ’
1565 1618 1646 1670 ἅμα

317 1683 460 1725 πάντες
497 1686 533 1724 οἱ
569 1685 879 1735 πολιτευόμενοι,
917 1690 996 1726 τῶν
1031 1686 1174 1736 νόμων,
1214 1684 1279 1738 ἐφ’
1313 1686 1371 1728 οἷς
1403 1687 1513 1737 ὑμεῖς
1537 1686 1644 1733 ε’στε,

317 1748 508 1807 ἀξιόχρεῴ
533 1752 613 1791 εἰσι
638 1751 938 1804 διαφθαρέντων
962 1752 1072 1803 δίκην
1095 1755 1241 1793 δοῦναι.

954 1896 1003 1933 ΙΓ

377 1974 498 2018 Ἴσως
528 1977 747 2029 ἐπίφθονον
782 1975 829 2017 ἄν
865 1993 983 2023 τισιν,
1022 1974 1051 2016 ὦ
1084 1976 1221 2029 ἄνδρες
1247 1976 1463 2027 Ἀθηναῖοι,
1495 1977 1645 2028 δόξειεν

318 2042 430 2088 εἶναι,
458 2044 573 2085 εἴτις
599 2042 652 2084 ὢν
677 2044 832 2094 ἰδιώτης
865 2044 927 2084 καὶ
951 2047 1029 2084 τῶν
1053 2047 1217 2084 πολλῶν
1251 2045 1358 2095 ὑμῶν
1395 2045 1461 2090 εἷς,
1501 2043 1645 2096 ἑτέρων

318 2111 742 2161 συμβεβουλευκότων,
774 2110 811 2151 οἳ
848 2111 909 2151 καὶ
942 2114 994 2165 τῷ
1027 2110 1152 2151 πάλαι
1189 2111 1469 2151 πολιτεύεσθαι
1501 2111 1562 2151 καὶ
1590 2114 1643 2166 τῷ

365 2226 384 2256 5
410 2218 640 2257 συμβουλεύσω
656 2219 684 2248 D
764 2220 784 2249 8
810 2219 1223 2260 &vVind0b.4(Baite1-):
1249 2224 1395 2251 om.cctt.
1474 2229 1513 2250 10
1537 2223 1644 2261 φιλεῖν

317 2261 337 2299 ἢ
355 2264 461 2301 μισεῖν
473 2272 489 2292 r
590 2271 627 2292 12
652 2263 763 2301 φιλίαν
778 2263 959 2294 Schaescr:
986 2264 1184 2304 φιλονεικίαν
1194 2264 1291 2294 codd.
1401 2274 1437 2302 ¹4
1461 2265 1523 2303 οὐχ
1541 2265 1590 2295 ὅτι
1607 2277 1638 2295 π.

318 2307 413 2336 τοῦτο
429 2315 446 2334 r
508 2306 547 2335 16
570 2305 748 2338 παύσεσθαι
766 2307 788 2337 S
803 2306 827 2336 F
840 2306 870 2336 Y
885 2306 914 2344 Q
983 2316 1021 2345 19
1045 2306 1166 2348 ὥσπερ]
1186 2308 1226 2339 ὡς
1245 2317 1260 2336 Γ
1325 2316 1363 2336 21
1391 2317 1468 2337 num
1484 2306 1565 2350 (οὔθ’
1583 2305 1644 2349 εἶς)

318 2349 417 2380 οὐδεὶς
435 2350 498 2379 οὔθ’
512 2348 595 2388 ἅμαῖῑ
650 2360 690 2379 22
714 2349 816 2389 νόμων
833 2349 856 2380 S
870 2350 958 2388 vulg.
977 2362 984 2380 t
1009 2351 1092 2381 ὅλων
1109 2360 1125 2380 r·
1180 2360 1220 2389 23
1245 2349 1396 2391 ἆξιόχρεῴ
1411 2350 1442 2380 Υ
1455 2350 1481 2380 C
1500 2351 1642 2381 Vindob.

318 2401 337 2428 4
352 2402 359 2421 :
384 2392 554 2433 ἆξιόχρεώς
571 2391 595 2423 S
611 2392 699 2431 vulg.
800 2395 860 2425 εἰσι
880 2392 904 2423 S
919 2393 957 2422 1·Ἱ
971 2393 1000 2423 Y
1013 2394 1039 2424 C
1059 2393 1201 2424 Vindob.
1220 2405 1239 2432 4
1256 2405 1262 2424 :
1288 2396 1358 2426 ἐστι
1375 2393 1401 2424 F
1414 2404 1500 2424 corr.
1520 2393 1608 2432 vulg.

1671 903 1705 925 [Ο

1669 1236 1706 1268 15

1667 1573 1708 1596 20

1666 1993 1704 2024 25
