1763 2778
556 356 797 398 ΠΡΟΟΙΜ
807 356 821 396 1
831 356 867 395 A
918 356 954 396 Δ
965 356 1000 395 Η
1009 354 1336 395 ΜΗΓΟΡΙΚΑ

930 467 964 504 Α

352 551 399 591 Εἰ
423 552 495 601 μὲν
520 550 608 600 περὶ
635 552 768 589 καινοῦ
791 565 897 590 τινος
922 546 1151 601 πράγματος
1166 545 1399 600 προύτίθετ’,
1427 545 1456 588 ὦ
1472 546 1609 599 ἄνδρες

283 615 499 667 Ἀθηναῖοι,
527 616 674 668 λέγειν,
704 609 884 668 ἐπισχὼν
914 614 962 655 ἂν
999 615 1072 656 ἕως
1098 616 1134 655 οἱ
1159 618 1344 656 πλεῖστοι
1367 618 1445 655 τῶν
1470 615 1606 655 εἰωθό-

283 701 360 724 των
385 684 544 736 γνώμην
569 681 836 735 ἀπεφήναντο,
865 683 984 733 εἰμὲν
1004 681 1148 734 ἤρεσκέ
1163 681 1203 722 τί
1217 699 1283 733 μοι
1300 685 1378 722 τῶν
1395 681 1606 733 ῥηθέντων,

281 751 454 804 ἡσυχίαν
479 750 527 791 ἂν
552 749 662 802 ἦγον,
691 751 723 791 εἰ
749 752 790 790 δὲ
813 748 879 800 μή,
906 748 986 789 τότ’
1012 748 1060 790 ἂν
1093 749 1155 789 καὶ
1193 748 1308 790 αὐτὸς
1341 749 1560 800 ἐπειρώμην
1584 749 1608 789 ἃ
1628 771 1646 804 5

282 818 492 871 γιγνώσκω
533 817 681 869 λέγειν·
720 816 853 867 ἐπειδὴ
897 815 929 856 δ’
967 817 1064 868 ὑπὲρ
1100 817 1154 857 ὧν
1179 814 1374 858 πολλάκις
1407 814 1609 868 εἰρήκασιν

283 885 389 926 οὗτοι
428 885 630 938 πρότερον,
671 884 760 936 περὶ
797 884 945 925 τούτων
987 884 1071 925 νυνὶ
1104 887 1302 929 σκοπεῖτε,
1339 883 1508 935 ἡγοῦμαι
1547 882 1609 923 καὶ

244 975 263 1000 2
284 956 435 1004 πρῶτος
461 951 636 994 ἀναστὰς
662 952 820 993 εἰκότως
845 950 893 991 ἂν
917 952 1015 1002 μετὰ
1040 950 1198 993 τούτους
1217 953 1345 991 δοκεῖν
1370 949 1516 1002 λέγειν.
1576 950 1609 990 εἰ

282 1021 356 1070 μὲν
381 1020 448 1060 οὖν
475 1020 582 1073 εἶχεν
609 1023 736 1060 καλῶς
761 1021 810 1059 τὰ
843 1017 1068 1071 πράγματα,
1104 1018 1218 1058 οὐδὲν
1245 1017 1294 1057 ἂν
1324 1018 1403 1058 ἔδει
1432 1020 1609 1068 συμβου-

125 1090 262 1145 [1419]
282 1087 425 1127 λεύειν·
463 1086 597 1137 ἐπειδὴ
623 1085 655 1126 δ’
681 1087 782 1136 ὅσην
802 1085 971 1128 ἅπαντες
997 1083 1102 1138 ὁρᾶτ’
1128 1086 1213 1138 ἔχει
1237 1085 1463 1130 δυσκολίαν,
1491 1084 1543 1126 ὡς
1567 1085 1610 1125 ἐκ
1634 1094 1672 1118 10

282 1153 471 1194 τοιούτων
490 1152 731 1206 πειράσομαι
757 1153 1049 1205 συμβουλεύειν
1076 1153 1100 1193 ἃ
1127 1151 1301 1204 κράτιστ’
1329 1152 1427 1192 εἶναι
1452 1151 1608 1202 νομίζω.

283 1224 438 1273 πρῶτον
480 1223 552 1272 μὲν
587 1221 655 1261 οὖν
684 1221 782 1271 ὑμᾶς
815 1219 931 1261 ἐκεῖν’
968 1219 1181 1273 ἐγνωκέναι
1218 1222 1288 1265 δεῖ,
1321 1218 1372 1260 ὡς
1407 1218 1520 1259 οὐδὲν
1555 1219 1610 1259 ὧν

284 1288 442 1329 ἐποιεῖτ’
468 1288 533 1328 ἐπὶ
557 1291 625 1328 τοῦ
649 1291 838 1338 πολεμεῖν
862 1289 972 1330 ὄντες
1005 1289 1073 1327 τοῦ
1097 1290 1238 1327 λοιποῦ
1264 1285 1459 1339 πρακτέον
1482 1286 1609 1333 ἐστίν,

284 1356 390 1395 ἀλλὰ
428 1347 556 1396 πάντα
597 1356 798 1395 τάναντία·
836 1356 869 1395 εἰ
903 1357 978 1407 γὰρ
1011 1355 1141 1395 ἐκεῖνα
1177 1357 1312 1407 φαῦλα
1345 1354 1533 1403 πεποίηκε
1562 1354 1611 1393 τὰ

244 1434 264 1470 3
284 1422 505 1475 πράγματα,
532 1421 709 1463 τάναντί’
736 1421 838 1463 εἰκὸς
853 1422 1002 1473 βελτίω
1020 1424 1197 1472 ποιῆσαι.
1245 1421 1379 1461 ἔπειτα
1399 1419 1610 1472 νομιστέον
1635 1435 1671 1468 15

285 1489 359 1542 οὐχ
383 1488 425 1530 ὃς
449 1488 497 1530 ἂν
521 1490 611 1540 ὑμῖν
636 1486 658 1540 ἢ
690 1491 812 1540 μηδὲν
840 1486 863 1539 ἢ
899 1491 1018 1542 μικρὰ
1052 1487 1291 1544 προστάττῃ,
1317 1491 1458 1528 τοῦτον
1487 1488 1611 1540 ὀρθῶς

284 1555 418 1608 λέγειν
444 1554 572 1608 (ὁρᾶτε
596 1558 671 1609 γὰρ
697 1556 748 1598 ὡς
777 1557 819 1596 ἐκ
848 1560 925 1597 τῶν
954 1557 1141 1597 τοιούτων
1174 1557 1347 1596 ἐλπίδων
1381 1556 1442 1595 καὶ
1477 1555 1612 1607 λόγων

286 1624 340 1665 εἰς
365 1626 442 1664 πᾶν
467 1622 714 1676 προελήλυθε
741 1625 962 1677 μοχθηρίας
991 1623 1040 1664 τὰ
1073 1620 1273 1676 παρόντα),
1301 1622 1391 1663 ἀλλ’
1417 1621 1460 1664 ὃς
1493 1621 1542 1662 ἂν
1566 1624 1610 1662 τὸ

284 1691 517 1743 χαρίζεσθαι
542 1691 689 1743 παρείς,
717 1691 740 1731 ἃ
764 1694 825 1732 δεῖ
848 1692 910 1732 καὶ
941 1690 988 1731 δι’
1013 1692 1067 1731 ὧν
1103 1689 1338 1742 παυσαίμεθ’
1363 1687 1447 1742 (ἂν)
1471 1689 1612 1742 αἰσχύ·

285 1774 357 1807 νην
382 1757 696 1810 ὀφλισκάνοντες
724 1758 785 1798 καὶ
817 1758 1078 1809 ζημιούμενοι,
1113 1762 1234 1798 ταῦτα
1263 1757 1378 1814 λέγῃ.
1450 1757 1511 1797 καὶ
1537 1758 1612 1809 γὰρ
1634 1775 1673 1796 20

286 1823 336 1865 ὡς
362 1825 531 1875 ἀληθῶς,
559 1826 592 1866 εἰ
616 1824 700 1876 μέν,
728 1824 790 1865 ὅσ’
816 1825 864 1865 ἂν
888 1829 940 1880 τῷ
967 1826 1074 1880 λόγῳ
1101 1843 1159 1867 τις
1182 1826 1339 1882 ὑπερβῇ
1363 1826 1540 1874 λυπῆσαι
1557 1823 1610 1874 μὴ

286 1892 546 1942 βουλόμενος,
575 1892 637 1932 καὶ
661 1894 709 1932 τὰ
734 1891 932 1945 πράγμαθ’
957 1891 1242 1945 ὑπερβήσεται,
1270 1895 1330 1932 δεῖ
1353 1891 1449 1943 πρὸς
1468 1889 1611 1941 ἡδονὴν

287 1961 535 2011 δημηγορεῖν·
574 1960 607 2000 εἶ
632 1958 666 1999 δ’
690 1959 712 2010 ἡ
738 1963 816 2000 τῶν
834 1960 966 2012 λόγων
991 1959 1117 2013 χάρις,
1145 1958 1194 2000 ἂν
1216 1958 1241 2015 ᾗ
1263 1958 1314 2010 μὴ
1341 1956 1610 2011 προσήκουσα,

330 2067 486 2098 Τιτυιυε
500 2079 508 2099 :
533 2067 729 2109 δημηγορικοί
745 2068 847 2108 vulg„
865 2067 1032 2108 Harpocr.
1049 2079 1056 2099 :
1081 2067 1340 2109 συμβουλευτικά
1355 2066 1474 2098 Pollux
1485 2066 1516 2097 vi
1531 2074 1613 2104 143:

287 2121 351 2141 om.
370 2111 394 2141 S
406 2111 431 2141 F

331 2165 350 2193 3
377 2155 557 2186 εἰωθοτωνει
582 2154 606 2186 S
631 2155 692 2185 sed
716 2156 744 2187 εἰ
767 2155 903 2195 punctis
927 2155 1126 2195 lineolisque
1151 2155 1298 2185 deletum
1406 2165 1425 2193 4
1448 2154 1529 2194 τῶν]Ι
1549 2156 1614 2185 τῶν

288 2199 347 2229 ὑπὸ
362 2199 483 2230 τούτων
500 2209 527 2238 r,
547 2199 586 2229 cf.
608 2200 638 2228 iv
658 2209 670 2229 1
784 2209 802 2238 5
828 2201 866 2231 ἂν
884 2204 958 2239 post
976 2199 1115 2240 ἡσυχίαν
1128 2210 1193 2230 om.
1213 2199 1247 2234 S,
1265 2199 1323 2228 sed
1339 2197 1381 2228 cf.
1399 2197 1433 2227 iv
1449 2207 1476 2237 1,
1492 2207 1538 2227 xx
1553 2206 1612 2236 143

288 2242 308 2271 8
331 2241 458 2274 εἰκότως
475 2243 514 2273 ἂν
531 2244 727 2282 συγγνώμης
743 2242 920 2283 τυγχάνειν
937 2243 969 2272 iv
989 2252 1001 2272 1
1129 2243 1237 2282 λέγειν
1255 2242 1332 2272 secl.
1355 2241 1451 2272 Blass
1568 2240 1611 2281 εἷ]

289 2285 342 2316 hic
355 2296 514 2316 numerus
530 2285 570 2315 B*
585 2286 773 2325 adscriptus
790 2287 822 2316 in
843 2285 866 2317 S
879 2286 903 2316 F
991 2297 1012 2325 9
1037 2285 1282 2327 συμβουλεύειν]
1302 2285 1514 2322 βουλεύεσθαι
1529 2284 1561 2314 ἰν
1581 2294 1609 2323 1,

288 2329 431 2359 adscivit
454 2329 550 2360 Blass
642 2340 680 2360 10
705 2331 784 2368 ὅσην
801 2330 867 2370 (vel
886 2330 938 2368 ἢν)
956 2329 1091 2362 ἅπαντες
1112 2330 1256 2367 Dobree,
1269 2329 1311 2360 cf.
1332 2329 1365 2359 iii
1382 2339 1432 2368 27,
1455 2328 1608 2358 Prooem.

289 2383 333 2402 xv
353 2383 364 2402 1
382 2384 390 2403 ι
416 2375 454 2404 ὡς
471 2373 609 2405 ἅπαντες
625 2374 723 2405 codd.
893 2384 929 2411 14
955 2377 1079 2414 φλαῦρα
1097 2374 1203 2411 Blass‚
1224 2374 1284 2404 sed
1302 2373 1340 2404 cf.
1359 2373 1381 2402 ii
1401 2373 1451 2410 26,
1473 2372 1533 2402 xix
1549 2381 1612 2410 270

294 2426 331 2455 ¹9
355 2417 392 2448 ἂν
408 2417 485 2447 add.
506 2416 642 2446 Bekker
739 2425 777 2446 21
804 2426 887 2456 sqq.‚
908 2417 946 2448 ef.
965 2417 996 2447 iv
1013 2418 1056 2456 38
