1763 2778
169 129 275 184 mn]
519 133 681 171 ΚΑΤΑ
731 133 1100 171 ΘΕΟΚΡΙΝΟΤ
1515 126 1646 181 [1331]

169 234 328 284 σίτησιν
356 232 534 286 ἔγραψεν
565 231 776 287 Χαριδήμῳ
810 233 830 272 ὁ
866 231 992 284 πατὴρ
1034 236 1087 286 τῷ
1123 230 1370 285 Ἰσχομάχου
1410 234 1492 287 υἱῷ,

168 299 299 352 λέγων
325 299 388 347 ὡς,
410 301 478 341 ἐὰν
502 299 703 356 ἐπανέλθῃ
727 301 784 341 εἰς
807 299 876 339 τὸν
901 303 1084 354 πατρῷον
1108 299 1216 339 οἶκον
1241 300 1262 338 ὁ
1286 303 1390 346 παῖς,
1418 300 1490 339 ἀπ-
1515 308 1556 343 31

168 367 377 409 ολωλεκὼς
405 367 521 408 ἔσται
552 367 624 418 τὴν
653 367 792 407 οὐσίαν
821 366 984 407 ἅπασαν
1016 365 1066 416 ἢν
1089 365 1298 419 Αἰσχύλος
1331 367 1351 405 ὁ
1383 383 1495 417 ποιη-

168 433 339 486 σάμενος
372 434 490 475 αὐτὸν
521 434 605 475 υἱὸν
634 434 778 474 ἔδωκεν
809 433 923 488 αὐτῷ,
958 433 1216 486 ψευδόμενος·
1260 433 1388 473 οὐδενὶ
1419 431 1494 486 γὰρ

128 516 148 549 5
167 502 338 547 πώποτε,
356 499 385 541 ὦ
402 501 538 554 ἄνδρες
557 502 753 547 δικασταί,
773 504 886 541 τοῦτο
902 504 982 541 τῶν
997 500 1307 551 εἰσποιηθέντων
1325 500 1490 551 συνέβη.

169 569 231 609 καὶ
262 568 412 609 τούτων
433 568 592 610 πάντων
617 570 742 609 αἴτιον
771 569 847 621 ἔφη
880 567 1134 608 Πολύευκτον
1158 570 1398 620 γεγενῆσθαι
1428 567 1496 607 τὸν

168 636 311 690 ἔχοντα
335 635 409 686 τὴν
430 635 580 688 μητέρα
604 640 672 676 τοῦ
700 635 850 682 παιδός,
876 635 1125 686 βουλόμενον
1151 634 1258 688 ἔχειν
1283 634 1401 675 αὐτὸν
1426 633 1495 685 τὴν
1518 627 1654 683 [1332]

166 706 234 743 τοῦ
264 702 400 744 παιδὸς
433 703 587 744 οὐσίαν.
634 701 901 755 ὀργισθέντων
924 704 967 742 δὲ
998 706 1076 742 τῶν
1100 705 1297 742 δικαστῶν
1324 702 1387 742 ἐπὶ
1415 705 1496 743 τοῖς

165 770 412 823 λεγομένοις,
439 771 501 810 καὶ
533 770 782 821 νομισάντων
815 769 908 810 αὐτὸ
938 771 1011 820 μὲν
1036 769 1079 809 τὸ
1111 768 1308 821 ψήφισμα
1338 769 1400 810 καὶ
1423 768 1495 819 τὴν

107 855 147 878 10
167 839 314 889 δωρεὰν
334 839 433 878 κατὰ
455 837 545 879 τοὺς
571 838 711 888 νόμους
731 837 841 882 εἶναι,
863 841 915 892 τῷ
936 839 977 877 δὲ
997 838 1081 877 ὄντι
1106 837 1173 878 τὸν
1192 839 1312 877 παῖδα
1329 836 1496 888 μέλλειν

165 905 478 957 ἀποστερεῖσθαι
500 908 579 945 τῶν
603 903 831 958 χρημάτων,
852 907 905 959 τῷ
929 906 1003 955 μὲν
1026 902 1145 956 πατρὶ
1166 903 1262 945 δέκα
1287 904 1496 944 ταλάντων

167 972 359 1022 ἐτίμησαν
391 971 442 1014 ὡς
469 973 568 1023 μετὰ
601 971 854 1012 Πολυεύκτου
888 974 1011 1011 ταῦτα
1042 970 1266 1023 πράττοντι,
1305 971 1426 1025 τούτῳ
1463 969 1496 1010 δ’

167 1039 409 1080 ἐπίστευσαν
428 1039 479 1081 ὡς
504 1038 549 1089 δὴ
574 1038 824 1090 βοηθήσαντι
848 1042 900 1093 τῷ
927 1039 1049 1079 παιδί.
1101 1037 1162 1078 καὶ
1187 1040 1234 1078 τὰ
1257 1040 1330 1089 μὲν
1350 1039 1413 1078 ἐπὶ
1431 1040 1498 1078 τοῦ
1517 1050 1560 1085 32

167 1107 420 1158 δικαστηρίου
444 1106 638 1159 γενόμενα
670 1108 830 1146 τοιαῦτα
864 1105 926 1145 καὶ
958 1104 1222 1157 παραπλήσια
1252 1106 1403 1147 τούτοις
1435 1104 1496 1155 ἦν·

108 1190 145 1223 15
167 1172 220 1215 ὡς
242 1173 275 1213 δ’
302 1174 322 1212 ὁ
347 1173 522 1228 χρηστὸς
546 1173 659 1216 οὗτος
683 1172 953 1226 ὠργισμένους
977 1172 1122 1229 ᾔσθετο
1147 1172 1238 1215 τοὺς
1268 1173 1499 1225 ἀνθρώπους

168 1241 230 1280 καὶ
264 1240 578 1292 πεπιστευμένον
611 1239 730 1281 αὑτὸν
758 1240 811 1282 ὡς
842 1240 886 1280 οὐ
919 1239 1174 1281 παντάπασιν
1199 1240 1364 1280 ἀνόσιον
1387 1241 1495 1286 ὄντα,

166 1307 545 1360 προσκαλεσάμενος
581 1307 650 1349 τὸν
690 1308 942 1348 Πολύευκτον
978 1307 1172 1360 ἀποφέρει
1214 1306 1373 1359 γραφὴν
1415 1304 1497 1347 κατ’

168 1375 285 1415 αὐτοῦ
319 1375 531 1417 κακώσεως
566 1375 664 1427 πρὸς
698 1378 769 1416 τὸν
802 1374 978 1427 ἄρχοντα
1013 1375 1076 1415 καὶ
1112 1375 1252 1414 δίδωσι
1281 1374 1353 1424 τὴν
1383 1372 1499 1425 λῆξιν

168 1442 437 1499 Μνησαρχίδῃ
454 1446 506 1497 τῷ
523 1442 716 1497 παρέδρῳ·
747 1442 889 1493 λαβὼν
915 1444 956 1481 δὲ
973 1442 1178 1483 διακοσίας
1197 1443 1375 1494 δραχμὰς
1394 1442 1499 1493 παρὰ

108 1528 147 1550 20
166 1511 233 1548 τοῦ
260 1509 524 1556 Πολυεύκτου,
554 1511 615 1550 καὶ
640 1512 687 1549 τὰ
712 1511 821 1550 δεινὰ
843 1508 950 1549 ταῦτ’
969 1509 1213 1559 ἀποδόμενος
1236 1511 1373 1560 μικροῦ
1397 1506 1497 1559 λήμ-

165 1592 285 1627 ματος
306 1575 372 1629 ἑφ’
390 1577 448 1618 οἷς
473 1580 525 1631 τῷ
546 1577 663 1629 πατρὶ
682 1575 898 1628 ἐτιμήσατο
925 1575 1018 1615 δέκα
1040 1575 1262 1622 ταλάντων,
1281 1574 1499 1628 ἀπηλλάγη

168 1643 229 1683 καὶ
248 1642 318 1693 τὴν
336 1644 495 1696 γραφὴν
515 1645 693 1684 ἀνείλετο
712 1644 881 1696 προδοὺς
899 1646 967 1684 τὸν
983 1644 1173 1696 ὀρφανόν.
1222 1642 1286 1682 καί
1301 1659 1366 1694 μοι
1387 1641 1500 1683 κάλει

166 1709 316 1751 τούτων
340 1711 429 1753 τοὺς
452 1710 663 1763 μάρτυρας.

724 1808 942 1838 ΜΑΡΤΎΡΕΣ.

107 1889 146 1921 25
236 1872 285 1911 Εἰ
320 1872 452 1912 τοίνυν
481 1872 645 1923 εὔπορος
677 1871 725 1922 ἦν
759 1873 779 1910 ὁ
809 1870 950 1924 πατήρ,
982 1869 1011 1910 ὦ
1045 1871 1182 1923 ἄνδρες
1212 1871 1404 1918 δικασταί,
1438 1870 1498 1911 καὶ
1518 1881 1561 1917 33

166 1937 331 1980 δυνατὸς
359 1940 523 1990 πορίσαι
558 1940 692 1992 χιλίας
728 1938 917 1991 δραχμάς,
956 1939 1059 1980 ὅλως
1095 1938 1144 1978 ἂν
1178 1937 1392 1991 ἀπηλλάγη
1428 1939 1498 1988 τῆς

166 2007 323 2057 γραφῆς
342 2007 410 2055 τῆς
428 2010 505 2046 τῶν
524 2006 775 2057 παρανόμων·
805 2009 998 2045 τοσοῦτον
1017 2007 1092 2057 γὰρ
1113 2004 1230 2045 αὐτὸν
1244 2004 1329 2059 ᾔτει
1347 2005 1495 2044 οὑτοσί.

168 2073 235 2112 καί
248 2089 315 2122 μοι
334 2072 446 2112 κάλει
465 2073 711 2123 Φιλιππίδην
735 2072 803 2112 τὸν
824 2071 1032 2117 Παιανιέα,
1055 2071 1149 2124 πρὸς
1175 2071 1219 2112 ὃν
1239 2072 1355 2123 ἔλεγε
1377 2075 1497 2111 ταῦτα

167 2138 386 2190 Θεοκρίνης
405 2140 554 2186 οὑτοσί,
577 2139 639 2180 καὶ
657 2138 746 2181 τοὺς
765 2139 914 2181 ἄλλους
937 2138 974 2180 οἳ
999 2140 1215 2180 συνίσασιν
1234 2139 1357 2193 τούτῳ
1377 2142 1497 2179 ταῦτα

103 2223 146 2254 30
164 2205 337 2258 λέγοντι.

216 2291 228 2311 1
256 2284 272 2313 ὁ
288 2282 392 2323 πατὴρ
408 2282 578 2324 Χαριδήμῳ
592 2280 626 2312 Α
713 2281 784 2323 υἱῷ]
800 2281 905 2314 υἴεῖΑ
919 2293 926 2313 :
951 2281 1032 2313 secl.
1049 2281 1147 2313 Blass
1236 2292 1255 2320 4
1280 2281 1345 2313 υἱὸν
1361 2280 1496 2313 αὐτὸνΑ

166 2333 185 2363 5
202 2327 266 2356 τῶν
279 2327 362 2357 εἰσπ.
375 2328 472 2357 τοῦτο
484 2325 516 2355 Α
613 2336 650 2356 Ι2
666 2329 724 2358 τοῦ
735 2332 772 2358 Π.
785 2325 818 2355 Α
916 2335 955 2364 13
972 2326 1168 2364 βοηθήσοντι
1180 2323 1213 2354 Α
1312 2335 1349 2363 14
1365 2327 1495 2356 τοιαῦτα

164 2368 262 2399 codd.
282 2379 290 2399 ε
313 2371 414 2401 ταῦτα
432 2368 530 2400 Blass
645 2370 683 2399 18
707 2371 767 2407 τὴν
782 2369 838 2400 A:
861 2370 937 2410 πρὸς
957 2370 1017 2407 τὴν
1039 2368 1063 2399 S
1081 2369 1179 2405 vulg„
1199 2369 1275 2409 πρὸς
1297 2378 1341 2398 ex
1361 2373 1495 2398 antece-

165 2411 323 2442 dentibus
337 2418 421 2451 puto
529 2423 567 2452 19
590 2414 754 2445 διακοσίας
769 2412 801 2442 Α
818 2424 824 2443 :
858 2414 915 2444 τὰς
931 2413 1114 2454 τριακοσίας
1140 2411 1164 2442 S
1177 2411 1201 2441 F
1217 2411 1246 2449 Q
1263 2411 1292 2440 D
1307 2422 1314 2441 :
1337 2424 1425 2442 τινας
1446 2425 1493 2451 τρ-

165 2453 342 2485 Thalheim
457 2466 497 2495 27
522 2456 591 2498 ᾔτει
608 2456 700 2488 οὗτος
718 2457 814 2488 αὐτόν
828 2455 860 2485 Α
969 2457 1010 2485 28
1033 2457 1090 2487 τὸν
1106 2465 1171 2485 om.
1185 2454 1217 2483 A
1321 2453 1453 2485 Πεανιέα
1469 2453 1494 2484 S

166 2499 275 2537 28—29
297 2500 465 2540 Θεοκρίνης
482 2499 591 2531 οὑτοσὶ
607 2502 710 2531 ταῦτα
725 2499 757 2528 Α
845 2510 888 2538 29
910 2501 1014 2530 ταῦτα
1028 2499 1132 2539 τούτῳ
1149 2498 1179 2527 Α
