1763 2778
163 110 296 164 [1414]
720 109 1238 166 [ΔΙΙΜΟΣΘΕΝΟΎΣ]
1572 112 1649 168 [m

319 212 394 265 πρὸ
420 216 567 253 σαυτοῦ
589 212 872 266 γεγενημένους
900 212 1081 264 ἐνδόξους
1106 213 1260 266 ἄνδρας.
1335 218 1448 256 τοῦτο
1476 217 1550 267 μὲν
1571 217 1647 269 γὰρ

320 280 520 331 Περικλέα
550 279 619 320 τὸν
653 281 814 320 συνέσει
847 284 1041 321 πλεῖστον
1068 285 1147 321 τῶν
1179 281 1266 322 καθ’
1292 281 1410 322 αὑτὸν
1434 286 1648 335 διενεγκεῖν

319 344 489 396 δόξαντα
513 347 683 392 πάντων,
711 347 874 387 ἀκούσει
900 347 1169 398 πλησιάσαντ’
1193 347 1443 403 Ἀναξαγόρᾳ
1467 354 1518 404 τῷ
1538 352 1646 390 Κλα-

321 414 482 468 ζομενίῳ
509 415 572 454 καὶ
595 414 771 465 μαθητὴν
798 415 947 454 ἐκείνου
972 415 1186 467 γενόμενον
1205 415 1345 466 ταύτης
1364 418 1432 466 τῆς
1452 416 1649 468 δυνάμεως

317 481 584 534 μετασχόντα·
620 485 733 521 τοῦτο
753 480 786 521 δ’
812 480 1077 532 Ἀλκιβιάδην
1098 481 1276 534 εὑρήσεις
1302 483 1424 536 φύσει
1453 486 1525 534 μὲν
1553 483 1649 536 πρὸς
1672 503 1684 510 ·

319 547 461 599 ἀρετὴν
497 551 634 602 πολλῷ
664 552 798 601 χεῖρον
831 550 1092 600 διακείμενον,
1119 549 1180 590 καὶ
1205 551 1253 590 τὰ
1277 552 1350 600 μὲν
1371 550 1645 602 ὑπερηφάνως,

171 615 300 671 [1415]
319 616 366 654 τὰ
402 617 444 655 δὲ
472 619 675 661 ταπεινῶς,
710 617 758 656 τὰ
791 615 824 655 δ’
849 617 1124 668 ὑπερακρατῶς
1155 617 1223 667 ζῆν
1255 616 1539 672 προῃρημένον,
1571 617 1648 658 ἀπὸ

320 684 361 722 δὲ
391 683 459 732 τῆς
492 681 720 734 Σωκράτους
754 683 910 734 ὁμιλίας
945 682 1079 723 πολλὰ
1114 685 1188 734 μὲν
1223 684 1547 735 ἐπανορθωθέντα
1581 688 1650 725 τοῦ

319 748 426 799 βίου,
453 748 500 788 τὰ
533 751 574 790 δὲ
605 751 727 789 λοιπὲι
750 754 803 804 τῷ
831 749 992 802 μεγέθει
1015 753 1093 790 τῶν
1117 750 1254 791 ἄλλων
1277 751 1404 802 ἔργων
1429 751 1647 803 ἐπικρυψά-

255 821 300 863 46
319 832 451 866 μενον.
523 817 556 856 εἰ
587 818 628 857 δὲ
659 819 718 856 δεῖ
742 816 794 867 μὴ
824 819 975 857 παλαιὰ
1006 815 1200 869 λέγοντας
1226 819 1457 870 διατρίβειν,
1484 818 1650 871 ἔχοντας

320 882 608 935 ὑπογυωτέροις
638 885 952 936 παραδείγμασιν
984 886 1170 938 χρῆσθαι,
1202 888 1317 925 τοῦτο
1351 887 1425 936 μὲν
1456 886 1650 936 Τιμόθεον

321 950 390 990 οὐκ
419 948 466 999 ἐξ
486 951 541 990 ὧν
569 950 758 1003 νεώτερος
791 950 844 991 ὢν
865 950 1139 1001 ἐπετήδευσεν,
1168 951 1259 992 ἀλλ’
1286 950 1334 1002 ἐξ
1353 952 1408 992 ὧν
1431 951 1651 1004 Ἰσοκράτει

321 1017 606 1070 συνδιατρίψας
637 1017 817 1070 ἔπραξεν,
849 1019 1041 1071 μεγίστης
1071 1018 1188 1069 δόξης
1215 1019 1276 1059 καὶ
1301 1019 1505 1060 πλείστων
1527 1023 1651 1070 τιμῶν

321 1083 500 1135 εὑρήσεις
543 1083 770 1135 ἀξιωθέντα·
819 1088 933 1125 τοῦτο
975 1084 1008 1125 δ’
1050 1084 1251 1139 Ἀρχύταν
1291 1085 1362 1136 τὴν
1396 1086 1652 1138 Ταραντίνων

321 1152 440 1192 πόλιν
477 1152 576 1192 οὕτω
615 1155 743 1193 καλῶς
784 1152 847 1192 καὶ
890 1153 1183 1205 φιλανθρώπως
1225 1153 1480 1204 διοικήσαντα
1521 1153 1650 1206 κύριον
1693 1195 1703 1204 ,

322 1218 440 1269 αὐτῆς
473 1218 735 1265 καταστάντα,
774 1218 868 1260 ὥστ’
905 1221 960 1262 εἰς
995 1219 1171 1262 ἅπαντας
1205 1220 1276 1271 τὴν
1312 1221 1460 1261 ἐκείνου
1495 1220 1651 1272 μνήμην

321 1289 547 1338 διενεγκεῖν·
584 1285 627 1328 ὃς
656 1287 696 1326 ἐν
729 1287 832 1343 ἀρχῇ
866 1287 1247 1339 καταφρονούμενος,
1279 1288 1322 1327 ἐκ
1356 1291 1424 1327 τοῦ
1461 1287 1652 1328 Πλάτωνι

256 1361 301 1396 47
322 1352 550 1403 πλησιάσαι
581 1353 778 1404 τοσαύτην
813 1354 962 1405 ἔλαβεν
996 1354 1190 1396 ἐπίδοσιν,
1263 1354 1323 1394 καὶ
1359 1354 1508 1395 τούτων
1537 1355 1651 1396 οὐδὲν

323 1420 480 1472 ἀλόγως
509 1420 780 1471 ἀποβέβηκεν·
818 1420 920 1461 πολὺ
952 1422 1028 1473 γὰρ
1059 1418 1145 1474 (ἄν)
1175 1420 1221 1472 ἦν
1254 1422 1516 1474 ἀτοπώτερον,
1545 1423 1578 1462 εἰ
1603 1423 1651 1462 τὰ

322 1489 394 1538 μὲν
418 1486 536 1538 μικρὰ
555 1488 604 1527 δι’
625 1486 842 1539 ἐπιστήμης
864 1488 925 1528 καὶ
946 1488 1113 1539 μελέτης
1133 1488 1418 1541 ἠναγκαζόμεθ’
1439 1490 1648 1535 ἐπιτελεῖν,

323 1556 370 1594 τέι
390 1556 431 1594 δὲ
455 1554 612 1607 μέγιστ’
638 1554 729 1595 ἄνευ
753 1555 896 1605 ταύτης
914 1557 982 1605 τῆς
998 1557 1266 1607 πραγματείας
1285 1555 1509 1606 ἠδυνάμεθα
1527 1555 1647 1608 πράτ-

323 1638 415 1661 τειν.
456 1621 543 1673 περὶ
558 1623 630 1672 μὲν
650 1621 717 1662 οὖν
733 1622 880 1663 τούτων
900 1622 968 1662 οὐκ
984 1621 1055 1662 οἶδ’
1077 1623 1099 1662 ὅ
1113 1639 1150 1662 τι
1167 1626 1227 1663 δεῖ
1239 1623 1362 1663 πλείω
1378 1622 1525 1675 λέγειν·
1562 1622 1652 1664 οὐδὲ

322 1690 399 1740 γὰρ
425 1687 470 1738 ἐξ
493 1689 616 1742 ἀρχῆς
642 1688 692 1729 ὡς
717 1693 920 1731 παντελῶς
945 1690 1114 1741 ἀπείρως
1139 1689 1303 1743 ἔχοντός
1319 1707 1393 1730 σου
1417 1691 1505 1742 περὶ
1524 1689 1651 1730 αὐτῶν

324 1754 537 1806 ἐμνήσθην,
555 1755 646 1795 ἀλλ’
666 1756 880 1808 ἡγούμενος
898 1758 968 1798 τὰς
986 1756 1165 1798 τοιαύτας
1185 1755 1454 1809 παρακλήσεις
1472 1756 1561 1799 τοὺς
1578 1759 1651 1808 μὲν

258 1827 304 1870 48
326 1823 564 1874 ἀγνοοῦντας
589 1821 836 1874 προτρέπειν,
855 1823 944 1864 τοὺς
960 1823 993 1862 δ’
1010 1824 1161 1865 εἰδότας
1186 1820 1450 1875 παροξύνειν(
1477 1826 1598 1874 μηδὲν
1617 1823 1651 1863 δ’

324 1888 534 1945 ὑπολάβῇς
566 1893 754 1935 τοιοῦτον,
783 1890 834 1931 ὡς
863 1889 923 1942 ἄρ’
949 1890 1026 1942 ἐγὼ
1051 1889 1157 1930 ταῦτ’
1184 1892 1317 1943 εἴρηκα
1340 1889 1509 1940 διδάξειν
1536 1890 1651 1933 αὐτὸς

325 1956 670 2007 ἐπαγγελλόμενός
715 1956 764 1996 σε’
786 1974 842 1997 ς“τι
880 1957 1042 1997 τούτων·
1096 1956 1141 1997 οὗ
1184 1959 1258 2009 γὰρ
1301 1957 1348 1997 ἂν
1395 1957 1651 2010 αἰσχυνθείην

326 2023 446 2062 εἰπὼν
472 2023 531 2062 ὅτι
555 2025 688 2063 πολλὰ
711 2026 850 2074 μαθεῖν
874 2023 990 2065 αὐτὸς
1013 2023 1072 2064 ἔτι
1096 2023 1244 2075 δέομαι,
1273 2025 1334 2064 καὶ
1358 2027 1516 2075 μᾶλλον
1544 2025 1647 2077 ἀγω-

327 2089 462 2140 νιστὴς
498 2088 720 2146 προῄρημαι
755 2094 834 2131 τῶν
870 2094 1083 2130 πολιτικῶν
1118 2087 1142 2140 ἢ
1173 2090 1412 2133 διδάσκαλος
1441 2091 1540 2131 εἶναι
1572 2095 1650 2131 τῶν

374 2207 387 2228 1
415 2199 476 2239 γὰρ
510 2198 623 2228 addidi
655 2209 696 2229 ex
726 2198 750 2229 S
764 2209 779 2229 ι·
793 2198 823 2229 D
956 2209 975 2236 3
1000 2199 1119 2241 ἀκούσῃ
1142 2198 1267 2229 Ycorr.
1285 2210 1292 2230 ε
1331 2198 1478 2231 ἀκούσειν
1506 2198 1530 2229 S
1543 2197 1581 2228 1³¹
1595 2197 1625 2238 Q
1642 2209 1650 2230 t

327 2242 472 2274 ἆκούσεις
489 2241 514 2271 F
528 2252 611 2272 corr.
764 2253 781 2281 7
806 2243 846 2274 τὰ
862 2242 895 2274 δὲ
913 2245 1069 2275 ταπεινῶς
1086 2252 1150 2272 om.
1171 2243 1200 2272 D
1316 2244 1536 2283 ὑπερακρατῶς
1555 2243 1647 2283 Βγρ.

330 2285 460 2325 (Blass)
480 2296 488 2316 :
511 2285 729 2326 ὑπερακράτως
749 2285 832 2326 Ργρ.
852 2285 942 2325 (279.
962 2297 969 2316 ι
995 2286 1170 2326 ὑπεράκρως
1187 2285 1279 2324 vulg.
1447 2296 1485 2316 10
1508 2286 1650 2326 λέγοντα

328 2328 352 2359 S
366 2327 401 2358 F¹
414 2328 445 2367 Q
574 2339 611 2368 15
635 2329 740 2369 κύριον
758 2329 875 2359 WVolfz
900 2330 950 2361 καὶ
967 2329 1070 2369 κύριον
1086 2330 1181 2360 codd.
1310 2339 1350 2368 19
1374 2328 1579 2367 ἀποβέβηκεν
1598 2329 1628 2359 D
1642 2340 1650 2360 ε

327 2373 557 2411 ἀποβέβληκεν
588 2373 685 2403 codd.
717 2371 882 2412 plerique.
915 2373 1015 2402 ctiam
1046 2373 1070 2402 S
1101 2373 1168 2413 (me
1195 2375 1297 2403 testes
1390 2374 1426 2404 ἂν
1452 2374 1529 2403 add.
1551 2373 1650 2403 Btass

329 2427 368 2454 27
391 2416 448 2457 σέ]
468 2419 498 2448 εἴ
511 2418 534 2446 S
548 2416 578 2454 Q
678 2417 718 2445 28
743 2417 841 2447 εἰπεῖν
859 2415 953 2445 Stahl
1066 2426 1108 2454 29
1131 2420 1306 2448 πολιτικῶν
1336 2415 1362 2446 F
1376 2429 1426 2456 γρ.
1443 2415 1473 2454 Q
1486 2430 1537 2457 γρ.
1554 2416 1646 2456 Βγρ.

329 2459 359 2489 Y
372 2472 423 2500 γρ.
441 2461 480 2491 cs.
501 2462 516 2497 ξ
535 2471 575 2498 44
591 2470 597 2490 :
623 2462 756 2491 πολλῶν
774 2459 797 2490 S
812 2460 898 2498 vulg.
917 2469 924 2489 z
948 2458 1054 2491 πόνων
1071 2459 1096 2489 F
