1742 2774
93 128 236 184 [1043]

195 232 233 268 15

196 698 238 734 16

94 1151 237 1206 [1044]

196 1250 236 1286 Ῑ7

196 1769 238 1804 18

643 118 1163 174 [ΔΙΙΜΟΣΘΕΝΟΎΣ]
1484 119 1575 160 [xm

257 224 299 265 δέ
322 241 371 275 με
394 227 476 266 τοῖς
500 225 542 265 ἐν
572 223 674 278 αὐτῷ
707 221 992 277 γεγραμμένοις
1021 222 1043 261 ὅ
1066 238 1102 262 τι
1134 220 1347 274 χρήσομαι.
1417 220 1493 274 χρὴ
1528 220 1574 268 δ’,

256 289 285 330 ὦ
327 291 463 344 ἄνδρες
506 292 699 337 δικασταί,
741 290 793 342 μὴ
836 293 918 332 τοῖς
959 287 1220 342 ἰσχυροτέραν
1262 287 1465 339 νομίζουσι
1499 290 1576 332 τῶν

256 359 387 409 νόμων
409 358 482 408 τὴν
505 359 633 398 αὐτῶν
656 358 874 410 βδελυρίαν
891 355 1004 402 εἶναι,
1031 355 1156 397 πλέον
1173 355 1325 396 τούτοις
1344 358 1411 395 τοῦ
1430 354 1577 395 δικαίου

256 425 388 476 νέμειν
409 424 459 475 (εἰ
491 427 533 466 δὲ
555 423 621 476 μή,
643 423 816 465 πολλοὺς
841 422 1028 473 ποιήσετε
1060 422 1149 465 τοὺς
1176 425 1476 474 καταγελῶντας
1499 425 1577 462 τῶν

257 493 300 532 ἐν
323 495 406 534 τοῖς
428 492 563 543 νόμοις
588 492 747 532 δικαίων
770 488 1079 543 γεγραμμένων),
1099 489 1192 530 ἀλλ’
1212 490 1375 531 ἐκείνοις
1398 491 1577 540 βοηθεῖν,
1598 509 1616 541 5

257 559 397 601 οἵτινες
429 558 475 599 ἂν
498 558 570 609 τὴν
600 562 679 599 τῶν
702 558 833 609 νόμων
867 557 1004 610 φωνὴν
1031 555 1221 609 ὑμετέραν
1246 556 1346 597 εἶναι
1377 556 1578 607 νομίζωσι,

257 626 320 666 καὶ
351 625 424 676 τὴν
451 626 600 677 ἡμέραν
633 626 790 676 ταύτην,
821 624 893 675 τὴν
921 626 976 666 εἰς
1008 627 1052 664 τὸ
1081 622 1346 675 δικαστήριον,
1372 624 1469 675 ὑπὲρ
1502 625 1580 663 τῶν

255 691 499 744 ἠδικημένων
535 693 635 733 εῖναι
668 687 922 745 [νομίζωσιν],
960 691 1012 742 μὴ
1049 694 1126 731 τῶν
1160 690 1414 741 ἠδικηκότων.
1484 688 1581 743 λέγε

256 763 334 800 τῶν
358 760 500 812 ἀρτίως
523 758 737 812 εἰρημένων
760 757 831 802 τὰς
853 758 1066 810 μαρτυρίας
1091 758 1153 798 καὶ
1179 757 1269 800 τοὺς
1293 758 1447 809 νόμους.

712 873 938 901 ΜΑΡΊὝΡῙΑῙ.
989 872 1135 899 ΝΟΜΟΙ.
1605 870 1644 894 10

321 940 496 978 Τοιαῦτα
526 938 672 983 τοίνυν,
703 934 732 977 ὦ
764 935 902 988 ἄνδρες
935 936 1128 982 δικασταί,
1159 934 1365 977 πεπονθὼς
1394 934 1472 986 ε’γὼ
1507 932 1582 975 ὑπὸ

257 1004 482 1045 Φαινίππου
507 1003 800 1057 ἀπεγραψάμην
832 1003 931 1057 πρὸς
952 1002 1043 1045 τοὺς
1072 1001 1317 1055 στρατηγοὺς
1343 1001 1490 1052 ταύτην
1511 1000 1583 1052 τὴν

257 1068 538 1124 [ἀπο]γραφήν.
606 1070 715 1123 λέγε.

793 1161 1052 1205 [ΑΠΟῙΓΡΑΦΗ.

324 1235 418 1274 Πῶς
446 1232 515 1273 οὖν
547 1231 682 1274 ἄλλως
709 1230 804 1284 πρὸς
833 1234 911 1271 τῶν
936 1233 1035 1271 θεῶν
1066 1229 1129 1270 καὶ
1158 1229 1365 1281 δαιμόνων,
1387 1226 1418 1269 ὦ
1445 1227 1584 1280 ἄνδρες
1606 1251 1642 1286 15

258 1300 453 1345 δικασταί,
482 1298 739 1340 ἐπιδεικνύειν
760 1299 852 1349 ὑμῖν
880 1300 942 1338 δεῖ
963 1297 1190 1337 Φαίνιππον
1218 1297 1360 1348 ἔνοχον
1383 1297 1479 1336 ὄντα
1502 1297 1582 1335 τοῖς

258 1365 574 1419 ἀνεγνωσμένοις
606 1362 630 1416 ἢ
660 1366 780 1417 ὅνπερ
816 1364 963 1417 τρόπον
992 1364 1070 1416 ἐγὼ
1099 1367 1168 1405 νῦν
1201 1362 1451 1410 ἐπιδεικνύω,·
1491 1361 1583 1403 ἀλλ’

258 1434 360 1484 ὅμως
394 1435 462 1484 ε’μὲ
494 1432 773 1485 ἀντεγράψατο
810 1433 1033 1473 Φαίνιππος
1067 1430 1119 1482 μὴ
1157 1431 1312 1471 δικαίως
1349 1429 1584 1481 ἀποφαίνειν

257 1500 328 1551 τὴν
364 1500 516 1541 οὐσίαν·
559 1501 658 1540 οὕτω
687 1499 732 1540 τὸ
764 1497 861 1551 πρὸς
895 1500 994 1550 ὑμᾶς
1029 1499 1253 1551 ψεύδεσθαι
1274 1500 1363 1539 τοῖς
1393 1496 1585 1538 τοιούτοις

256 1565 391 1622 ῥᾴδιόν
415 1569 540 1608 ἐστιν·
584 1566 646 1606 καὶ
678 1569 888 1618 κατηγορεῖ
917 1568 986 1606 τοῦ
1018 1566 1133 1617 ὅρκου
1168 1563 1213 1605 ’ὸν
1240 1564 1380 1615 ὤμοσα
1408 1562 1483 1615 πρὸ
1513 1565 1582 1613 τῆς
1604 1584 1644 1607 20

258 1634 514 1687 ἀποφάσεως,
539 1632 671 1687 λέγων
696 1634 756 1674 ὅτι
780 1633 886 1683 πλὴν
911 1636 989 1672 τῶν
1014 1634 1055 1672 ἐν
1080 1636 1161 1673 τοῖς
1190 1631 1319 1683 ἔργοις
1348 1630 1583 1683 ὑπεσχόμην

258 1702 498 1753 ἀποφαίνειν
519 1700 590 1751 τὴν
615 1701 745 1751 ἄλλην
769 1700 922 1746 οὐσίαν,
949 1699 1086 1751 ὥσπερ
1116 1698 1161 1739 τὸ
1192 1699 1290 1738 κατὰ
1320 1697 1410 1739 τοὺς
1443 1697 1584 1748 νόμους

258 1768 427 1820 ὀμνύειν,
460 1767 560 1807 τοῦτ’
590 1765 703 1817 ἄξιον
735 1766 969 1818 κατηγορίας
997 1767 1055 1806 ὅν.
1125 1766 1233 1817 ὑμεῖς
1262 1765 1296 1805 δ’
1325 1766 1425 1810 ἴστε,
1457 1761 1486 1804 ὦ
1515 1763 1581 1804 ἄν-

258 1839 345 1887 δρες
381 1835 567 1875 δικασταί
591 1833 715 1885 (ὑμεῖς
746 1835 821 1886 γὰρ
852 1831 1007 1884 ἔθεσθε)
1034 1832 1102 1873 τὸν
1131 1833 1266 1883 νόμον,
1299 1831 1342 1873 ὃς
1376 1829 1586 1883 διαρρήδην

259 1902 358 1942 οὕτω
383 1901 506 1954 λέγει,
529 1903 540 1919 ‘
555 1900 645 1943 τοὺς
670 1899 704 1940 δ’
731 1901 999 1941 ἀντιδιδόντας
1025 1898 1231 1950 ἀλλήλοις,
1253 1900 1347 1939 ὅταν
1365 1898 1586 1949 ὀμόσαντες
1608 1919 1644 1950 ²5

1445 1968 1455 1983 C

259 1969 515 2022 ἀποφαίνωσι
532 1967 604 2018 τὴν
629 1967 783 2017 οὐσίαν,
803 1967 1070 2020 προσομνύειν
1084 1967 1198 2007 τόνδε
1215 1966 1284 2007 τὸν
1303 1967 1420 2018 ὅρκον
1461 1967 1471 1982 ‘
1486 1966 1583 2005 ἀπο-

309 2088 321 2108 1
347 2080 429 2118 αὐτῷ
446 2077 507 2108 SF
521 2077 550 2116 Q
571 2089 578 2108 z
602 2079 684 2119 αὐτῇ
699 2076 731 2106 Α
875 2089 893 2116 4
919 2076 1039 2117 νέμειν]
1057 2090 1170 2116 ναιμην
1188 2076 1212 2107 S
1345 2084 1365 2114 5
1392 2075 1516 2108 δικαίων
1531 2087 1585 2116 ’γε-

258 2121 447 2164 γράμμενων
464 2121 510 2152 S:
535 2134 606 2161 γεγ.
625 2122 751 2153 δικαίων
767 2120 856 2159 vulg.
993 2121 1015 2150 6
1039 2119 1198 2160 νομίζουσι
1217 2119 1240 2150 S
1252 2117 1292 2149 F¹
1427 2129 1444 2158 7
1470 2118 1586 2160 ἡμέραν

261 2166 284 2196 S
299 2165 329 2204 Q
347 2176 354 2196 :
379 2164 532 2206 ὑμετέραν
547 2164 579 2194 A
591 2163 617 2194 F
632 2164 661 2193 D
734 2166 795 2203 τὴν
811 2166 854 2197 εἰς
871 2165 908 2196 τὸ
921 2165 1122 2205 δικαστήριον
1134 2163 1376 2194 del.Scl1aefer
1463 2163 1484 2192 8
1501 2162 1586 2200 νομί-

261 2208 355 2248 ζωσιν
370 2208 449 2240 secl.
469 2208 568 2239 Blass
723 2217 760 2238 12
784 2209 860 2249 πρὸς
876 2208 951 2240 τοὺς
965 2207 1169 2249 στρατηγοὺς
1186 2217 1248 2237 om.
1271 2206 1294 2236 S
1405 2206 1538 2243 ταυτηνὶ
1554 2204 1585 2234 Α

263 2262 365 2291 13-14
391 2251 518 2294 γραφήν
540 2276 548 2283 .
570 2277 576 2283 .
601 2276 608 2283 .
629 2257 754 2283 ΓΡΑΦΗ
786 2251 932 2291 Lipsius,
961 2256 1052 2282 recte
1077 2255 1168 2291 puto,
1197 2250 1274 2280 licet
1305 2250 1470 2289 Harpocr.
1499 2248 1537 2289 (s.
1552 2258 1582 2279 v.

261 2295 435 2337 ἀπόφασις)
455 2305 529 2326 cum
549 2295 716 2326 codicibus
734 2295 858 2326 nostris
872 2294 1064 2325 consentiat
1179 2295 1219 2324 16
1244 2293 1448 2324 ἐπιδεικνύειν
1459 2315 1466 2322 .
1479 2315 1487 2323 .
1503 2317 1510 2324 .
1523 2290 1584 2332 δεῖ]

262 2339 330 2380 ἔχει
347 2352 396 2371 τις
413 2338 617 2371 ἐπιδεικνύειν
633 2340 704 2378 ὑμῖν
719 2338 751 2368 Α
931 2339 968 2368 18
992 2341 1108 2369 δικαιος
1127 2337 1152 2368 S
1344 2347 1386 2366 20
1410 2338 1518 2376 ὤμοσα
1532 2334 1584 2365 Αἵ

261 2385 363 2422 ὤμοσε
380 2382 404 2413 S
418 2382 444 2412 F
455 2381 486 2421 Q
499 2381 529 2411 D
663 2392 704 2412 22
728 2383 902 2422 ἀποφανεῖν
922 2381 1069 2411 Dindors
1210 2389 1251 2418 25
1277 2382 1304 2411 δ’
1321 2384 1433 2410 servat
1453 2378 1478 2410 S
1492 2377 1586 2410 solus

261 2427 303 2456 26
326 2425 435 2465 τόνδε]
455 2427 504 2457 καὶ
523 2425 613 2457 τόνδε
630 2425 656 2455 F
669 2425 699 2464 Q
790 2426 941 2466 ἀποφανῶ
962 2424 1112 2455 Dindors
1124 2433 1300 2464 perperam
