1763 2778
114 129 248 185 [1150]

202 381 244 418 37

200 771 245 815 38

200 1249 245 1285 39

117 1436 240 1492 [1151]

197 1790 244 1823 40

668 130 767 186 [ΔΗ
781 130 1186 185 ΜΟΣΘΕΝΟΎΣ]
1481 131 1595 186 [vau

264 237 382 285 ρεῖτο,
403 233 595 274 ἐκέλευσα
612 233 681 274 τὸν
700 236 820 275 παῖδα
845 233 1013 274 καλέσαι
1039 236 1074 274 εἴ
1090 250 1198 276 τινας
1220 235 1293 274 ἴδοι
1318 238 1396 274 τῶν
1422 239 1594 276 πολιτῶν

265 301 475 353 παριόντας
501 302 542 341 ἐκ
566 303 635 352 τῆς
660 302 763 348 ὁδοῦ,
789 302 853 341 ἵνα
876 300 1067 353 μάρτυρές
1097 318 1163 352 μοι
1196 303 1336 351 εἴησαν
1366 305 1442 341 τῶν
1474 307 1590 355 λεγο-

264 367 405 419 μένων,
435 369 498 409 καὶ
521 367 656 418 ἠξίουν
681 368 803 409 πάλιν
827 367 896 409 τὸν
922 369 1142 420 Θεόφημον
1166 364 1190 419 ἢ
1217 367 1335 409 αὐτὸν
1359 369 1594 410 ἀκολουθεῖν

265 434 362 487 πρὸς
400 435 489 477 τοὺς
529 434 781 478 ἀποστολέας
813 436 876 476 καὶ
910 435 982 485 τὴν
1005 434 1172 487 βουλήν,
1203 436 1263 476 καὶ
1302 437 1335 477 εἰ
1375 434 1428 487 μή
1468 440 1594 488 φησιν

264 503 456 554 ὀφείλειν,
476 503 646 545 ἐκείνους
665 504 814 544 πείθειν
832 502 922 545 τοὺς
942 503 1189 554 παραδόντας
1214 503 1276 543 καὶ
1301 502 1594 554 ἀναγκάζοντας

265 569 529 622 εἰσπράττειν,
551 566 573 620 ἢ
602 570 832 610 ἀποδιδόναι
856 568 905 610 τὰ
929 571 1063 620 σκεύη·
1102 571 1135 610 εἰ
1155 572 1197 611 δὲ
1214 568 1281 621 μή,
1301 568 1471 622 ἐνέχυρα
1489 571 1593 623 ἔφην

264 635 470 689 λήψεσθαι
495 636 591 677 κατά
615 654 658 678 τε
683 637 772 679 τοὺς
797 637 940 687 νόμους
965 637 1028 678 καὶ
1051 638 1101 677 τὰ
1123 637 1381 690 ψηφίσματα.
1428 636 1540 678 οὐδὲν
1558 636 1592 677 δ’

266 703 476 747 ἐθέλοντος
512 703 630 744 αὐτοῦ
666 708 743 745 τῶν
780 704 939 744 δικαίων
976 707 1116 751 ποιεῖν,
1148 702 1246 756 ἦγον
1278 702 1348 754 τὴν
1386 703 1593 755 ἄνθρωπον

266 773 476 821 ἑστηκυῖαν
516 771 580 812 ἐπὶ
618 776 666 828 τῇ
707 771 815 825 θύρᾳ,
854 770 925 821 τὴν
966 774 1239 822 μετελθοῦσαν
1279 770 1410 811 αὐτόν.
1468 771 1532 812 καὶ
1573 772 1594 812 ὃ

265 838 484 891 Θεόφημός
507 855 557 889 με
580 838 783 894 ἀφῃρεῖτο,
813 838 875 878 καὶ
901 838 977 890 ἐγὼ
1002 837 1074 889 τὴν
1101 840 1174 889 μὲν
1205 837 1414 890 ἄνθρωπον
1442 838 1591 890 ἆφῆκα,

264 905 318 946 εἰς
355 907 399 947 δὲ
437 904 507 956 τὴν
548 906 673 945 οἰκίαν
710 903 872 961 εἰσῄειν,
909 906 975 945 ἵνα
1009 904 1197 958 ἐνέχυρόν
1234 922 1272 945 τι
1307 904 1476 955 λάβοιμι
1516 909 1594 946 τῶν

265 976 429 1013 σκευῶν·
467 972 604 1026 ἔτυχεν
631 973 706 1025 γὰρ
729 972 752 1024 ἡ
780 973 877 1024 θύρα
900 971 1142 1028 ἀνεῳγμένη,
1163 972 1214 1014 ὡς
1240 970 1361 1022 ἦλθεν
1387 973 1407 1011 ὁ
1429 973 1590 1025 Θεόφη-

263 1057 348 1091 μος,
376 1040 437 1080 καὶ
463 1040 521 1080 ἔτι
544 1040 712 1091 ἔμελλεν
739 1038 916 1080 εἰσιέναν
956 1039 1018 1079 καὶ
1043 1039 1274 1090 ἐπεπύσμην
1300 1038 1416 1079 αὐτὸν
1442 1039 1502 1080 ὅτι
1525 1039 1593 1080 οὐκ

265 1108 323 1158 εἵη
352 1106 597 1161 γεγαμηκώς.
667 1107 861 1149 εἰσιόντος
893 1105 936 1148 δέ
966 1123 1042 1159 μου
1072 1107 1182 1147 παίει
1211 1103 1293 1156 πὺξ
1322 1106 1343 1146 ὁ
1375 1107 1594 1159 Θεόφημος

263 1177 308 1214 τὸ
329 1174 470 1225 στόμα,
489 1174 551 1214 καὶ
572 1174 650 1226 ἐγὼ
671 1173 1029 1226 ἐπιμαρτυράμενος
1045 1173 1135 1216 τοὺς
1155 1173 1353 1224 παρόντας
1370 1172 1591 1224 ἠμυνάμην.

265 1241 315 1283 ὡς
341 1241 409 1282 οὖν
435 1241 562 1292 ἀληθῆ
586 1240 706 1294 λέγω,
737 1241 798 1281 καὶ
827 1238 944 1293 ἧρξεν
968 1245 1114 1294 χειρῶν
1142 1241 1287 1281 ἀδίκων
1313 1241 1333 1280 ὁ
1360 1240 1591 1293 Θεόφημος,

264 1308 332 1348 οὐκ
369 1308 544 1349 ἄλλοθεν
584 1311 666 1349 δεῖν
702 1308 811 1359 οἶμαι
847 1307 916 1348 τὸν
953 1308 1124 1362 ἔλεγχον
1160 1307 1348 1361 γενέσθαι
1386 1304 1409 1358 ἢ
1449 1309 1492 1348 ἐκ
1525 1309 1594 1358 τῆς

264 1376 483 1428 ἀνθρώπου,
508 1374 559 1427 ἢν
581 1374 926 1428 μεμαρτυρήκασιν
955 1375 1062 1415 οὗτοι
1094 1377 1130 1416 οἱ
1161 1374 1352 1427 μάρτυρες
1378 1374 1428 1417 ὡς
1450 1373 1595 1425 ἤθελεν

264 1443 284 1482 ὁ
318 1443 535 1495 Θεόφημος
562 1443 831 1495 παραδιδόναι.
891 1442 1013 1499 ταύτῃ
1042 1444 1085 1483 δὲ
1113 1447 1161 1499 τῇ
1189 1442 1381 1496 μαρτυρίᾳ
1405 1442 1594 1495 πρότερος

264 1511 457 1550 εἰσελθὼν
487 1512 542 1552 εἰς
571 1510 615 1550 τὸ
645 1508 910 1561 δικαστήριον,
939 1509 982 1549 οὐ
1008 1508 1370 1562 παραγραφομένου
1395 1510 1489 1560 ἐμοῦ
1514 1508 1593 1549 οὐδ’

262 1576 535 1629 ὑπομνυμένου
557 1579 620 1618 διὰ
639 1576 683 1617 τὸ
705 1576 766 1617 καὶ
786 1577 974 1629 πρότερόν
995 1594 1089 1617 ποτε
1110 1576 1175 1629 ἐφ’
1194 1575 1329 1629 ἑτέρας
1347 1577 1456 1626 δίκης
1474 1575 1595 1616 ταῦτά

261 1661 313 1696 με
334 1644 511 1698 βλάψαι,
539 1644 790 1695 ἐξηπάτησεν
814 1644 905 1686 τοὺς
935 1645 1123 1685 δικαστὰς
1151 1643 1296 1696 λέγων,
1322 1643 1388 1685 οὓς
1417 1645 1489 1693 μὲν
1517 1643 1594 1696 ἐγὼ

263 1711 508 1766 παρειχόμην
531 1711 742 1764 μάρτυρας,
759 1713 808 1751 τὰ
826 1713 954 1764 ψευδῆ
979 1715 1202 1763 μαρτυρεῖν,
1225 1710 1296 1760 τὴν
1321 1712 1364 1752 δὲ
1388 1710 1594 1763 ἄνθρωπον

262 1780 365 1831 ε’ρεῖν
384 1781 453 1821 τὰς
478 1780 666 1830 ἀληθείας
689 1777 1024 1830 βασανιζομένην.
1080 1779 1139 1820 οῖς
1163 1780 1204 1818 δὲ
1231 1778 1320 1819 τότε
1345 1781 1593 1831 κατεχρῶντο

261 1846 411 1898 λόγοις,
445 1849 513 1888 νῦν
549 1846 680 1889 αὐτοῖς
712 1845 994 1899 ἐξελέγχονται
1022 1845 1238 1886 ὑπεναντία
1271 1847 1485 1886 ποιοῦντες·
1521 1843 1593 1894 τὴν

263 1914 337 1966 γὰρ
362 1912 568 1965 ἄνθρωπον
600 1913 645 1953 οὐ
673 1913 838 1964 δύναμαι
871 1915 1122 1964 παραλαβεῖν
1147 1910 1342 1954 πολλάκις
1368 1909 1591 1962 ἐξαιτήσας,

264 1979 315 2022 ὡς
351 1980 641 2033 μεμαρτύρηται
680 1981 785 2031 ὑμῖν.
850 1979 984 2030 ἐπειδὴ
1027 1980 1158 2020 τοίνυν
1197 1978 1268 2029 τὴν
1306 1978 1512 2031 ἄνθρωπον
1549 1977 1594 2018 οὐ

263 2048 563 2100 παραδιδόασιν,
597 2046 645 2098 ἣν
682 2047 790 2088 αὐτοὶ
828 2047 986 2100 ἔφασαν
1023 2046 1362 2099 προκαλέσασθαι,
1393 2045 1594 2097 βούλομαι

306 2178 326 2209 5
350 2168 547 2210 παραδόντας
565 2168 588 2199 S
604 2180 611 2200 ε
635 2169 864 2210 παραδιδόντας
881 2170 931 2200 καὶ
949 2168 1141 2210 ὀφείλοντας
1155 2168 1244 2207 vulg.
1399 2168 1419 2197 6
1443 2168 1462 2204 ἢ
1487 2167 1592 2198 ἀποδι-

264 2212 365 2253 δόναι]
384 2211 585 2254 παραδιδόναι
602 2212 626 2243 S
759 2224 775 2251 7
801 2215 826 2244 δ’
843 2223 906 2244 om.
926 2212 950 2244 S
1087 2222 1124 2242 12
1149 2212 1247 2250 ἦλθεν
1265 2211 1290 2242 S
1308 2222 1315 2241 :
1340 2213 1470 2251 ἐξῆλθεν
1482 2210 1506 2240 F
1519 2210 1549 2248 Q
1564 2210 1592 2240 D

266 2267 304 2296 17
328 2259 392 2289 δεῖν
408 2256 492 2295 οἶμαι
509 2256 533 2287 S
549 2268 555 2287 :
580 2256 664 2296 οἶμαι
682 2259 744 2289 δεῖν
761 2257 786 2286 F
800 2257 829 2295 Q
847 2257 885 2294 D,
906 2257 990 2287 ordo
1007 2266 1088 2286 sane
1107 2255 1262 2286 usitatior
1377 2254 1528 2295 γενέσθαι
1547 2254 1570 2284 S
1585 2264 1592 2283 ι

264 2301 429 2341 ’γίγνεσθαι
447 2299 472 2330 F
487 2300 517 2338 Q
533 2300 563 2330 D
674 2301 711 2330 18
736 2300 821 2332 οὗτοι
835 2302 863 2332 οἱ
875 2301 962 2339 vulg.
980 2311 987 2330 :
1012 2301 1040 2332 οἱ
1056 2300 1080 2330 S
1094 2300 1181 2339 quod
1202 2299 1298 2329 nimis
1317 2299 1370 2329 hic
1387 2297 1590 2336 ambiguum.

263 2343 375 2384 possis
389 2343 474 2376 οὗτοι
491 2344 577 2374 sicut
592 2346 606 2381 ξ
624 2354 676 2383 35,
694 2344 722 2375 οἱ
738 2343 890 2385 μάρτυρες
907 2344 1019 2374 deleto
1106 2353 1145 2382 19
1168 2345 1184 2375 ὁ
1201 2346 1310 2373 servat
1328 2341 1353 2372 S
1369 2341 1462 2372 solus
1551 2350 1589 2370 21

264 2386 479 2427 ὑπομνυμενου
495 2387 542 2418 S:
567 2386 801 2426 ὑπομνυομένου
817 2387 906 2425 vulg.
1037 2385 1146 2427 ἑτέρας
1163 2386 1252 2423 δίκης
1271 2386 1294 2416 S
1313 2386 1381 2423 (me
1400 2385 1503 2424 teste)
1525 2383 1566 2413 D¹
1585 2394 1592 2414 z

265 2429 336 2472 ἔτερ
339 2444 375 2463 ας
390 2431 478 2463 δίκας
492 2430 608 2469 vulg&
640 2430 761 2471 ἑτέραις
779 2431 878 2462 δίκαις
898 2429 994 2461 BlaSs
1139 2439 1180 2467 23
1205 2428 1401 2468 παρειχόμην
1418 2428 1442 2459 S
1460 2439 1467 2458 z
1499 2439 1592 2468 παρε-

264 2473 395 2516 σχόμην
410 2473 435 2505 F
449 2473 479 2513 Q
492 2473 522 2504 D
610 2474 650 2505 τὰ
667 2479 779 2505 servat
797 2474 820 2505 S
838 2473 930 2504 solus
1064 2482 1104 2512 25
1131 2473 1217 2504 αὐτοὶ
1236 2471 1399 2503 Schaeser

1615 520 1632 550 5

1616 855 1654 876 10

1616 1199 1654 1230 ¹5

1617 1521 1656 1542 20

1614 1859 1653 1890 25
