1763 2778
107 134 242 190 [1163]

662 129 1181 186 [ΔΙΙΜΟΣΘΕΝΟὙΣ]
1471 129 1586 184 [κινιῑ

264 237 582 290 παραδώσουσιν,
610 233 972 289 ἐξελεγχθήσονται
995 235 1124 287 ψευδῆ
1158 231 1458 285 ἐγκαλέσαντες,
1487 235 1520 274 εἰ
1545 235 1586 274 δὲ

262 305 313 355 μὴ
340 305 647 357 παραδώσουσιν
671 301 719 352 ἢν
744 302 1017 354 ἐμαρτύρησαν
1043 301 1094 343 ὡς
1126 300 1237 342 οὗτος
1268 299 1388 352 ἤθελε
1424 302 1585 352 παραδι-

200 386 244 420 79
264 373 387 419 δόναι,
430 371 779 424 ψευδομαρτυρίων
825 369 1066 409 ἁλώσονται.
1137 367 1274 418 δέομαι
1320 366 1354 409 δ’
1394 368 1515 418 ὑμῶν,
1559 365 1588 407 ὦ

202 918 247 951 80

117 1564 252 1620 [1164]

208 1623 249 1657 81

264 439 400 490 ἄνδρες
432 438 626 484 δικασταί,
654 439 767 478 εἴτις
800 435 876 488 ἄρα
907 440 985 476 τῶν
1016 436 1105 476 τότε
1139 435 1374 485 δικαζόντων
1403 434 1592 488 τυγχάνει

265 505 318 546 ὢν
342 508 384 546 ἐν
408 507 460 560 τῷ
483 504 727 559 δικαστηρίῳ,
755 508 835 545 τοῖς
866 503 997 545 αὐτοῖς
1030 501 1261 557 χρήσασθαι
1286 501 1424 552 ἤθεσιν
1450 503 1590 554 οἷσπερ

266 575 326 613 καὶ
351 573 453 619 τότε,
483 573 543 612 καὶ
569 573 601 612 εἰ
627 575 699 622 μὲν
723 571 745 622 ἡ
771 571 960 623 μαρτυρία
984 569 1105 619 πιστὴ
1130 570 1220 620 ὑμῖν
1246 566 1379 618 ἔδοξεν
1405 568 1504 610 εἶναι
1528 568 1591 609 καὶ

266 641 343 693 ἐγὼ
363 640 526 693 φεύγειν
542 638 611 680 τὸν
630 639 802 692 ἔλεγχον
817 637 888 678 τὸν
909 638 951 677 ἐκ
969 640 1038 688 τῆς
1054 637 1272 689 ἀνθρώπου,
1291 639 1359 677 νῦν
1380 635 1590 689 ἐξελεγχο-

264 707 394 760 μένων
422 708 550 747 αὐτῶν
581 708 708 759 ψευδῆ
742 705 1094 757 μεμαρτυρηκότων
1128 703 1192 743 καὶ
1223 703 1269 743 οὐ
1298 703 1593 754 παραδιδόντων

266 774 338 825 τὴν
376 773 583 826 ἄνθρωπον
620 773 826 824 βοηθῆσαί
864 788 942 823 μοι,
984 773 1017 812 εἰ
1059 770 1092 811 δ’
1133 770 1217 822 ἐμοὶ
1264 769 1486 823 ὠργίσθητε
1534 771 1594 810 ὅτι

267 841 519 895 ἐνεχυράσων
551 839 676 891 ἦλθον
708 840 774 880 ἐπὶ
804 838 877 890 τὴν
908 839 1037 879 οἰκίαν
1069 837 1140 888 τὴν
1169 841 1237 878 τοῦ
1270 837 1503 890 Θεοφήμου,
1532 838 1594 878 καὶ

266 910 418 951 τούτοις
452 912 522 949 νῦν
557 908 793 960 ὀργισθῆναι
823 907 884 947 ὅτι
916 906 981 947 ἐπὶ
1009 905 1080 957 τὴν
1106 904 1201 956 ἐμὴν
1227 904 1364 955 ἦλθον.
1424 904 1487 944 καὶ
1517 904 1595 956 ἐγὼ

266 979 337 1027 μὲν
370 975 446 1016 ὑπὸ
478 975 610 1026 νόμων
645 975 707 1015 καὶ
738 973 1016 1027 ψηφισμάτων
1050 973 1380 1025 ἀναγκαζόμενος,
1408 972 1596 1024 πρόνοιαν

268 1042 516 1094 ἐποιησάμην
541 1045 610 1082 τοῦ
639 1041 738 1093 μήτε
767 1043 832 1082 ἐπὶ
863 1045 932 1082 τὸν
965 1039 1116 1093 πατέρα
1138 1039 1207 1080 τὸν
1232 1040 1372 1080 τούτου
1399 1041 1596 1080 εἰσελθεῖν

267 1109 363 1163 μήτε
390 1110 455 1151 ἐπὶ
478 1109 549 1160 τὴν
573 1108 734 1162 μητέρα,
761 1107 858 1160 μήτε
883 1112 961 1149 τῶν
984 1111 1054 1149 τοῦ
1080 1109 1260 1159 ἀδελφοῦ
1288 1110 1436 1158 λαβεῖν
1459 1105 1593 1158 μηδέν,

269 1177 360 1219 ἀλλ’
388 1178 431 1218 οὗ
464 1176 580 1220 αὐτὸς
609 1176 699 1233 ᾤκει
730 1177 750 1216 ὁ
785 1176 1016 1228 Θεόφημος·
1055 1176 1118 1215 καὶ
1144 1174 1276 1224 ἐπειδὴ
1303 1175 1347 1216 οὐ
1372 1173 1597 1225 κατέλαβον

269 1244 387 1286 αὐτὸν
422 1244 549 1292 ἔνδον,
574 1243 650 1299 οὐχ
685 1243 866 1297 ἁρπάσας
902 1243 1060 1298 ᾠχόμην
1093 1241 1218 1289 οὐδέν,
1251 1243 1359 1282 ἀλλὰ
1390 1243 1598 1294 μετελθεῖν

270 1312 462 1353 ἐκέλευσα
486 1312 617 1358 αὐτόν,
641 1312 703 1352 καὶ
727 1311 934 1364 παρόντος,
954 1310 1024 1351 οὐκ
1048 1310 1228 1355 ἀπόντος,
1247 1308 1316 1359 τὴν
1339 1309 1599 1362 ἐνεχυρασίαν

271 1379 532 1431 ἐποιησάμην,
560 1380 622 1420 καὶ
656 1378 946 1431 ἀφαιρούμενος
977 1378 1125 1429 ἀφῆκα,
1152 1377 1214 1417 καὶ
1240 1377 1414 1426 ἀνῆλθον
1440 1376 1504 1416 ἐπὶ
1526 1374 1598 1426 τὴν

270 1447 425 1499 βουλὴν
449 1446 538 1488 τοὺς
565 1447 726 1499 κυρίους,
749 1445 813 1486 καὶ
837 1446 1093 1496 εἰσαγγείλας
1119 1444 1181 1484 καὶ
1207 1444 1309 1484 ἑλὼν
1329 1445 1371 1483 ἐν
1389 1443 1435 1499 τῇ
1456 1442 1598 1498 βουλῇ,

273 1515 452 1568 ἀποχρῆν
482 1512 695 1566 ἡγησάμην
726 1514 775 1553 τὰ
802 1514 876 1564 μὲν
901 1512 1019 1561 σκεύη
1047 1512 1273 1562 ἀπολαβεῖν
1297 1512 1418 1556 ἁπλᾶ,
1446 1510 1534 1562 περὶ
1560 1511 1601 1550 δὲ

273 1586 352 1622 τῶν
375 1585 540 1633 πληγῶν
565 1580 790 1633 ἐπιτρέψαι,
818 1583 871 1634 τῷ
896 1581 937 1619 δὲ
963 1578 1152 1629 τιμήματι
1179 1579 1453 1632 συγχωρῆσαι·
1497 1576 1602 1617 ὥστε

274 1649 351 1702 ἐγὼ
370 1650 443 1700 μὲν
460 1649 560 1689 οὕτω
581 1651 705 1700 πρᾶος
721 1647 810 1700 περὶ
830 1646 989 1688 τούτους
1008 1645 1068 1697 ῆν,
1088 1645 1196 1686 οὗτοι
1213 1647 1255 1686 δὲ
1275 1645 1397 1687 οὕτως
1416 1645 1603 1696 ἀσελγεῖς

275 1716 336 1756 καὶ
361 1715 549 1768 βδελυροὶ
574 1713 669 1754 ὥστ’
693 1715 758 1754 ἐπὶ
783 1713 854 1765 τὴν
879 1717 1044 1766 γυναῖκα
1068 1711 1131 1753 καὶ
1154 1714 1202 1752 τὰ
1228 1713 1364 1752 παιδία
1389 1713 1599 1756 εἰσελθεῖν,

275 1783 434 1837 ἔχοντες
457 1785 530 1834 μὲν
553 1783 600 1822 τὰ
630 1781 816 1834 πρόβατα
846 1780 910 1822 καὶ
941 1780 1032 1822 τοὺς
1061 1778 1227 1826 οἰκέτας,
1256 1780 1440 1821 πλείονος
1463 1774 1600 1827 ἄξιαῆ

277 1849 598 1896 κατεδικάσαντο,
627 1847 925 1900 ἀναβαλόμενοι
949 1849 990 1888 δὲ
1016 1847 1087 1897 τὴν
1112 1847 1387 1899 ὑπερημερίαν,
1413 1845 1598 1897 ἐπαγγεί-
1624 1862 1637 1882 2

274 1923 420 1959 λαντος
443 1916 476 1957 δ’
499 1918 591 1967 ἐμοῦ
616 1916 844 1967 κομίζεσθαι
864 1915 994 1956 αὐτοῖς
1013 1913 1084 1964 τὴν
1104 1914 1226 1964 δίκην,
1246 1913 1296 1955 ὡς
1314 1913 1603 1965 μεμαρτύρηται

276 1986 380 2035 ὑμῖν,
403 1984 465 2024 καὶ
491 1983 742 2024 εἰσελθόντες
767 1983 822 2024 εἰς
845 1981 918 2032 τὴν
944 1983 1070 2022 οἰκίαν
1095 1980 1144 2022 τά
1166 1998 1209 2022 τε
1234 1981 1354 2031 σκεύη
1382 1982 1604 2032 ἐκφορῆσαι

277 2050 347 2102 τήν
372 2068 415 2092 τε
438 2051 574 2101 τιτθὴν
600 2050 815 2102 συγκόψαι,
844 2053 965 2101 γραῦν
992 2052 1168 2100 γυναῖκα,
1196 2048 1311 2088 ἕνεκα
1334 2047 1514 2098 κυμβίου,
1541 2046 1603 2086 καὶ

276 2122 398 2159 ταῦτα
422 2118 550 2158 πάντα
576 2117 632 2158 ἔτι
657 2118 765 2169 ἔχειν
795 2117 857 2156 καὶ
887 2115 938 2167 μὴ
969 2116 1199 2156 ἀποδιδόναι
1225 2115 1486 2156 ἐκτετεικότος
1513 2115 1604 2164 ἐμοῦ

321 2238 340 2257 2
365 2227 403 2265 ἢν
420 2227 637 2268 ἐμαρτύρησαν
654 2227 678 2257 S
694 2226 759 2264 FQ
778 2237 785 2256 ε
819 2226 848 2258 οἱ
870 2224 1164 2267 μαρτυρῆσοντεςΡ
1180 2238 1231 2265 γρ.
1251 2224 1281 2262 Q
1299 2237 1348 2264 γρ.
1367 2228 1400 2254 ct
1419 2222 1556 2263 (-αντες)
1575 2222 1604 2252 D

277 2270 368 2304 οὗτος
386 2271 502 2301 Wolf:
527 2273 581 2302 οὐκ
594 2271 617 2301 S
629 2271 652 2300 F
669 2270 699 2308 Q
716 2281 723 2300 :
748 2269 849 2300 0m.1·'
868 2283 918 2310 γρ.
933 2270 963 2307 Q
981 2282 1030 2310 γρ.
1048 2269 1077 2298 D
1197 2278 1216 2306 3
1240 2273 1318 2298 ante
1333 2267 1605 2308 ψευδομαρτυρίων

277 2315 352 2346 add.
380 2314 428 2346 ὅτι
451 2314 475 2343 F
500 2327 552 2355 γρ.
579 2314 608 2352 Q
631 2327 682 2355 Ὑρ.
702 2313 732 2343 D
865 2323 883 2352 5
908 2315 1017 2351 ἤθεσιν
1046 2311 1167 2343 Blass:
1202 2312 1306 2343 ἔθεσιν
1333 2311 1429 2342 codd.
1566 2310 1604 2339 18

280 2359 422 2396 ἀπῆλθον
439 2357 462 2388 S
477 2357 505 2386 D
595 2368 635 2387 22
659 2356 770 2398 πρᾶος]
788 2356 913 2398 μέτριος
929 2356 954 2386 F
974 2369 1023 2396 -γρ,
1044 2355 1074 2393 Q
1091 2368 1143 2396 γρ.
1242 2365 1284 2392 23
1308 2355 1464 2386 εἰσελθεῖν
1483 2352 1580 2383 Blass
1596 2363 1604 2382 ε

282 2404 387 2433 ἐλθεῖν
403 2401 498 2432 codd.
646 2410 687 2439 25
712 2400 971 2438 ἀναβαλλόμενοι
989 2400 1015 2430 F
1029 2399 1059 2437 Q
1077 2398 1107 2429 D
1256 2399 1298 2428 26
1322 2399 1434 2429 αὐτοὺς
1451 2396 1476 2428 S
1494 2396 1579 2435 vulg.
1597 2406 1605 2425 :

281 2445 383 2477 αὐτοῖς
403 2443 551 2475 Dindorf
563 2454 608 2475 ex
622 2445 697 2476 cod.
717 2444 754 2484 B,
774 2444 814 2474 cf.
839 2447 853 2481 §
871 2445 912 2482 67

1611 521 1628 551 5

1616 849 1656 872 10

1625 1525 1662 1546 20
