1763 2778
404 119 444 155 Π
455 118 568 156 ΡΟΟ
580 119 593 155 Ι
605 119 645 155 M
657 118 671 154 Ι
682 118 729 155 A.
801 121 1170 158 XXXV-XXXVII

137 215 313 269 πλήρεις.
353 218 414 258 (τί
432 216 539 263 οὖν’,
567 216 613 257 ἄν
640 233 696 258 τις
723 217 837 263 εἴποι,
866 214 936 257 (σὺ
967 219 1181 268 παραινεῖς,
1199 214 1332 266 ἐπειδὴ
1360 214 1464 256 ταῦτ’

138 286 317 339 ἐπιτιμᾷς
334 283 362 331 ';
401 285 478 337 ἐγὼ
504 283 549 334 νὴ
573 284 641 324 Δί’
668 285 753 335 ἐρῶ.

757 397 831 436 A?

206 482 373 531 Πρῶτον
397 477 482 530 μέν,
509 476 538 519 ὦ
564 478 702 531 ἄνδρες
729 478 943 529 Ἀθηναῖοι,
971 478 1015 518 οὐ
1040 477 1142 519 πάνυ
1172 494 1240 530 μοι
1271 481 1380 519 δοκεῖ
1406 494 1466 520 τις

100 545 186 602 5ἂν
222 546 382 589 εἰκότως
417 546 504 597 περὶ
538 546 646 596 ὑμῶν
683 547 825 591 δεῖσαι,
863 545 915 596 μὴ
953 547 1057 597 παρὰ
1091 545 1136 585 τὸ
1171 548 1249 586 τῶν
1286 549 1463 596 συμβου-

137 613 335 654 λευόντων
359 612 428 653 οὐκ
452 612 605 653 ἐθέλειν
623 612 778 653 ἀκούειν
797 617 931 666 χεῖρον
956 612 1251 664 βουλεύσησθε.
1311 616 1466 664 πρῶτον

136 682 208 731 μὲν
245 681 319 733 γὰρ
354 680 376 731 ἡ
413 680 525 734 τύχη,
566 683 695 721 καλῶς
730 683 912 726 ποιοῦσα,
951 681 1085 720 πολλὰ
1116 683 1194 721 τῶν
1227 679 1467 732 πραγμάτων

137 748 228 798 ὑμῖν
263 747 475 798 αὐτόματα,
511 747 562 789 ὡς
597 746 646 787 ἂν
682 746 880 798 εὕξαισθε,
919 748 1177 799 παρίστησιν,
1217 747 1302 788 ἐπεὶ
1338 753 1384 804 τῇ
1421 764 1467 799 γε

138 818 217 855 τῶν
241 814 546 867 προεστηκότων
575 815 740 868 προνοίᾳ
765 813 910 868 βραχέ’
940 814 1067 855 αὐτῶν
1103 815 1209 867 εἶχεν
1242 814 1291 854 ἂν
1324 817 1466 856 καλῶς.

82 902 119 924 10
138 881 262 923 ἔπειθ’
297 883 406 933 ὑμεῖς
438 881 482 922 οὐ
511 881 634 932 μόνον
667 881 757 923 τοὺς
789 882 935 934 λόγους
972 882 1038 924 οὓς
1074 881 1121 922 ἂν
1159 882 1327 923 ἕκαστος
1365 883 1468 922 εἴποι

138 949 316 1001 πρόϊστε,
335 949 441 989 ἀλλὰ
461 949 524 989 καὶ
540 950 594 988 ὧν
610 948 710 989 ἕνεκ’
729 948 855 989 αὐτῶν
872 949 1038 990 ἕκαστος
1059 952 1283 1001 δημηγορεῖ,
1306 950 1338 989 εἰ
1355 951 1396 989 δὲ
1414 948 1466 999 μὴ

139 1015 447 1069 φιλαπέχθημον
467 1015 526 1066 ἦν,
549 1015 660 1056 εἶπον
680 1015 728 1056 ἂν
749 1017 811 1056 καὶ
832 1017 970 1056 πόσου.
1008 1019 1077 1056 τὸν
1101 1016 1146 1066 δὴ
1173 1019 1240 1056 τοῦ
1265 1017 1465 1068 φενακίζε-

140 1086 235 1124 σθαι
253 1084 398 1136 χρόνον
420 1083 472 1125 ὡς
491 1084 545 1125 εἷς
564 1084 802 1136 μικρότατον
824 1082 1066 1136 συνάγοντες
1087 1086 1314 1136 σωφρονεῖν
1332 1083 1467 1135 ἔμοιγε

140 1153 302 1191 δοκεῖτε.
359 1151 482 1202 εἰμὲν
501 1149 547 1200 δή
574 1167 610 1190 τι
635 1154 712 1191 τῶν
733 1151 859 1191 αὐτῶν
881 1152 1052 1202 ἔμελλον
1078 1155 1159 1193 τοῖς
1184 1150 1324 1192 ἄλλοις
1350 1152 1465 1202 ἐρεῖν,

83 1238 118 1270 15
139 1218 208 1258 οὐκ
232 1216 280 1258 ἂν
305 1216 408 1273 ᾤμην
434 1219 515 1258 δεῖν
539 1216 671 1270 λέγων
697 1219 894 1271 ἐνοχλεῖν.
955 1221 1023 1258 νῦν
1049 1220 1089 1258 δὲ
1116 1217 1372 1270 συμφέροντα
1396 1219 1468 1268 μὲν

138 1285 229 1336 ὑμῖν
254 1285 431 1330 ἀκοῦσαι,
458 1284 689 1326 παντάπασι
721 1285 752 1325 δ’
779 1286 1035 1338 ἀφεστηκότα
1066 1289 1145 1326 τῶν
1169 1286 1244 1326 ὑπὸ
1269 1289 1345 1325 τῶν
1371 1290 1467 1325 πολ-

138 1356 223 1393 λῶν
247 1351 585 1404 προσδοκωμένων
610 1353 741 1403 οἴομαι
769 1352 895 1404 λόγον
920 1354 1035 1405 ἐρεῖν,
1096 1352 1251 1406 βραχὺς
1280 1352 1313 1392 δ’
1339 1352 1466 1393 ἔσται.

140 1418 354 1472 σκέψασθε
378 1419 412 1459 δ’
437 1419 692 1465 ἀκούσαντες,
721 1418 791 1460 κᾶν
815 1421 905 1471 ὑμῖν
931 1419 1092 1476 ἀρέσκῃ,
1120 1418 1343 1473 χρήσασθε.

768 1541 838 1578 ΛΖ

81 1645 121 1668 20
210 1621 285 1662 Καὶ
313 1625 522 1675 βραχεῖαν,
552 1620 580 1662 ὦ
613 1621 752 1674 ἄνδρες
778 1621 994 1673 Ἀθηναῖοι,
1025 1623 1086 1663 καὶ
1120 1623 1273 1662 δικαίαν
1307 1620 1469 1672 ποιήσο-

140 1705 210 1740 μαι
247 1688 319 1739 τὴν
357 1688 486 1743 ἀρχὴν
524 1693 593 1729 τοῦ
630 1690 767 1742 λόγου·
817 1690 879 1730 καὶ
919 1690 1018 1729 οὕτω
1059 1692 1101 1730 δὲ
1141 1689 1189 1730 τὰ
1228 1689 1341 1730 πάντ’
1380 1691 1467 1741 ἐρῶ.

141 1756 311 1809 ἡγοῦμαι
334 1758 410 1809 γὰρ
430 1756 629 1807 ἐξαπατᾶν
653 1760 725 1808 μὲν
752 1757 851 1797 εῖναι
875 1756 1127 1808 βουλομένου
1154 1760 1317 1798 σκοπεῖν
1348 1755 1469 1797 ὅντιν’

140 1823 238 1874 ὑμᾶς
263 1823 408 1875 τρόπον
433 1824 522 1866 τοὺς
548 1824 761 1866 ἀκούοντας
787 1826 833 1864 τὰ
858 1828 926 1864 τοῦ
958 1823 1187 1877 πράγματος
1219 1826 1391 1877 δυσχερῆ
1418 1827 1468 1877 τῷ

141 1891 249 1945 λόγῳ
271 1890 555 1943 συγκρύψεται,
575 1892 710 1932 ἁπλῶς
730 1894 772 1932 δὲ
791 1892 1022 1933 πεπεικότος
1042 1890 1159 1931 αὑτὸν
1178 1892 1267 1942 ὑμῖν
1290 1890 1468 1943 προσφέ-

85 1980 122 2012 25
142 1959 284 2009 ρεσθαι
307 1961 420 1998 τοῦτο
445 1962 598 2010 πρῶτον
625 1958 736 2004 εῖναι,
766 1960 890 2000 εἰπεῖν
926 1958 1057 2010 πότερ’
1084 1959 1265 2010 ἐγνωκὼς
1298 1957 1469 2010 παρελή-

189 2068 211 2097 6
237 2070 344 2109 χεῖρον
360 2067 391 2097 Y
404 2067 456 2098 rC
475 2079 481 2098 τ
506 2081 620 2109 χειρων
640 2067 662 2097 S
680 2080 686 2098 τ
712 2069 809 2109 χείρω
826 2068 917 2106 vulg.
936 2079 943 2098 τ
969 2067 1076 2108 χεῖρόν
1094 2082 1124 2100 τι
1142 2067 1172 2106 Q
1186 2081 1236 2109 γρ.
1376 2077 1392 2106 7
1413 2066 1472 2107 μὲν

142 2120 207 2141 om.
229 2121 245 2141 r
333 2122 353 2150 9
372 2112 460 2151 ἔχειν
477 2111 537 2142 SF
551 2112 581 2142 Y
595 2111 624 2141 D
717 2122 751 2142 11
773 2111 1021 2152 φιλαπέχθημον
1038 2111 1068 2141 Y
1082 2121 1166 2142 corr.
1185 2123 1191 2142 ε
1217 2112 1472 2152 φιλαπεχθήμων

143 2159 220 2186 cett.
315 2165 353 2185 12
377 2155 432 2196 ἧν]
450 2154 480 2187 εἷ
493 2155 518 2185 F
613 2165 650 2194 13
675 2155 888 2197 σμικρότατον
905 2155 928 2186 S
943 2155 967 2185 F
981 2155 1010 2185 Y
1024 2155 1053 2185 D
1069 2155 1095 2185 C
1181 2164 1218 2193 15
1245 2155 1323 2195 δεῖν]
1342 2156 1411 2193 περὶ
1430 2154 1472 2186 ὧν

142 2200 213 2230 ἴστε
234 2201 298 2230 δεῖν
316 2209 332 2229 r
488 2209 525 2238 17
551 2200 632 2240 ἐρεῖν
649 2209 664 2228 r
682 2210 688 2229 ε
713 2200 802 2240 ἔχειν
818 2204 897 2230 cett.
1002 2198 1044 2239 δ’]
1065 2198 1090 2230 δ’
1110 2198 1156 2239 ἄρ’
1175 2210 1190 2230 r
1287 2203 1363 2238 post
1380 2200 1472 2230 ἔσται

146 2242 218 2272 add.
237 2244 253 2273 ὃ
271 2241 370 2283 λόγος
388 2252 404 2272 r
421 2252 428 2280 ;
454 2243 569 2284 χρόνος
587 2242 610 2273 S
622 2242 709 2281 vulg.
727 2254 734 2273 ε
759 2243 870 2273 delevi
990 2243 1028 2272 18
1053 2245 1174 2283 χρῆσθε
1193 2252 1209 2272 r
1327 2252 1365 2272 21
1392 2244 1472 2273 οὕτω

146 2284 178 2316 δὲ
195 2285 313 2324 scripsi
329 2297 336 2316 :
360 2286 431 2317 οὐδὲ
449 2286 545 2316 codd.
562 2296 569 2322 ;
594 2291 710 2317 notum
733 2286 815 2317 illud
833 2287 868 2318 οὓ
885 2296 945 2325 pro
966 2288 1047 2318 οὕτω
1064 2286 1304 2325 compendium
1393 2290 1473 2325 post

144 2330 201 2369 ἐρῶ
218 2329 292 2360 add.
305 2329 413 2361 πολλά
430 2330 548 2360 rsolus
660 2340 700 2359 22
724 2330 922 2369 βουλομένου
935 2329 960 2360 F
975 2340 1060 2361 corr.
1073 2329 1104 2360 Y
1118 2340 1206 2360 corr.
1226 2341 1233 2360 τ
1259 2329 1474 2369 βουλομένους

145 2372 170 2403 S
183 2373 268 2412 vulg.
398 2383 440 2412 23
465 2375 543 2413 ὑμᾶς
559 2372 678 2403 Wolf:
703 2375 788 2413 ὑμεῖς
805 2374 902 2404 codd.
978 2374 1020 2405 τὰ
1040 2373 1204 2404 Schaefer
1219 2384 1226 2404 ι
1250 2375 1300 2405 καὶ
1317 2374 1357 2404 τὰ
1375 2373 1472 2403 codd.

143 2425 185 2454 24
210 2416 428 2458 συγκρύψεται
446 2427 462 2447 r
481 2417 673 2458 (Schaefer)
690 2429 696 2448 :
723 2417 929 2459 συγκρύψητε
947 2416 971 2448 S
987 2417 1076 2456 vulg.

1487 111 1626 167 [1445]

1489 1276 1626 1335 [1446]
