1763 2778
123 112 256 166 [1180]

132 286 254 340 ¹1181]

217 731 260 766 50

217 1338 253 1374 5Ι

217 2053 258 2089 52

128 2090 258 2144 [1182]

681 112 1198 168 [MIMOEGENOTE]
1471 113 1599 167 [xwm

275 216 595 269 προκαλουμένου
631 216 698 256 οὐκ
734 215 933 266 ἠθέλησεν
967 216 1116 256 τούτων
1152 216 1263 256 οὐδὲν
1300 218 1475 266 ποιῆσαι,
1508 215 1599 256 ἀλλ’

276 285 375 324 οὕτω
401 284 733 335 πεφιλοσόφηκεν
748 283 850 323 ὥστε
874 283 926 334 μὴ
945 283 1044 323 εἶναι
1063 284 1161 333 ὑμᾶς
1177 284 1342 323 ἀκοῦσαι
1361 287 1438 323 τῶν
1456 286 1599 333 συνθη-

278 355 352 391 κῶν
370 353 411 390 ἐκ
436 355 514 391 τῶν
531 354 669 390 κοινῶν
686 350 940 403 γραμμάτων.
994 351 1056 390 καὶ
1070 351 1132 390 ὅτι
1146 354 1266 390 ταῦτα
1286 350 1598 402 προύκαλούμην,

275 418 421 458 τούτων
458 419 548 468 ὑμῖν
571 419 785 470 μαρτυρίαν
821 417 1093 470 ἀναγνώσεται
1129 418 1182 457 ῶν
1217 418 1395 457 ἐναντίον
1431 417 1598 469 προύκα-

276 485 440 536 λούμην.
507 484 603 537 λέγε
627 484 698 535 τὴν
721 485 948 537 μαρτυρίαν.

835 626 1045 653 ΜΑΡἹὝΡΙΑ.

346 721 438 759 Πῶς
474 717 522 758 ἂν
555 717 623 758 οὖν
657 720 814 769 μᾶλλον
852 716 1081 769 καταφανὴς
1109 715 1264 769 γένοιτο
1294 716 1510 769 ἄνθρωπος,
1545 718 1604 757 ὅτι
1632 750 1635 754 .

279 785 433 827 δικαίως
457 787 531 836 μὲν
554 784 667 825 οὐδὲν
691 784 884 836 βούλεται
909 785 1005 836 πρός
1027 801 1077 835 με
1096 784 1293 836 πράττειν,
1313 783 1605 836 ἀποστερήσειν

278 852 310 892 δ’
348 853 469 892 οἴεται
506 851 530 891 ἓι
565 850 759 904 προσήκει
795 852 881 903 ἐμοὶ
918 854 1077 902 λαβεῖν,
1114 850 1338 903 προφάσεις
1374 850 1505 902 λέγων
1543 851 1604 891 καὶ

279 918 508 972 ἐγκλήματα
533 920 728 972 ἐγκαλῶν,
753 918 823 961 τὰς
847 921 890 960 δὲ
915 917 1125 968 συνθήκας,
1151 917 1197 960 ἅς
1224 919 1332 970 φησί
1351 935 1399 969 με
1425 922 1602 969 παραβε-

277 986 457 1039 βηκέναι,
496 985 563 1026 οὐκ
599 985 702 1041 ᾠήθη
741 989 821 1026 δεῖν
857 987 955 1036 ὑμᾶς
992 987 1177 1032 ἀκοῦσαι;
1216 986 1293 1038 ἐγὼ
1331 987 1371 1026 δὲ
1409 986 1498 1026 τότε
1531 987 1605 1036 μὲν

279 1055 459 1094 ἐναντίον
481 1057 559 1094 τῶν
583 1053 789 1106 μαρτύρων
815 1057 892 1094 τῶν
912 1052 1243 1105 παραγενομένων
1258 1051 1603 1105 προύκαλεσάμην,

279 1122 362 1162 νυνὶ
388 1123 427 1161 δὲ
455 1120 517 1160 καὶ
542 1122 649 1171 ὑμῶν
666 1121 848 1161 ἐναντίον
866 1124 944 1161 τῶν
964 1123 1162 1160 δικαστῶν
1180 1119 1302 1160 πάλιν
1322 1123 1602 1171 προκαλοῦμαι,

280 1188 342 1228 καὶ
367 1187 461 1238 ἀξιῶ
489 1191 711 1240 συγχωρεῖν
736 1187 852 1227 αὐτὸν
879 1187 941 1227 καὶ
968 1187 1044 1240 ἐγὼ
1071 1190 1264 1241 συγχωρῶ
1291 1185 1606 1240 ἀνοιχθῆναιτὰς

280 1254 476 1305 συνθήκας
514 1255 668 1295 ἐνταυθὶ
706 1255 770 1295 ἐπὶ
802 1257 872 1294 τοῦ
900 1255 1168 1306 δικαστηρίου,
1200 1254 1262 1295 καὶ
1299 1255 1464 1294 ἀκοῦσαι
1492 1254 1604 1304 ὑμᾶς,

279 1322 340 1362 καὶ
378 1321 501 1362 πάλιν
543 1323 792 1372 σημανθῆναι
838 1322 1016 1362 ἐναντίον
1048 1322 1168 1373 ὑμῶν.
1229 1320 1529 1373 Ἀνδροκλείδης
1565 1322 1606 1361 δὲ

279 1390 415 1429 οὑτοσὶ
452 1387 654 1441 πάρεστιν.
695 1389 772 1441 ἐγὼ
818 1387 894 1442 γὰρ
931 1388 1033 1443 αὐτῷ
1070 1387 1289 1441 ἐπήγγειλα
1325 1389 1433 1438 ἥκειν
1473 1388 1607 1441 ἔχοντι

278 1458 347 1499 τὰς
381 1455 591 1506 συνθήκας.
652 1455 715 1496 καὶ
761 1459 968 1510 συγχωρῶ,
1005 1453 1034 1495 ὦ
1071 1455 1208 1509 ἄνδρες
1244 1456 1437 1501 δικασταί,
1475 1456 1517 1495 ἐν
1553 1458 1606 1509 τῷ

278 1523 416 1563 τούτου
440 1524 548 1579 λόγῳ
572 1520 596 1574 ἢ
624 1524 666 1564 ἐν
696 1526 748 1578 τῷ
775 1522 952 1578 προτέρῳ
980 1519 1004 1574 ἢ
1031 1524 1072 1563 ἐν
1097 1527 1149 1577 τῷ
1175 1522 1326 1578 ὑστέρῳ
1359 1522 1604 1575 ἀνοιχθῆναι·

280 1591 392 1631 οὐδὲν
427 1590 503 1643 γάρ
537 1607 602 1642 μοι
640 1589 829 1643 διαφέρει.
887 1591 985 1641 ὑμᾶς
1022 1592 1063 1631 δὲ
1098 1590 1300 1641 βούλομαι
1334 1589 1502 1630 ἀκοῦσαι
1536 1590 1606 1630 τὰς

280 1656 477 1708 συνθήκας
503 1658 565 1697 καὶ
590 1657 678 1699 τοὺς
704 1659 854 1710 ὅρκους,
880 1657 947 1699 οὓς
980 1657 1194 1709 ὠμόσαμεν
1218 1655 1410 1707 ἀλλήλοις
1440 1657 1518 1709 ἐγὼ
1543 1655 1606 1696 καὶ

278 1724 604 1776 Ὀλυμπιόδωρος
635 1726 784 1765 οὑτοσί.
847 1724 908 1764 καὶ
933 1725 966 1765 εἰ
997 1726 1070 1776 μὲν
1102 1728 1314 1778 συγχωρεῖ,
1343 1723 1446 1764 ἔστω
1471 1726 1603 1770 ταῦτα,

281 1792 343 1832 καὶ
376 1792 486 1842 ὑμεῖς
523 1791 694 1837 ἀκούετε,
735 1793 894 1832 ἐπειδὰν
931 1791 1054 1845 τούτῳ
1091 1794 1200 1848 δοκῇ·
1237 1792 1306 1831 ἐὰν
1343 1792 1385 1831 δὲ
1411 1789 1464 1842 μὴ
1495 1788 1605 1846 ’θέλῃ

279 1861 400 1898 ταῦτα
424 1862 563 1904 ποιεῖν,
591 1858 658 1898 οὐκ
684 1858 754 1909 ἤδη
783 1857 1011 1910 καταφανὴς
1035 1858 1161 1904 ἔσται,
1188 1855 1218 1897 ὦ
1248 1857 1383 1910 ἄνδρες
1407 1858 1602 1903 δικασταί,

280 1925 341 1965 ὅτι
365 1925 728 1978 ἀναισχυντότατός
754 1926 864 1965 ἐστιν
888 1925 1105 1977 ἀνθρώπων
1135 1923 1333 1971 ἁπάντων,
1359 1925 1424 1965 καὶ
1448 1925 1605 1966 δικαίως

279 1991 360 2032 οὐδ’
386 1991 434 2032 ἂν
459 1992 588 2032 ὁτιοῦν
614 1991 882 2046 ἀποδέχοισθε
909 1992 1048 2032 τούτου
1075 1991 1125 2033 ὡς
1149 1991 1257 2044 ὑγιές
1280 2008 1319 2032 τι
1340 1990 1552 2043 λέγοντος,·

347 2058 476 2099 Ἀλλὰ
501 2060 542 2100 τί
563 2062 684 2099 ταῦτα
708 2058 915 2109 σπουδάζω
923 2075 935 2105 ,·
974 2058 1063 2101 οὐδὲ
1085 2060 1162 2111 γὰρ
1187 2057 1302 2101 αὐτὸς
1325 2058 1464 2110 ἀγνοεῖ
1485 2061 1605 2098 ταῦτα

279 2125 404 2172 οὗτος,
431 2126 493 2166 ὅτι
516 2126 644 2166 ἀδικεῖ
662 2128 735 2177 μὲν
758 2125 842 2177 ἐμέ,
868 2126 996 2166 ἀδικεῖ
1018 2128 1059 2167 δὲ
1093 2125 1183 2168 τοὺς
1209 2124 1320 2168 θεοὺς
1343 2125 1409 2167 οὓς
1435 2125 1602 2176 ὤμοσεν,

323 2246 342 2273 4
366 2234 487 2266 τούτων
504 2237 573 2275 ὑμῖν
588 2237 759 2277 μαρτυρίαν
777 2235 800 2266 S
820 2235 886 2275 (me
903 2235 1007 2273 teste)
1027 2234 1094 2273 FQ
1109 2235 1138 2264 D
1157 2246 1164 2266 ε
1198 2236 1324 2272 τοῦτον,
1341 2234 1513 2276 μαρτυρίαν
1535 2235 1605 2273 ὑμῖν

280 2277 312 2308 Α
455 2289 472 2317 7
497 2278 655 2319 ἅνθρωπος
681 2279 852 2316 Schaeser,
884 2279 945 2309 Sed
975 2279 1015 2310 cf.
1049 2281 1064 2316 5
1094 2288 1135 2317 45
1295 2279 1333 2308 16
1357 2279 1555 2317 σημήνασθαι
1572 2277 1604 2306 Α

285 2331 321 2360 17
348 2322 528 2363 ἐπήγγειλα
544 2321 568 2352 S
579 2321 610 2351 A
627 2333 634 2353 τ
661 2321 905 2363 ἐπηγγειλάμην
922 2321 948 2352 F
960 2321 990 2360 Q
1007 2321 1036 2351 D
1147 2331 1188 2359 23
1214 2322 1372 2353 ἀκούσατε
1389 2321 1421 2350 Α
1511 2320 1603 2362 ἐθέλῃ

280 2365 369 2404 vulg.
386 2376 393 2395 τ
418 2369 567 2403 εθεληται
585 2365 608 2395 S
626 2366 686 2395 sed
703 2379 754 2396 ται
772 2365 906 2395 lineolis
923 2365 1035 2396 deleto
1052 2376 1058 2395 :
1083 2365 1160 2407 θέλῃ
1179 2365 1209 2394 Α
1339 2374 1379 2402 24
1398 2363 1469 2404 οὐκ]
1486 2363 1554 2395 τότ’
1572 2364 1602 2393 Α

281 2410 324 2439 26
346 2408 558 2449 ἀποδέχοισθε
574 2408 605 2438 Α
620 2420 627 2440 :
652 2409 820 2450 ἀνέχοισθε
838 2409 862 2439 S
874 2409 898 2438 F
913 2408 944 2448 Q
960 2408 990 2438 D
1084 2423 1115 2441 τι
1132 2419 1198 2439 om.
1215 2407 1246 2438 Α
1380 2409 1422 2437 28
1446 2407 1557 2439 οὑτοσί
1572 2407 1604 2438 Α

1628 941 1665 964 10

1629 1276 1665 1307 15

1627 1611 1667 1633 20

1626 1946 1664 1977 25
