1763 2778
162 118 248 172 ινα]
519 122 679 160 ΠΡΟΣ
718 121 1130 159 ΕΎΒΟΎΛΙΔΗΝ
1507 115 1638 172 [1315]

221 220 314 261 ’Έτι
337 222 468 262 τοίνυν
497 220 670 273 ὀρφανὸς
704 221 980 272 κατελείφθην,
1009 220 1071 260 καὶ
1103 220 1231 272 φασίν
1255 217 1294 270 μ’
1322 219 1487 270 εὔπορον
1508 232 1550 269 52

163 288 262 329 εἶναι
288 288 350 329 καὶ
374 292 453 329 τῶν
475 287 681 340 μαρτύρων
707 289 832 328 ἐνίους
858 286 1160 340 ὠφελουμένους
1189 302 1254 337 μοι
1276 288 1487 337 μαρτυρεῖν

162 358 369 408 συγγενεῖς
395 354 507 396 εἶναι.
581 355 642 395 καὶ
667 353 747 406 ἅμα
771 356 844 406 μὲν
870 353 952 394 κατ’
987 354 1081 404 ἐμοῦ
1112 353 1303 406 λέγουσιν
1340 354 1410 394 τὰς
1444 353 1487 392 ἐκ

161 425 229 473 τῆς
253 423 388 464 πενίας
414 421 572 473 ἀδοξίας
595 422 658 462 καὶ
685 422 773 474 περὶ
797 420 843 461 τὸ
866 420 982 473 γένος
1007 420 1314 472 διαβάλλουσιν,
1340 419 1421 470 ἅμα
1446 421 1488 459 δὲ

123 504 140 536 5
161 488 209 530 δι’
247 489 429 542 εὐπορίαν
463 489 566 542 φασὶ
598 488 728 529 πάντα
758 487 798 540 μ’
824 488 1024 529 ὠνεῖσθαι.
1095 487 1200 528 ὥστε
1229 487 1376 539 πότερα
1411 485 1486 540 χρὴ
1509 502 1552 539 53

161 555 292 599 αὐτοῖς
322 555 543 602 πιστεύειν,·
581 555 676 607 ἐξῆν
699 558 741 596 δὲ
775 554 898 606 δήπου
929 555 1094 600 τούτοις,
1121 555 1155 595 εἰ
1188 554 1304 596 νόθος
1329 550 1351 604 ἢ
1376 553 1487 604 ξένος

161 622 208 674 ἦν
234 623 326 676 ἐγώ,
353 623 615 675 κληρονόμοις
643 622 744 664 εἶναι
777 626 855 663 τῶν
892 624 996 674 ἐμῶν
1030 621 1202 663 πάντων.
1275 620 1346 661 εἶθ’
1381 620 1488 661 οὗτοι

160 692 278 743 μικρὰ
313 690 538 742 λαμβάνειν
575 690 639 731 καὶ
675 690 910 731 κινδυνεύειν
951 691 993 730 ἐν
1029 689 1384 742 ψευδομαρτυρίοις
1426 687 1487 728 καὶ

161 759 357 809 ἐπιορκεῖν
384 760 542 809 μᾶλλον
567 760 767 810 αἱροῦνται
790 754 813 808 ἦ
841 756 956 798 πάντ’
981 756 1102 810 ἔχειν,
1131 758 1193 797 καὶ
1217 755 1323 796 ταῦτ’
1349 756 1485 808 ἀσφα-

104 840 143 863 ῐο
160 828 254 871 λῶς,
291 825 353 865 καὶ
388 827 579 876 μηδεμιᾶς
614 823 802 875 ἐξωλείας
837 825 1011 878 ὑπόχους
1045 823 1204 865 ἑαυτοὺς
1236 826 1381 869 ποιεῖν;
1419 821 1487 862 οὐκ

162 892 251 933 ἔστι
273 895 407 937 ταῦτα,
435 891 526 932 ἀλλ’
551 892 660 943 οἶμαι
691 895 901 944 συγγενεῖς
929 893 1039 933 ὄντες
1071 892 1119 931 τὰ
1151 891 1280 931 δίκαια
1313 893 1485 936 ποιοῦσι,

161 961 401 1012 βοηθοῦντες
437 960 565 999 αὑτῶν
605 960 675 1000 ἑνί.
746 960 809 1000 καὶ
847 958 956 999 ταῦτ’
994 959 1084 1012 οὐχὶ
1122 961 1191 999 νῦν
1229 956 1488 1008 πεπεισμένοι
1508 971 1552 1008 54

162 1030 356 1073 ποιοῦσιν,
400 1027 508 1067 ἀλλὰ
549 1028 705 1067 παιδίον
753 1028 848 1067 ὅντα
894 1025 933 1078 μ’
978 1024 1121 1067 εὐθέως
1160 1024 1259 1077 ἦγον
1301 1026 1356 1066 εἰς
1398 1024 1487 1066 τοὺς

162 1092 372 1147 φράτερας,
401 1095 454 1135 εἷς
480 1092 737 1135 Ἀπόλλωνος
769 1091 947 1148 πατρῴου
977 1089 1118 1146 [ἧγον],
1154 1094 1209 1134 εἰς
1240 1090 1353 1132 τᾶλλ’
1390 1091 1486 1144 ἱερά.

105 1177 142 1209 15
164 1161 289 1202 καίτοι
312 1160 358 1201 οὗ
381 1159 506 1211 δήπου
531 1164 620 1202 παῖς
648 1160 702 1201 ὢν
728 1161 805 1214 ἐγὼ
829 1160 935 1201 ταῦτ’
961 1161 1120 1201 ἔπειθον
1139 1159 1277 1200 αὐτοὺς
1302 1160 1487 1211 ἀργύριον

162 1229 301 1270 διδούς.
373 1228 479 1268 ἀλλὰ
503 1227 580 1279 μὴν
604 1229 625 1268 ὁ
650 1227 778 1280 πατὴρ
801 1227 917 1270 αὐτὸς
944 1228 1017 1278 ζῶν
1043 1228 1193 1279 ὀμόσας
1223 1226 1291 1266 τὸν
1323 1226 1487 1278 νόμιμον

161 1299 244 1337 τοῖς
268 1294 490 1348 φράτερσιν
515 1296 632 1347 ὅρκον
659 1294 874 1348 εἰσήγαγέν
898 1312 959 1346 με,
981 1293 1105 1335 ἀστὸν
1132 1294 1179 1345 ἐξ
1201 1295 1324 1343 ἀστῆς
1351 1294 1489 1346 ἐγγυη-

162 1364 230 1413 τῆς
256 1363 358 1416 αὐτῷ
384 1362 650 1415 γεγενημένον
674 1363 798 1408 εἰδώς,
826 1363 888 1403 καὶ
913 1365 1033 1402 ταῦτα
1056 1361 1358 1413 μεμαρτύρηται.
1419 1359 1487 1401 εἶτ’
1512 1372 1551 1410 55

163 1430 240 1482 ἐγὼ
269 1428 399 1480 ξένος;
437 1433 513 1470 ποῦ
543 1431 741 1481 μετοίκιον
775 1430 973 1476 καταθείς;
1011 1425 1034 1479 ἢ
1067 1430 1126 1471 τίς
1159 1432 1236 1469 τῶν
1271 1429 1373 1479 ἐμῶν
1406 1428 1485 1468 πώ-

105 1516 144 1538 20
163 1513 278 1543 ποτε;
317 1500 392 1538 ποῦ
427 1496 523 1549 πρὸς
559 1496 707 1539 ἄλλους
744 1497 916 1549 δημότας
955 1496 1096 1542 ἐλθών,
1136 1496 1198 1536 καὶ
1235 1495 1279 1535 οὐ
1311 1496 1488 1546 δυνηθεὶς

163 1565 333 1605 ἐκείνους
369 1567 507 1605 πεῖσαι
542 1563 643 1617 δεῦρ’
674 1564 843 1616 ἐμαυτὸν
876 1563 1099 1616 ἐνέγραψα,·
1147 1566 1222 1603 ποῦ
1253 1564 1294 1603 τί
1319 1561 1488 1613 ποιήσας

162 1632 216 1672 ὧν
245 1632 337 1672 ὅσοι
364 1631 418 1683 μὴ
449 1634 625 1684 καθαρῶς
656 1630 760 1682 ἦσαν
790 1634 950 1672 πολῖται
975 1631 1232 1681 πεποιηκότες
1257 1631 1486 1682 φαίνονται;

162 1699 344 1750 οὐδαμοῦ,
365 1698 457 1739 ἀλλ’
476 1700 625 1745 ἁπλῶς,
647 1700 690 1739 ἐν
710 1700 768 1740 οἶς
793 1700 812 1738 ὁ
838 1698 998 1740 πάππος
1023 1698 1044 1738 ὁ
1067 1701 1135 1738 τοῦ
1160 1697 1319 1749 πατρός,
1341 1697 1362 1736 ὁ
1382 1697 1486 1748 ἐμός,

162 1763 220 1818 (ὁ)
244 1765 384 1818 πατήρ,
406 1767 573 1807 ἐνταῦθα
598 1767 660 1806 καὶ
685 1765 800 1807 αὐτὸς
826 1766 1018 1818 φαίνομαι
1045 1765 1364 1816 δημοτευόμενος.
1425 1764 1488 1804 καὶ

105 1848 142 1880 25
164 1836 232 1873 νῦν
269 1837 352 1876 πῶς
389 1832 436 1873 ἄν
478 1850 537 1875 τις
575 1834 665 1885 ὑμῖν
704 1833 958 1886 σαφέστερον
997 1831 1226 1882 ἐπιδείξειεν
1263 1834 1382 1883 μετὸν
1420 1833 1487 1881 τῆς
1508 1832 1641 1887 [1316]

163 1900 319 1942 πόλεως
358 1901 479 1955 αὖτῷ;
524 1901 768 1952 ἐνθυμείσθω
810 1902 885 1954 γὰρ
925 1900 1091 1941 ἕκαστος
1129 1900 1247 1951 ὑμῶν,
1286 1897 1315 1939 ὦ
1351 1898 1489 1951 ἄνδρες
1511 1906 1555 1950 56

164 1966 381 2018 Ἀθηναῖοι,
407 1967 497 2010 τοὺς
521 1969 644 2022 ἑαυτῷ
678 1966 951 2020 προσήκοντας
989 1966 1062 2007 τίν’
1095 1966 1222 2006 ἄλλον
1259 1965 1307 2006 ἂν
1341 1965 1488 2006 δύναιτ’

164 2032 355 2084 ἐπιδεῖξαι
379 2035 525 2087 τρόπον
543 2031 567 2085 ἢ
587 2033 655 2075 τὸν
675 2034 793 2075 αὐτὸν
814 2036 913 2086 ἐμοί,
935 2037 1239 2087 μαρτυροῦντας,
1261 2033 1490 2085 ὀμνύοντας,

164 2101 289 2142 πάλαι
313 2101 404 2144 τοὺς
429 2101 568 2144 αὐτοὺς
593 2101 670 2143 ἀπὸ
694 2103 764 2152 τῆς
790 2102 914 2155 ἀρχῆς
938 2103 1073 2149 ὅνταςῐ

206 2212 227 2241 6
250 2211 293 2251 εἰ]
312 2212 331 2250 ἢ
350 2211 374 2242 S
386 2209 416 2249 Q
432 2210 462 2241 D
575 2221 592 2251 7
618 2210 835 2252 κληρονόμους
853 2211 878 2242 F
891 2210 922 2240 D
1043 2211 1064 2241 8
1087 2212 1366 2253 ψευδομαρτυρίαις
1381 2209 1490 2247 codd,

164 2264 250 2285 corr.
271 2256 379 2285 Cobet
537 2265 574 2293 14
597 2269 636 2294 με
647 2260 723 2294 post
734 2256 876 2296 πατρῴου
886 2255 963 2286 add.
980 2254 1079 2286 Blass
1210 2253 1403 2294 maluiffvyou
1416 2263 1490 2283 cum

166 2297 350 2329 Schaefero
367 2298 544 2329 secludere
681 2308 717 2337 17
741 2312 779 2339 με
797 2298 912 2339 ἀστὸν]
934 2298 987 2338 ἐμὲ
1004 2297 1035 2327 Α
1171 2308 1210 2338 19
1233 2297 1308 2338 ποῦ]
1327 2299 1363 2328 οὐ
1380 2298 1490 2334 δήπου·

165 2345 254 2373 ποῖον
269 2341 302 2371 Α
378 2351 416 2372 21
445 2341 604 2383 ἐνέγραψα
616 2342 710 2373 codd.
731 2353 739 2372 :
763 2342 926 2383 ἐγγράψας
941 2341 1038 2372 Blass
1048 2341 1224 2381 speciose3
1248 2341 1365 2371 similis
1379 2345 1489 2370 tamen

166 2395 267 2424 supra
284 2385 531 2415 inconcinnitas
551 2386 583 2423 (ἢ
600 2386 648 2417 τίς
664 2409 672 2417 .
692 2407 700 2416 .
722 2409 729 2417 .
746 2387 873 2417 πώποτε
888 2387 912 2423 ς)
1024 2385 1099 2425 ποῦ]
1119 2385 1218 2417 ποΐΑ
1351 2393 1391 2421 23
1415 2383 1489 2415 ἀλλ’

166 2428 274 2460 ἁπλῶς
290 2428 341 2459 A:
366 2429 453 2461 ἀλλὰ
465 2432 530 2460 πῶς
547 2428 572 2458 S
589 2428 679 2468 vulg.
770 2428 843 2468 τοῦ]
861 2430 935 2469 πρὸς
952 2428 1160 2459 Valckenaer
1280 2438 1319 2466 24
1343 2425 1392 2468 (ὁ)
1412 2427 1486 2457 add.

166 2471 295 2501 Reiske
427 2480 469 2510 25
493 2473 576 2511 ὑμῶν
592 2471 623 2500 A
755 2481 795 2511 27
821 2470 880 2504 τίν’
897 2472 935 2503 ἂν
952 2473 1056 2504 ἄλλον
1071 2471 1103 2500 Α
1228 2472 1269 2501 28
1290 2471 1444 2511 ὀμνύντας
1460 2469 1491 2498 Α
