<?xml version="1.0" encoding="UTF-8"?>
<!DOCTYPE html PUBLIC "-//W3C//DTD XHTML 1.0 Transitional//EN"
    "http://www.w3.org/TR/xhtml1/DTD/xhtml1-transitional.dtd">
<html xmlns="http://www.w3.org/1999/xhtml" xml:lang="en" lang="en">
 <head>
  <title>
</title>
<meta http-equiv="Content-Type" content="text/html;charset=utf-8" />
  <meta name='ocr-system' content='tesseract 3.04.00' />
  <meta name='ocr-capabilities' content='ocr_page ocr_carea ocr_par ocr_line ocrx_word'/>
</head>
<body>
  <div class='ocr_page' id='page_1' title='image "./orationesrecog03demouoft_0098.png"; bbox 0 0 1763 2778; ppageno 0'>
   <div class='ocr_carea' id='block_1_1' title="bbox 56 135 1523 195">
    <p class='ocr_par' dir='ltr' id='par_1_1' title="bbox 56 135 1523 195">
     <span class='ocr_line' id='line_1_1' title="bbox 56 135 1523 195; baseline -0.005 -16"><span class='ocrx_word' id='word_1_1' title='bbox 56 139 173 195; x_wconf 85' lang='lat'>[1111]</span> <span class='ocrx_word' id='word_1_2' title='bbox 619 140 1109 178; x_wconf 77' lang='grc' dir='ltr'>ΔΙΙΜΟΣΘΕΝΟὙΣ</span> <span class='ocrx_word' id='word_1_3' title='bbox 1436 135 1523 189; x_wconf 67' lang='lat' dir='ltr'>[va</span> 
     </span>
    </p>
   </div>
   <div class='ocr_carea' id='block_1_2' title="bbox 132 237 1524 361">
    <p class='ocr_par' dir='ltr' id='par_1_2' title="bbox 132 237 1524 361">
     <span class='ocr_line' id='line_1_2' title="bbox 132 237 1524 291; baseline -0.001 -11"><span class='ocrx_word' id='word_1_4' title='bbox 132 256 173 290; x_wconf 89' lang='lat'>31</span> <span class='ocrx_word' id='word_1_5' title='bbox 196 241 352 283; x_wconf 84' lang='grc' dir='ltr'>οὐδενὸς</span> <span class='ocrx_word' id='word_1_6' title='bbox 375 242 567 281; x_wconf 90' lang='grc' dir='ltr'>λείπεται.</span> <span class='ocrx_word' id='word_1_7' title='bbox 626 241 735 290; x_wconf 78' lang='grc' dir='ltr'>λαβὲ</span> <span class='ocrx_word' id='word_1_8' title='bbox 765 238 811 289; x_wconf 75' lang='grc' dir='ltr'>δὴ</span> <span class='ocrx_word' id='word_1_9' title='bbox 843 238 915 290; x_wconf 76' lang='grc' dir='ltr'>τὴν</span> <span class='ocrx_word' id='word_1_10' title='bbox 937 241 1138 291; x_wconf 83' lang='grc' dir='ltr'>μίσθωσιν</span> <span class='ocrx_word' id='word_1_11' title='bbox 1164 239 1227 280; x_wconf 91' lang='grc' dir='ltr'>καὶ</span> <span class='ocrx_word' id='word_1_12' title='bbox 1249 239 1358 291; x_wconf 82' lang='grc' dir='ltr'>λέγε,</span> <span class='ocrx_word' id='word_1_13' title='bbox 1385 237 1432 290; x_wconf 78' lang='grc' dir='ltr'>ἣν</span> <span class='ocrx_word' id='word_1_14' title='bbox 1455 238 1524 278; x_wconf 89' lang='grc' dir='ltr'>τὸν</span> 
     </span>
     <span class='ocr_line' id='line_1_3' title="bbox 197 305 1135 361; baseline -0.003 -12"><span class='ocrx_word' id='word_1_15' title='bbox 197 308 315 349; x_wconf 82' lang='grc' dir='ltr'>αὐτὸν</span> <span class='ocrx_word' id='word_1_16' title='bbox 340 309 486 361; x_wconf 86' lang='grc' dir='ltr'>τρόπον</span> <span class='ocrx_word' id='word_1_17' title='bbox 513 308 574 347; x_wconf 80' lang='grc' dir='ltr'>διὰ</span> <span class='ocrx_word' id='word_1_18' title='bbox 599 305 856 359; x_wconf 85' lang='grc' dir='ltr'>προκλήσεως</span> <span class='ocrx_word' id='word_1_19' title='bbox 879 306 1135 357; x_wconf 72' lang='grc' dir='ltr'>ἐνεβάλοντο.</span> 
     </span>
    </p>
   </div>
   <div class='ocr_carea' id='block_1_3' title="bbox 639 415 1082 444">
    <p class='ocr_par' dir='ltr' id='par_1_3' title="bbox 639 415 1082 444">
     <span class='ocr_line' id='line_1_4' title="bbox 639 415 1082 444; baseline -0.002 -2"><span class='ocrx_word' id='word_1_20' title='bbox 639 415 838 444; x_wconf 81' lang='grc' dir='ltr'>ΜΙΣΘΩΣΙΣ</span> <span class='ocrx_word' id='word_1_21' title='bbox 861 415 1082 444; x_wconf 85' lang='grc' dir='ltr'><strong>ΤΡΑΠΕΖΗΣ.</strong></span> 
     </span>
    </p>
   </div>
   <div class='ocr_carea' id='block_1_4' title="bbox 196 472 1563 797">
    <p class='ocr_par' dir='ltr' id='par_1_4' title="bbox 196 472 1563 797">
     <span class='ocr_line' id='line_1_5' title="bbox 253 472 1525 522; baseline -0.003 -9"><span class='ocrx_word' id='word_1_22' title='bbox 253 476 362 513; x_wconf 78' lang='grc' dir='ltr'>Κατὰ</span> <span class='ocrx_word' id='word_1_23' title='bbox 382 474 468 512; x_wconf 81' lang='grc' dir='ltr'>τάδε</span> <span class='ocrx_word' id='word_1_24' title='bbox 489 473 676 522; x_wconf 81' lang='grc' dir='ltr'>ἐμίσθωσε</span> <span class='ocrx_word' id='word_1_25' title='bbox 698 473 853 510; x_wconf 82' lang='grc' dir='ltr'>Πασίων</span> <span class='ocrx_word' id='word_1_26' title='bbox 875 472 944 520; x_wconf 79' lang='grc' dir='ltr'>τὴν</span> <span class='ocrx_word' id='word_1_27' title='bbox 961 473 1145 521; x_wconf 78' lang='grc' dir='ltr'>τράπεζαν</span> <span class='ocrx_word' id='word_1_28' title='bbox 1169 472 1363 521; x_wconf 84' lang='grc' dir='ltr'>Φορμίωνι·</span> <span class='ocrx_word' id='word_1_29' title='bbox 1385 472 1525 522; x_wconf 85' lang='grc' dir='ltr'>μίσθω-</span> 
     </span>
     <span class='ocr_line' id='line_1_6' title="bbox 198 526 1563 581; baseline -0.002 -14"><span class='ocrx_word' id='word_1_30' title='bbox 198 547 259 567; x_wconf 86' lang='grc' dir='ltr'>σιν</span> <span class='ocrx_word' id='word_1_31' title='bbox 279 530 405 578; x_wconf 81' lang='grc' dir='ltr'>φέρειν</span> <span class='ocrx_word' id='word_1_32' title='bbox 424 529 619 577; x_wconf 86' lang='grc' dir='ltr'>Φορμίωνα</span> <span class='ocrx_word' id='word_1_33' title='bbox 638 529 703 575; x_wconf 79' lang='grc' dir='ltr'>τῆς</span> <span class='ocrx_word' id='word_1_34' title='bbox 722 527 903 576; x_wconf 79' lang='grc' dir='ltr'>τραπέζης</span> <span class='ocrx_word' id='word_1_35' title='bbox 921 529 997 566; x_wconf 76' lang='grc' dir='ltr'>τοῖς</span> <span class='ocrx_word' id='word_1_36' title='bbox 1017 527 1125 564; x_wconf 85' lang='grc' dir='ltr'>παισὶ</span> <span class='ocrx_word' id='word_1_37' title='bbox 1144 528 1219 566; x_wconf 80' lang='grc' dir='ltr'>τοῖς</span> <span class='ocrx_word' id='word_1_38' title='bbox 1241 527 1436 566; x_wconf 83' lang='grc' dir='ltr'>Πασίωνος</span> <span class='ocrx_word' id='word_1_39' title='bbox 1462 526 1524 564; x_wconf 79' lang='grc' dir='ltr'>δύο</span> <span class='ocrx_word' id='word_1_40' title='bbox 1545 549 1563 581; x_wconf 82' lang='lat'><strong>5</strong></span> 
     </span>
     <span class='ocr_line' id='line_1_7' title="bbox 196 581 1526 631; baseline -0.004 -9"><span class='ocrx_word' id='word_1_41' title='bbox 196 585 362 622; x_wconf 76' lang='grc' dir='ltr'>τάλαντα</span> <span class='ocrx_word' id='word_1_42' title='bbox 378 583 438 621; x_wconf 81' lang='grc' dir='ltr'>καὶ</span> <span class='ocrx_word' id='word_1_43' title='bbox 456 582 726 631; x_wconf 81' lang='grc' dir='ltr'>τετταράκοντα</span> <span class='ocrx_word' id='word_1_44' title='bbox 744 584 837 630; x_wconf 78' lang='grc' dir='ltr'>μνᾶς</span> <span class='ocrx_word' id='word_1_45' title='bbox 857 583 921 618; x_wconf 77' lang='grc' dir='ltr'>τοῦ</span> <span class='ocrx_word' id='word_1_46' title='bbox 948 583 1111 618; x_wconf 76' lang='grc' dir='ltr'>ἐνιαυτοῦ</span> <span class='ocrx_word' id='word_1_47' title='bbox 1137 581 1306 626; x_wconf 82' lang='grc' dir='ltr'>ἑκάστου,</span> <span class='ocrx_word' id='word_1_48' title='bbox 1328 581 1437 631; x_wconf 82' lang='grc' dir='ltr'>χωρὶς</span> <span class='ocrx_word' id='word_1_49' title='bbox 1462 583 1526 630; x_wconf 78' lang='grc' dir='ltr'>τῆς</span> 
     </span>
     <span class='ocr_line' id='line_1_8' title="bbox 199 635 1526 688; baseline -0.003 -12"><span class='ocrx_word' id='word_1_50' title='bbox 199 638 278 676; x_wconf 85' lang='grc' dir='ltr'>καθ’</span> <span class='ocrx_word' id='word_1_51' title='bbox 291 639 432 688; x_wconf 82' lang='grc' dir='ltr'>ἡμέραν</span> <span class='ocrx_word' id='word_1_52' title='bbox 444 637 668 685; x_wconf 79' lang='grc' dir='ltr'>διοικήσεως·</span> <span class='ocrx_word' id='word_1_53' title='bbox 682 636 735 685; x_wconf 74' lang='grc' dir='ltr'>μὴ</span> <span class='ocrx_word' id='word_1_54' title='bbox 749 636 880 681; x_wconf 77' lang='grc' dir='ltr'>ἐξεῖναι</span> <span class='ocrx_word' id='word_1_55' title='bbox 896 635 934 673; x_wconf 78' lang='grc' dir='ltr'>δὲ</span> <span class='ocrx_word' id='word_1_56' title='bbox 945 637 1225 684; x_wconf 77' lang='grc' dir='ltr'>τραπεζιτεῦσαι</span> <span class='ocrx_word' id='word_1_57' title='bbox 1237 635 1348 685; x_wconf 82' lang='grc' dir='ltr'>χωρὶς</span> <span class='ocrx_word' id='word_1_58' title='bbox 1359 636 1526 685; x_wconf 84' lang='grc' dir='ltr'>Φορμίω-</span> 
     </span>
     <span class='ocr_line' id='line_1_9' title="bbox 197 689 1526 742; baseline -0.002 -12"><span class='ocrx_word' id='word_1_59' title='bbox 197 711 239 739; x_wconf 87' lang='grc' dir='ltr'>νι,</span> <span class='ocrx_word' id='word_1_60' title='bbox 259 694 320 731; x_wconf 77' lang='grc' dir='ltr'>ἐὰν</span> <span class='ocrx_word' id='word_1_61' title='bbox 334 693 386 742; x_wconf 81' lang='grc' dir='ltr'>μὴ</span> <span class='ocrx_word' id='word_1_62' title='bbox 402 693 515 742; x_wconf 87' lang='grc' dir='ltr'>πείσῃ</span> <span class='ocrx_word' id='word_1_63' title='bbox 531 691 614 730; x_wconf 68' lang='grc' dir='ltr'>τοὺς</span> <span class='ocrx_word' id='word_1_64' title='bbox 633 690 765 730; x_wconf 78' lang='grc' dir='ltr'>παῖδας</span> <span class='ocrx_word' id='word_1_65' title='bbox 783 691 867 730; x_wconf 72' lang='grc' dir='ltr'>τοὺς</span> <span class='ocrx_word' id='word_1_66' title='bbox 889 691 1094 730; x_wconf 84' lang='grc' dir='ltr'>Πασίωνος.</span> <span class='ocrx_word' id='word_1_67' title='bbox 1153 690 1297 737; x_wconf 86' lang='grc' dir='ltr'>ὀφείλει</span> <span class='ocrx_word' id='word_1_68' title='bbox 1313 689 1351 728; x_wconf 81' lang='grc' dir='ltr'>δὲ</span> <span class='ocrx_word' id='word_1_69' title='bbox 1371 690 1526 729; x_wconf 89' lang='grc' dir='ltr'>Πασίων</span> 
     </span>
     <span class='ocr_line' id='line_1_10' title="bbox 198 744 1367 797; baseline -0.003 -12"><span class='ocrx_word' id='word_1_70' title='bbox 198 748 257 785; x_wconf 86' lang='grc' dir='ltr'>ἐπὶ</span> <span class='ocrx_word' id='word_1_71' title='bbox 275 747 343 797; x_wconf 81' lang='grc' dir='ltr'>τὴν</span> <span class='ocrx_word' id='word_1_72' title='bbox 361 747 544 796; x_wconf 81' lang='grc' dir='ltr'>τράπεζαν</span> <span class='ocrx_word' id='word_1_73' title='bbox 565 745 691 784; x_wconf 83' lang='grc' dir='ltr'>ἕνδεκα</span> <span class='ocrx_word' id='word_1_74' title='bbox 708 746 873 783; x_wconf 81' lang='grc' dir='ltr'>τάλαντα</span> <span class='ocrx_word' id='word_1_75' title='bbox 894 747 943 785; x_wconf 87' lang='grc' dir='ltr'>εἷς</span> <span class='ocrx_word' id='word_1_76' title='bbox 963 746 1026 784; x_wconf 81' lang='grc' dir='ltr'>τὰς</span> <span class='ocrx_word' id='word_1_77' title='bbox 1045 744 1367 795; x_wconf 86' lang='grc' dir='ltr'>παρακαταθήκας.</span> 
     </span>
    </p>
   </div>
   <div class='ocr_carea' id='block_1_5' title="bbox 51 853 1588 2392">
    <p class='ocr_par' dir='ltr' id='par_1_5' title="bbox 135 853 1588 1313">
     <span class='ocr_line' id='line_1_11' title="bbox 135 853 1588 913; baseline -0.004 -14"><span class='ocrx_word' id='word_1_78' title='bbox 135 879 176 913; x_wconf 81' lang='lat'>32</span> <span class='ocrx_word' id='word_1_79' title='bbox 258 856 334 899; x_wconf 53' lang='grc' dir='ltr'>ὃΑς</span> <span class='ocrx_word' id='word_1_80' title='bbox 370 859 442 909; x_wconf 81' lang='grc' dir='ltr'>μὲν</span> <span class='ocrx_word' id='word_1_81' title='bbox 484 857 617 896; x_wconf 86' lang='grc' dir='ltr'>τοίνυν</span> <span class='ocrx_word' id='word_1_82' title='bbox 656 854 882 909; x_wconf 81' lang='grc' dir='ltr'>παρέσχετο</span> <span class='ocrx_word' id='word_1_83' title='bbox 921 853 1119 905; x_wconf 85' lang='grc' dir='ltr'>συνθήκας</span> <span class='ocrx_word' id='word_1_84' title='bbox 1161 854 1212 897; x_wconf 85' lang='grc' dir='ltr'>ὧς</span> <span class='ocrx_word' id='word_1_85' title='bbox 1250 855 1349 895; x_wconf 78' lang='grc' dir='ltr'>κατὰ</span> <span class='ocrx_word' id='word_1_86' title='bbox 1385 855 1527 898; x_wconf 86' lang='grc' dir='ltr'>ταύτας</span> <span class='ocrx_word' id='word_1_87' title='bbox 1550 871 1588 894; x_wconf 89' lang='lat'>10</span> 
     </span>
     <span class='ocr_line' id='line_1_12' title="bbox 197 920 1526 976; baseline -0.001 -12"><span class='ocrx_word' id='word_1_88' title='bbox 197 923 503 976; x_wconf 83' lang='grc' dir='ltr'>μισθωσάμενος</span> <span class='ocrx_word' id='word_1_89' title='bbox 527 923 598 974; x_wconf 76' lang='grc' dir='ltr'>τὴν</span> <span class='ocrx_word' id='word_1_90' title='bbox 615 921 825 975; x_wconf 75' lang='grc' dir='ltr'>τράπεζαν,</span> <span class='ocrx_word' id='word_1_91' title='bbox 846 922 961 962; x_wconf 83' lang='grc' dir='ltr'>αὗταί</span> <span class='ocrx_word' id='word_1_92' title='bbox 983 923 1097 968; x_wconf 85' lang='grc' dir='ltr'>εἰσιν,</span> <span class='ocrx_word' id='word_1_93' title='bbox 1120 920 1149 962; x_wconf 71' lang='grc' dir='ltr'><em>ὦ</em></span> <span class='ocrx_word' id='word_1_94' title='bbox 1174 921 1311 975; x_wconf 83' lang='grc' dir='ltr'>ἄνδρες</span> <span class='ocrx_word' id='word_1_95' title='bbox 1330 923 1526 963; x_wconf 86' lang='grc' dir='ltr'>δικασταί.</span> 
     </span>
     <span class='ocr_line' id='line_1_13' title="bbox 199 989 1527 1042; baseline -0.002 -10"><span class='ocrx_word' id='word_1_96' title='bbox 199 992 359 1033; x_wconf 77' lang='grc' dir='ltr'>ἀκούετε</span> <span class='ocrx_word' id='word_1_97' title='bbox 400 991 434 1031; x_wconf 90' lang='grc' dir='ltr'>δ’</span> <span class='ocrx_word' id='word_1_98' title='bbox 477 992 518 1031; x_wconf 90' lang='grc' dir='ltr'>ἐν</span> <span class='ocrx_word' id='word_1_99' title='bbox 556 990 714 1031; x_wconf 83' lang='grc' dir='ltr'>ταύταις</span> <span class='ocrx_word' id='word_1_100' title='bbox 753 989 1167 1042; x_wconf 82' lang='grc' dir='ltr'>ἀναγιγνωσκομέναις</span> <span class='ocrx_word' id='word_1_101' title='bbox 1207 990 1409 1041; x_wconf 88' lang='grc' dir='ltr'>μίσθωσιν</span> <span class='ocrx_word' id='word_1_102' title='bbox 1453 991 1527 1042; x_wconf 82' lang='grc' dir='ltr'>μὲν</span> 
     </span>
     <span class='ocr_line' id='line_1_14' title="bbox 199 1055 1524 1112; baseline -0.003 -12"><span class='ocrx_word' id='word_1_103' title='bbox 199 1059 335 1112; x_wconf 86' lang='grc' dir='ltr'>φέρειν</span> <span class='ocrx_word' id='word_1_104' title='bbox 367 1061 520 1103; x_wconf 79' lang='grc' dir='ltr'>τοῦτον,</span> <span class='ocrx_word' id='word_1_105' title='bbox 555 1057 649 1098; x_wconf 85' lang='grc' dir='ltr'>ἄνευ</span> <span class='ocrx_word' id='word_1_106' title='bbox 680 1059 750 1107; x_wconf 88' lang='grc' dir='ltr'>τῆς</span> <span class='ocrx_word' id='word_1_107' title='bbox 784 1056 867 1097; x_wconf 86' lang='grc' dir='ltr'>καθ’</span> <span class='ocrx_word' id='word_1_108' title='bbox 901 1055 1049 1109; x_wconf 86' lang='grc' dir='ltr'>ἡμέραν</span> <span class='ocrx_word' id='word_1_109' title='bbox 1079 1056 1322 1108; x_wconf 85' lang='grc' dir='ltr'>διοικήσεως,</span> <span class='ocrx_word' id='word_1_110' title='bbox 1354 1056 1422 1096; x_wconf 86' lang='grc' dir='ltr'>δύο</span> <span class='ocrx_word' id='word_1_111' title='bbox 1457 1055 1524 1096; x_wconf 84' lang='grc' dir='ltr'>τά-</span> 
     </span>
     <span class='ocr_line' id='line_1_15' title="bbox 197 1123 1526 1176; baseline -0.002 -10"><span class='ocrx_word' id='word_1_112' title='bbox 197 1131 324 1166; x_wconf 90' lang='grc' dir='ltr'>λαντα</span> <span class='ocrx_word' id='word_1_113' title='bbox 364 1126 425 1166; x_wconf 88' lang='grc' dir='ltr'>καὶ</span> <span class='ocrx_word' id='word_1_114' title='bbox 466 1123 754 1176; x_wconf 80' lang='grc' dir='ltr'>τετταράκοντα</span> <span class='ocrx_word' id='word_1_115' title='bbox 795 1127 894 1175; x_wconf 78' lang='grc' dir='ltr'>μνᾶς</span> <span class='ocrx_word' id='word_1_116' title='bbox 931 1128 999 1163; x_wconf 82' lang='grc' dir='ltr'>τοῦ</span> <span class='ocrx_word' id='word_1_117' title='bbox 1038 1125 1216 1164; x_wconf 82' lang='grc' dir='ltr'>ἐνιαυτοῦ</span> <span class='ocrx_word' id='word_1_118' title='bbox 1257 1123 1437 1170; x_wconf 83' lang='grc' dir='ltr'>ἑκάστου,</span> <span class='ocrx_word' id='word_1_119' title='bbox 1474 1123 1526 1175; x_wconf 79' lang='grc' dir='ltr'>μὴ</span> 
     </span>
     <span class='ocr_line' id='line_1_16' title="bbox 199 1190 1587 1247; baseline -0.003 -13"><span class='ocrx_word' id='word_1_120' title='bbox 199 1192 345 1244; x_wconf 81' lang='grc' dir='ltr'>ἐξεῖναι</span> <span class='ocrx_word' id='word_1_121' title='bbox 369 1195 410 1233; x_wconf 81' lang='grc' dir='ltr'>δὲ</span> <span class='ocrx_word' id='word_1_122' title='bbox 433 1191 721 1245; x_wconf 77' lang='grc' dir='ltr'>τραπεζιτεύειν</span> <span class='ocrx_word' id='word_1_123' title='bbox 740 1191 856 1246; x_wconf 81' lang='grc' dir='ltr'>αὐτῷ,</span> <span class='ocrx_word' id='word_1_124' title='bbox 884 1192 953 1231; x_wconf 72' lang='grc' dir='ltr'>ἐὰν</span> <span class='ocrx_word' id='word_1_125' title='bbox 971 1190 1023 1242; x_wconf 75' lang='grc' dir='ltr'>μὴ</span> <span class='ocrx_word' id='word_1_126' title='bbox 1043 1191 1143 1241; x_wconf 83' lang='grc' dir='ltr'>ἡμᾶς</span> <span class='ocrx_word' id='word_1_127' title='bbox 1167 1191 1302 1247; x_wconf 87' lang='grc' dir='ltr'>πείσῃ.</span> <span class='ocrx_word' id='word_1_128' title='bbox 1351 1190 1524 1244; x_wconf 88' lang='grc' dir='ltr'>προσγέ-</span> <span class='ocrx_word' id='word_1_129' title='bbox 1550 1207 1587 1240; x_wconf 89' lang='lat'>15</span> 
     </span>
     <span class='ocr_line' id='line_1_17' title="bbox 199 1257 1528 1313; baseline -0.002 -12"><span class='ocrx_word' id='word_1_130' title='bbox 199 1276 370 1313; x_wconf 88' lang='grc' dir='ltr'>γραπται</span> <span class='ocrx_word' id='word_1_131' title='bbox 395 1261 435 1299; x_wconf 81' lang='grc' dir='ltr'>δὲ</span> <span class='ocrx_word' id='word_1_132' title='bbox 461 1263 690 1299; x_wconf 86' lang='grc' dir='ltr'>τελευταῖον</span> <span class='ocrx_word' id='word_1_133' title='bbox 718 1261 727 1277; x_wconf 91' lang='lat'><em>‘</em></span> <span class='ocrx_word' id='word_1_134' title='bbox 743 1259 900 1311; x_wconf 86' lang='grc' dir='ltr'>ὀφείλει</span> <span class='ocrx_word' id='word_1_135' title='bbox 931 1260 973 1300; x_wconf 76' lang='grc' dir='ltr'>δὲ</span> <span class='ocrx_word' id='word_1_136' title='bbox 997 1259 1166 1299; x_wconf 88' lang='grc' dir='ltr'>Πασίων</span> <span class='ocrx_word' id='word_1_137' title='bbox 1191 1258 1328 1299; x_wconf 82' lang='grc' dir='ltr'>ἕνδεκα</span> <span class='ocrx_word' id='word_1_138' title='bbox 1351 1257 1528 1299; x_wconf 86' lang='grc' dir='ltr'>τάλαντα</span> 
     </span>
    </p>

    <p class='ocr_par' dir='ltr' id='par_1_6' title="bbox 135 1323 1588 1784">
     <span class='ocr_line' id='line_1_18' title="bbox 135 1323 1526 1380; baseline -0.002 -11"><span class='ocrx_word' id='word_1_139' title='bbox 135 1346 178 1380; x_wconf 85' lang='lat'>33</span> <span class='ocrx_word' id='word_1_140' title='bbox 199 1328 254 1369; x_wconf 85' lang='grc' dir='ltr'>εἷς</span> <span class='ocrx_word' id='word_1_141' title='bbox 277 1328 348 1370; x_wconf 81' lang='grc' dir='ltr'>τὰς</span> <span class='ocrx_word' id='word_1_142' title='bbox 370 1324 700 1378; x_wconf 84' lang='grc' dir='ltr'>παρακαταθήκας</span> <span class='ocrx_word' id='word_1_143' title='bbox 715 1324 738 1367; x_wconf 84' lang='grc'>’.</span> <span class='ocrx_word' id='word_1_144' title='bbox 791 1326 905 1367; x_wconf 85' lang='grc' dir='ltr'>ἔστιν</span> <span class='ocrx_word' id='word_1_145' title='bbox 925 1325 993 1366; x_wconf 71' lang='grc' dir='ltr'>οὖν</span> <span class='ocrx_word' id='word_1_146' title='bbox 1018 1326 1130 1371; x_wconf 82' lang='grc' dir='ltr'>ὅστις</span> <span class='ocrx_word' id='word_1_147' title='bbox 1153 1323 1203 1365; x_wconf 82' lang='grc' dir='ltr'>ἂν</span> <span class='ocrx_word' id='word_1_148' title='bbox 1226 1328 1295 1365; x_wconf 86' lang='grc' dir='ltr'>τοῦ</span> <span class='ocrx_word' id='word_1_149' title='bbox 1317 1323 1438 1376; x_wconf 80' lang='grc' dir='ltr'>ξύλου</span> <span class='ocrx_word' id='word_1_150' title='bbox 1463 1325 1526 1366; x_wconf 87' lang='grc' dir='ltr'>καὶ</span> 
     </span>
     <span class='ocr_line' id='line_1_19' title="bbox 198 1391 1527 1447; baseline -0.002 -13"><span class='ocrx_word' id='word_1_151' title='bbox 198 1398 268 1435; x_wconf 86' lang='grc' dir='ltr'>τοῦ</span> <span class='ocrx_word' id='word_1_152' title='bbox 290 1394 436 1447; x_wconf 82' lang='grc' dir='ltr'>χωρίου</span> <span class='ocrx_word' id='word_1_153' title='bbox 463 1393 525 1434; x_wconf 84' lang='grc' dir='ltr'>καὶ</span> <span class='ocrx_word' id='word_1_154' title='bbox 549 1396 626 1434; x_wconf 84' lang='grc' dir='ltr'>τῶν</span> <span class='ocrx_word' id='word_1_155' title='bbox 651 1393 928 1445; x_wconf 87' lang='grc' dir='ltr'>γραμματείων</span> <span class='ocrx_word' id='word_1_156' title='bbox 953 1392 1152 1443; x_wconf 85' lang='grc' dir='ltr'>τοσαύτην</span> <span class='ocrx_word' id='word_1_157' title='bbox 1175 1391 1359 1443; x_wconf 84' lang='grc' dir='ltr'>ὑπέμεινε</span> <span class='ocrx_word' id='word_1_158' title='bbox 1388 1391 1527 1446; x_wconf 90' lang='grc' dir='ltr'>φέρειν</span> 
     </span>
     <span class='ocr_line' id='line_1_20' title="bbox 197 1458 1525 1513; baseline 0 -13"><span class='ocrx_word' id='word_1_159' title='bbox 197 1462 417 1512; x_wconf 88' lang='grc' dir='ltr'>μίσθωσιν,·</span> <span class='ocrx_word' id='word_1_160' title='bbox 457 1459 544 1500; x_wconf 86' lang='grc' dir='ltr'>ἔστι</span> <span class='ocrx_word' id='word_1_161' title='bbox 569 1458 604 1500; x_wconf 79' lang='grc' dir='ltr'>δ’</span> <span class='ocrx_word' id='word_1_162' title='bbox 627 1461 738 1501; x_wconf 83' lang='grc' dir='ltr'>ὅστις</span> <span class='ocrx_word' id='word_1_163' title='bbox 759 1459 818 1506; x_wconf 79' lang='grc' dir='ltr'>ἄν,</span> <span class='ocrx_word' id='word_1_164' title='bbox 847 1459 894 1500; x_wconf 88' lang='grc' dir='ltr'>δι’</span> <span class='ocrx_word' id='word_1_165' title='bbox 920 1458 964 1500; x_wconf 82' lang='grc' dir='ltr'>ὃν</span> <span class='ocrx_word' id='word_1_166' title='bbox 991 1458 1206 1512; x_wconf 84' lang='grc' dir='ltr'>ὠφειλήκει</span> <span class='ocrx_word' id='word_1_167' title='bbox 1229 1462 1405 1500; x_wconf 81' lang='grc' dir='ltr'>τοσαῦτα</span> <span class='ocrx_word' id='word_1_168' title='bbox 1427 1458 1525 1513; x_wconf 82' lang='grc' dir='ltr'>χρή-</span> 
     </span>
     <span class='ocr_line' id='line_1_21' title="bbox 197 1526 1588 1581; baseline -0.001 -13"><span class='ocrx_word' id='word_1_169' title='bbox 197 1528 288 1580; x_wconf 88' lang='grc' dir='ltr'>μαθ’</span> <span class='ocrx_word' id='word_1_170' title='bbox 308 1527 332 1579; x_wconf 87' lang='grc' dir='ltr'>ἡ</span> <span class='ocrx_word' id='word_1_171' title='bbox 350 1526 534 1580; x_wconf 79' lang='grc' dir='ltr'>τράπεζα,</span> <span class='ocrx_word' id='word_1_172' title='bbox 553 1526 677 1581; x_wconf 83' lang='grc' dir='ltr'>τούτῳ</span> <span class='ocrx_word' id='word_1_173' title='bbox 702 1529 750 1567; x_wconf 77' lang='grc' dir='ltr'>τὰ</span> <span class='ocrx_word' id='word_1_174' title='bbox 768 1526 877 1568; x_wconf 84' lang='grc' dir='ltr'>λοίπ’</span> <span class='ocrx_word' id='word_1_175' title='bbox 898 1526 1137 1579; x_wconf 78' lang='grc' dir='ltr'>ἐπέτρεψεν;</span> <span class='ocrx_word' id='word_1_176' title='bbox 1174 1528 1208 1567; x_wconf 87' lang='grc' dir='ltr'>εἷ</span> <span class='ocrx_word' id='word_1_177' title='bbox 1223 1527 1298 1580; x_wconf 78' lang='grc' dir='ltr'>γὰρ</span> <span class='ocrx_word' id='word_1_178' title='bbox 1318 1526 1527 1577; x_wconf 84' lang='grc' dir='ltr'>ἐνεδέησεν</span> <span class='ocrx_word' id='word_1_179' title='bbox 1549 1545 1588 1566; x_wconf 84' lang='lat'>20</span> 
     </span>
     <span class='ocr_line' id='line_1_22' title="bbox 197 1593 1526 1647; baseline -0.002 -12"><span class='ocrx_word' id='word_1_180' title='bbox 197 1595 398 1635; x_wconf 88' lang='grc' dir='ltr'>τοσούτων</span> <span class='ocrx_word' id='word_1_181' title='bbox 415 1593 642 1647; x_wconf 86' lang='grc' dir='ltr'>χρημάτων,</span> <span class='ocrx_word' id='word_1_182' title='bbox 661 1593 800 1635; x_wconf 90' lang='grc' dir='ltr'>τούτου</span> <span class='ocrx_word' id='word_1_183' title='bbox 819 1597 1055 1635; x_wconf 74' lang='grc' dir='ltr'>διοικοῦντος</span> <span class='ocrx_word' id='word_1_184' title='bbox 1076 1593 1297 1644; x_wconf 87' lang='grc' dir='ltr'>ἐνεδέησεν.</span> <span class='ocrx_word' id='word_1_185' title='bbox 1342 1595 1431 1635; x_wconf 83' lang='grc' dir='ltr'>ἴστε</span> <span class='ocrx_word' id='word_1_186' title='bbox 1450 1595 1526 1647; x_wconf 75' lang='grc' dir='ltr'>γὰρ</span> 
     </span>
     <span class='ocr_line' id='line_1_23' title="bbox 197 1659 1527 1714; baseline -0.002 -11"><span class='ocrx_word' id='word_1_187' title='bbox 197 1661 354 1708; x_wconf 84' lang='grc' dir='ltr'>πάντες,</span> <span class='ocrx_word' id='word_1_188' title='bbox 390 1661 451 1702; x_wconf 85' lang='grc' dir='ltr'>καὶ</span> <span class='ocrx_word' id='word_1_189' title='bbox 481 1659 537 1701; x_wconf 82' lang='grc' dir='ltr'>ὅτ’</span> <span class='ocrx_word' id='word_1_190' title='bbox 571 1660 619 1712; x_wconf 85' lang='grc' dir='ltr'>ἦν</span> <span class='ocrx_word' id='word_1_191' title='bbox 649 1661 669 1700; x_wconf 89' lang='grc' dir='ltr'>ὁ</span> <span class='ocrx_word' id='word_1_192' title='bbox 698 1660 826 1714; x_wconf 79' lang='grc' dir='ltr'>πατὴρ</span> <span class='ocrx_word' id='word_1_193' title='bbox 860 1661 922 1701; x_wconf 86' lang='grc' dir='ltr'>ἐπὶ</span> <span class='ocrx_word' id='word_1_194' title='bbox 955 1665 1023 1701; x_wconf 87' lang='grc' dir='ltr'>τοῦ</span> <span class='ocrx_word' id='word_1_195' title='bbox 1054 1661 1354 1713; x_wconf 79' lang='grc' dir='ltr'>τραπεζιτεύειν,</span> <span class='ocrx_word' id='word_1_196' title='bbox 1387 1664 1527 1702; x_wconf 81' lang='grc' dir='ltr'>τοῦτον</span> 
     </span>
     <span class='ocr_line' id='line_1_24' title="bbox 198 1727 1527 1784; baseline -0.001 -14"><span class='ocrx_word' id='word_1_197' title='bbox 198 1728 416 1779; x_wconf 86' lang='grc' dir='ltr'>καθήμενον</span> <span class='ocrx_word' id='word_1_198' title='bbox 437 1728 500 1768; x_wconf 88' lang='grc' dir='ltr'>καὶ</span> <span class='ocrx_word' id='word_1_199' title='bbox 525 1727 731 1768; x_wconf 84' lang='grc' dir='ltr'>διοικοῦντ’</span> <span class='ocrx_word' id='word_1_200' title='bbox 752 1728 817 1768; x_wconf 83' lang='grc' dir='ltr'>ἐπὶ</span> <span class='ocrx_word' id='word_1_201' title='bbox 841 1728 886 1784; x_wconf 78' lang='grc' dir='ltr'>τῇ</span> <span class='ocrx_word' id='word_1_202' title='bbox 908 1727 1092 1784; x_wconf 78' lang='grc' dir='ltr'>τραπέζῃ,</span> <span class='ocrx_word' id='word_1_203' title='bbox 1119 1727 1215 1767; x_wconf 83' lang='grc' dir='ltr'>ὥστ’</span> <span class='ocrx_word' id='word_1_204' title='bbox 1236 1729 1278 1768; x_wconf 85' lang='grc' dir='ltr'>ἐν</span> <span class='ocrx_word' id='word_1_205' title='bbox 1297 1732 1350 1783; x_wconf 81' lang='grc' dir='ltr'>τῷ</span> <span class='ocrx_word' id='word_1_206' title='bbox 1375 1731 1527 1779; x_wconf 85' lang='grc' dir='ltr'>μυλῶνι</span> 
     </span>
    </p>

    <p class='ocr_par' dir='ltr' id='par_1_7' title="bbox 51 1791 1586 1986">
     <span class='ocr_line' id='line_1_25' title="bbox 51 1791 1522 1848; baseline 0.002 -16"><span class='ocrx_word' id='word_1_207' title='bbox 51 1792 175 1848; x_wconf 82' lang='grc'>[1112]</span> <span class='ocrx_word' id='word_1_208' title='bbox 197 1798 396 1848; x_wconf 88' lang='grc' dir='ltr'>προσῆκεν</span> <span class='ocrx_word' id='word_1_209' title='bbox 421 1794 538 1835; x_wconf 83' lang='grc' dir='ltr'>αὐτὸν</span> <span class='ocrx_word' id='word_1_210' title='bbox 559 1795 658 1836; x_wconf 78' lang='grc' dir='ltr'>εἶναι</span> <span class='ocrx_word' id='word_1_211' title='bbox 681 1798 838 1846; x_wconf 77' lang='grc' dir='ltr'>μᾶλλον</span> <span class='ocrx_word' id='word_1_212' title='bbox 856 1791 879 1846; x_wconf 89' lang='grc' dir='ltr'>ἢ</span> <span class='ocrx_word' id='word_1_213' title='bbox 900 1799 977 1835; x_wconf 86' lang='grc' dir='ltr'>τῶν</span> <span class='ocrx_word' id='word_1_214' title='bbox 996 1798 1148 1835; x_wconf 85' lang='grc' dir='ltr'>λοιπῶν</span> <span class='ocrx_word' id='word_1_215' title='bbox 1173 1795 1303 1847; x_wconf 89' lang='grc' dir='ltr'>κύριον</span> <span class='ocrx_word' id='word_1_216' title='bbox 1321 1794 1522 1848; x_wconf 86' lang='grc' dir='ltr'>γενέσθαι.</span> 
     </span>
     <span class='ocr_line' id='line_1_26' title="bbox 197 1860 1586 1914; baseline -0.001 -10"><span class='ocrx_word' id='word_1_217' title='bbox 197 1862 288 1904; x_wconf 78' lang='grc' dir='ltr'>ἀλλ’</span> <span class='ocrx_word' id='word_1_218' title='bbox 315 1865 364 1904; x_wconf 87' lang='grc' dir='ltr'><em>ἐῶ</em></span> <span class='ocrx_word' id='word_1_219' title='bbox 390 1865 510 1902; x_wconf 84' lang='grc' dir='ltr'>ταῦτα</span> <span class='ocrx_word' id='word_1_220' title='bbox 540 1862 601 1902; x_wconf 89' lang='grc' dir='ltr'>καὶ</span> <span class='ocrx_word' id='word_1_221' title='bbox 630 1861 743 1902; x_wconf 76' lang='grc' dir='ltr'>τᾶλλ’</span> <span class='ocrx_word' id='word_1_222' title='bbox 770 1861 830 1902; x_wconf 79' lang='grc' dir='ltr'>ὅσ’</span> <span class='ocrx_word' id='word_1_223' title='bbox 860 1860 908 1903; x_wconf 77' lang='grc' dir='ltr'>ἂν</span> <span class='ocrx_word' id='word_1_224' title='bbox 933 1862 1021 1914; x_wconf 83' lang='grc' dir='ltr'>περὶ</span> <span class='ocrx_word' id='word_1_225' title='bbox 1051 1866 1130 1902; x_wconf 86' lang='grc' dir='ltr'>τῶν</span> <span class='ocrx_word' id='word_1_226' title='bbox 1157 1862 1297 1903; x_wconf 84' lang='grc' dir='ltr'>ἕνδεκα</span> <span class='ocrx_word' id='word_1_227' title='bbox 1319 1861 1526 1903; x_wconf 82' lang='grc' dir='ltr'>ταλάντων</span> <span class='ocrx_word' id='word_1_228' title='bbox 1547 1879 1586 1912; x_wconf 89' lang='lat'>25</span> 
     </span>
     <span class='ocr_line' id='line_1_27' title="bbox 196 1927 1524 1986; baseline 0 -16"><span class='ocrx_word' id='word_1_229' title='bbox 196 1927 326 1984; x_wconf 80' lang='grc' dir='ltr'>ἔχοιμ’</span> <span class='ocrx_word' id='word_1_230' title='bbox 349 1930 486 1976; x_wconf 80' lang='grc' dir='ltr'>εἰπεῖν,</span> <span class='ocrx_word' id='word_1_231' title='bbox 515 1929 565 1971; x_wconf 86' lang='grc' dir='ltr'>ὡς</span> <span class='ocrx_word' id='word_1_232' title='bbox 590 1928 656 1969; x_wconf 80' lang='grc' dir='ltr'>οὐκ</span> <span class='ocrx_word' id='word_1_233' title='bbox 683 1929 856 1982; x_wconf 83' lang='grc' dir='ltr'>ὤφειλεν</span> <span class='ocrx_word' id='word_1_234' title='bbox 875 1929 896 1968; x_wconf 90' lang='grc' dir='ltr'>ὁ</span> <span class='ocrx_word' id='word_1_235' title='bbox 915 1928 1055 1980; x_wconf 86' lang='grc' dir='ltr'>πατήρ,</span> <span class='ocrx_word' id='word_1_236' title='bbox 1077 1927 1168 1969; x_wconf 80' lang='grc' dir='ltr'>ἀλλ’</span> <span class='ocrx_word' id='word_1_237' title='bbox 1190 1928 1302 1971; x_wconf 77' lang='grc' dir='ltr'>οὗτος</span> <span class='ocrx_word' id='word_1_238' title='bbox 1319 1927 1524 1986; x_wconf 67' lang='grc' dir='ltr'>ὑφῄρηται.</span> 
     </span>
    </p>

    <p class='ocr_par' dir='ltr' id='par_1_8' title="bbox 134 1994 1584 2250">
     <span class='ocr_line' id='line_1_28' title="bbox 134 1994 1522 2048; baseline -0.001 -11"><span class='ocrx_word' id='word_1_239' title='bbox 134 2013 177 2048; x_wconf 88' lang='lat'>34</span> <span class='ocrx_word' id='word_1_240' title='bbox 197 1995 288 2037; x_wconf 78' lang='grc' dir='ltr'>ἀλλ’</span> <span class='ocrx_word' id='word_1_241' title='bbox 325 1995 370 2037; x_wconf 76' lang='grc' dir='ltr'>οὗ</span> <span class='ocrx_word' id='word_1_242' title='bbox 405 1995 583 2048; x_wconf 82' lang='grc' dir='ltr'>ἀνέγνων</span> <span class='ocrx_word' id='word_1_243' title='bbox 619 1997 760 2043; x_wconf 84' lang='grc' dir='ltr'>εἵνεκα,</span> <span class='ocrx_word' id='word_1_244' title='bbox 787 1999 855 2036; x_wconf 78' lang='grc' dir='ltr'>τοῦ</span> <span class='ocrx_word' id='word_1_245' title='bbox 890 1995 961 2047; x_wconf 76' lang='grc' dir='ltr'>τὴν</span> <span class='ocrx_word' id='word_1_246' title='bbox 997 1994 1184 2046; x_wconf 87' lang='grc' dir='ltr'>διαθήκην</span> <span class='ocrx_word' id='word_1_247' title='bbox 1220 1997 1347 2048; x_wconf 82' lang='grc' dir='ltr'>ψευδῆ</span> <span class='ocrx_word' id='word_1_248' title='bbox 1386 1994 1522 2046; x_wconf 81' lang='grc' dir='ltr'>δεῖξαι,</span> 
     </span>
     <span class='ocr_line' id='line_1_29' title="bbox 197 2061 1524 2116; baseline -0.001 -12"><span class='ocrx_word' id='word_1_249' title='bbox 197 2063 300 2104; x_wconf 82' lang='grc' dir='ltr'>τοῦθ’</span> <span class='ocrx_word' id='word_1_250' title='bbox 329 2064 428 2115; x_wconf 81' lang='grc' dir='ltr'>ὑμᾶς</span> <span class='ocrx_word' id='word_1_251' title='bbox 461 2061 689 2114; x_wconf 84' lang='grc' dir='ltr'>ἀναμνήσω.</span> <span class='ocrx_word' id='word_1_252' title='bbox 738 2063 956 2116; x_wconf 86' lang='grc' dir='ltr'>γέγραπται</span> <span class='ocrx_word' id='word_1_253' title='bbox 983 2064 1057 2116; x_wconf 78' lang='grc' dir='ltr'>γὰρ</span> <span class='ocrx_word' id='word_1_254' title='bbox 1086 2062 1234 2109; x_wconf 81' lang='grc' dir='ltr'>αὐτόθι,</span> <span class='ocrx_word' id='word_1_255' title='bbox 1268 2061 1344 2114; x_wconf 68' lang='grc' dir='ltr'>’μὴ</span> <span class='ocrx_word' id='word_1_256' title='bbox 1379 2061 1524 2113; x_wconf 83' lang='grc' dir='ltr'>ἐξεῖναι</span> 
     </span>
     <span class='ocr_line' id='line_1_30' title="bbox 199 2128 1522 2185; baseline -0.001 -14"><span class='ocrx_word' id='word_1_257' title='bbox 199 2133 240 2172; x_wconf 82' lang='grc' dir='ltr'>δὲ</span> <span class='ocrx_word' id='word_1_258' title='bbox 264 2130 551 2184; x_wconf 81' lang='grc' dir='ltr'>τραπεζιτεύειν</span> <span class='ocrx_word' id='word_1_259' title='bbox 571 2132 784 2183; x_wconf 86' lang='grc' dir='ltr'>Φορμίωνι,</span> <span class='ocrx_word' id='word_1_260' title='bbox 807 2132 876 2171; x_wconf 76' lang='grc' dir='ltr'>ἐὰν</span> <span class='ocrx_word' id='word_1_261' title='bbox 894 2129 946 2182; x_wconf 78' lang='grc' dir='ltr'>μὴ</span> <span class='ocrx_word' id='word_1_262' title='bbox 965 2130 1066 2181; x_wconf 75' lang='grc' dir='ltr'>ἡμᾶς</span> <span class='ocrx_word' id='word_1_263' title='bbox 1084 2131 1206 2185; x_wconf 85' lang='grc' dir='ltr'>πείσῃ</span> <span class='ocrx_word' id='word_1_264' title='bbox 1222 2128 1247 2170; x_wconf 87' lang='grc'>’.</span> <span class='ocrx_word' id='word_1_265' title='bbox 1305 2132 1417 2169; x_wconf 80' lang='grc' dir='ltr'>τοῦτο</span> <span class='ocrx_word' id='word_1_266' title='bbox 1441 2130 1522 2170; x_wconf 85' lang='grc' dir='ltr'>τοί-</span> 
     </span>
     <span class='ocr_line' id='line_1_31' title="bbox 199 2194 1584 2250; baseline -0.001 -11"><span class='ocrx_word' id='word_1_267' title='bbox 199 2215 268 2239; x_wconf 86' lang='grc' dir='ltr'>νυν</span> <span class='ocrx_word' id='word_1_268' title='bbox 291 2197 336 2238; x_wconf 85' lang='grc' dir='ltr'>τὸ</span> <span class='ocrx_word' id='word_1_269' title='bbox 367 2197 526 2250; x_wconf 74' lang='grc' dir='ltr'>γράμμα</span> <span class='ocrx_word' id='word_1_270' title='bbox 555 2201 758 2240; x_wconf 83' lang='grc' dir='ltr'>παντελῶς</span> <span class='ocrx_word' id='word_1_271' title='bbox 788 2200 901 2248; x_wconf 87' lang='grc' dir='ltr'>δηλοῖ</span> <span class='ocrx_word' id='word_1_272' title='bbox 924 2199 1051 2250; x_wconf 84' lang='grc' dir='ltr'>ψευδῆ</span> <span class='ocrx_word' id='word_1_273' title='bbox 1077 2196 1147 2247; x_wconf 80' lang='grc' dir='ltr'>τὴν</span> <span class='ocrx_word' id='word_1_274' title='bbox 1172 2194 1360 2247; x_wconf 87' lang='grc' dir='ltr'>διαθήκην</span> <span class='ocrx_word' id='word_1_275' title='bbox 1384 2196 1521 2237; x_wconf 81' lang='grc' dir='ltr'>οὖσαν.</span> <span class='ocrx_word' id='word_1_276' title='bbox 1543 2209 1584 2240; x_wconf 84' lang='grc'>30</span> 
     </span>
    </p>

    <p class='ocr_par' dir='ltr' id='par_1_9' title="bbox 203 2304 1522 2392">
     <span class='ocr_line' id='line_1_32' title="bbox 246 2304 1522 2348; baseline -0.002 -10"><span class='ocrx_word' id='word_1_277' title='bbox 246 2318 259 2338; x_wconf 84' lang='lat'>1</span> <span class='ocrx_word' id='word_1_278' title='bbox 287 2307 341 2348; x_wconf 85' lang='grc' dir='ltr'>δὴ]</span> <span class='ocrx_word' id='word_1_279' title='bbox 361 2306 398 2345; x_wconf 80' lang='grc' dir='ltr'>δή</span> <span class='ocrx_word' id='word_1_280' title='bbox 413 2320 466 2347; x_wconf 84' lang='grc' dir='ltr'>μοι</span> <span class='ocrx_word' id='word_1_281' title='bbox 483 2306 508 2337; x_wconf 89' lang='lat' dir='ltr'><strong>F</strong></span> <span class='ocrx_word' id='word_1_282' title='bbox 522 2306 553 2336; x_wconf 97' lang='lat' dir='ltr'>D</span> <span class='ocrx_word' id='word_1_283' title='bbox 639 2316 658 2345; x_wconf 86' lang='lat'><strong>3</strong></span> <span class='ocrx_word' id='word_1_284' title='bbox 676 2317 748 2347; x_wconf 87' lang='lat' dir='ltr'><strong>sqq.</strong></span> <span class='ocrx_word' id='word_1_285' title='bbox 763 2311 974 2340; x_wconf 84' lang='grc' dir='ltr'><strong>ΤΡΑΠΕΖΗΣ</strong></span> <span class='ocrx_word' id='word_1_286' title='bbox 988 2311 1021 2337; x_wconf 89' lang='lat' dir='ltr'>et</span> <span class='ocrx_word' id='word_1_287' title='bbox 1039 2304 1216 2336; x_wconf 81' lang='lat' dir='ltr'><strong>locationis</strong></span> <span class='ocrx_word' id='word_1_288' title='bbox 1228 2304 1403 2335; x_wconf 83' lang='lat' dir='ltr'>formulam</span> <span class='ocrx_word' id='word_1_289' title='bbox 1417 2315 1481 2336; x_wconf 91' lang='lat' dir='ltr'>om.</span> <span class='ocrx_word' id='word_1_290' title='bbox 1497 2305 1522 2336; x_wconf 90' lang='lat' dir='ltr'>S</span> 
     </span>
     <span class='ocr_line' id='line_1_33' title="bbox 203 2349 1520 2392; baseline -0.001 -11"><span class='ocrx_word' id='word_1_291' title='bbox 203 2352 241 2381; x_wconf 91' lang='lat'>18</span> <span class='ocrx_word' id='word_1_292' title='bbox 266 2354 331 2383; x_wconf 82' lang='grc' dir='ltr'>τῶν</span> <span class='ocrx_word' id='word_1_293' title='bbox 345 2352 568 2392; x_wconf 74' lang='grc' dir='ltr'>’γραμματείων</span> <span class='ocrx_word' id='word_1_294' title='bbox 585 2349 610 2381; x_wconf 88' lang='lat' dir='ltr'>S</span> <span class='ocrx_word' id='word_1_295' title='bbox 624 2349 661 2380; x_wconf 86' lang='lat' dir='ltr'>F¹</span> <span class='ocrx_word' id='word_1_296' title='bbox 677 2362 684 2381; x_wconf 87' lang='lat'>:</span> <span class='ocrx_word' id='word_1_297' title='bbox 707 2353 764 2382; x_wconf 81' lang='grc' dir='ltr'>τοῦ</span> <span class='ocrx_word' id='word_1_298' title='bbox 779 2351 996 2392; x_wconf 74' lang='grc' dir='ltr'>γραμματείου</span> <span class='ocrx_word' id='word_1_299' title='bbox 1012 2349 1038 2380; x_wconf 84' lang='lat' dir='ltr'>F</span> <span class='ocrx_word' id='word_1_300' title='bbox 1055 2359 1140 2380; x_wconf 82' lang='lat' dir='ltr'>corr.</span> <span class='ocrx_word' id='word_1_301' title='bbox 1159 2349 1250 2388; x_wconf 90' lang='lat' dir='ltr'><strong>vulg.</strong></span> <span class='ocrx_word' id='word_1_302' title='bbox 1405 2357 1447 2386; x_wconf 84' lang='lat'>23</span> <span class='ocrx_word' id='word_1_303' title='bbox 1470 2350 1520 2380; x_wconf 81' lang='grc' dir='ltr'>καὶ</span> 
     </span>
    </p>
   </div>
   <div class='ocr_carea' id='block_1_6' title="bbox 200 2391 1521 2478">
    <p class='ocr_par' dir='ltr' id='par_1_10' title="bbox 200 2391 1521 2478">
     <span class='ocr_line' id='line_1_34' title="bbox 200 2391 1520 2434; baseline -0.003 -8"><span class='ocrx_word' id='word_1_304' title='bbox 200 2397 378 2427; x_wconf 81' lang='grc' dir='ltr'>διοικοῦντα</span> <span class='ocrx_word' id='word_1_305' title='bbox 393 2394 473 2425; x_wconf 82' lang='lat' dir='ltr'><strong>secl.</strong></span> <span class='ocrx_word' id='word_1_306' title='bbox 492 2394 709 2425; x_wconf 84' lang='lat' dir='ltr'>Herwerden</span> <span class='ocrx_word' id='word_1_307' title='bbox 817 2405 858 2433; x_wconf 86' lang='lat'>24</span> <span class='ocrx_word' id='word_1_308' title='bbox 879 2397 1008 2434; x_wconf 79' lang='grc' dir='ltr'>μᾶλλον</span> <span class='ocrx_word' id='word_1_309' title='bbox 1026 2393 1104 2426; x_wconf 85' lang='grc' dir='ltr'>εῖναι</span> <span class='ocrx_word' id='word_1_310' title='bbox 1121 2392 1150 2423; x_wconf 95' lang='lat' dir='ltr'>D</span> <span class='ocrx_word' id='word_1_311' title='bbox 1261 2402 1301 2430; x_wconf 87' lang='lat'>27</span> <span class='ocrx_word' id='word_1_312' title='bbox 1326 2392 1428 2424; x_wconf 80' lang='grc' dir='ltr'>εἵνεκα</span> <span class='ocrx_word' id='word_1_313' title='bbox 1445 2391 1469 2422; x_wconf 90' lang='lat' dir='ltr'>S</span> <span class='ocrx_word' id='word_1_314' title='bbox 1487 2392 1520 2422; x_wconf 90' lang='lat' dir='ltr'>in</span> 
     </span>
     <span class='ocr_line' id='line_1_35' title="bbox 200 2434 1521 2478; baseline -0.002 -10"><span class='ocrx_word' id='word_1_315' title='bbox 200 2448 264 2471; x_wconf 80' lang='lat' dir='ltr'>ras,</span> <span class='ocrx_word' id='word_1_316' title='bbox 283 2449 292 2470; x_wconf 72' lang='grc' dir='ltr'>ε</span> <span class='ocrx_word' id='word_1_317' title='bbox 315 2438 408 2471; x_wconf 84' lang='grc' dir='ltr'>ἕνεκα</span> <span class='ocrx_word' id='word_1_318' title='bbox 423 2437 512 2477; x_wconf 88' lang='lat' dir='ltr'>vulg.</span> <span class='ocrx_word' id='word_1_319' title='bbox 632 2447 674 2478; x_wconf 89' lang='lat'>29</span> <span class='ocrx_word' id='word_1_320' title='bbox 698 2437 731 2470; x_wconf 84' lang='grc' dir='ltr'>δὲ</span> <span class='ocrx_word' id='word_1_321' title='bbox 750 2437 774 2469; x_wconf 88' lang='lat' dir='ltr'>S</span> <span class='ocrx_word' id='word_1_322' title='bbox 787 2437 816 2468; x_wconf 96' lang='lat' dir='ltr'>D</span> <span class='ocrx_word' id='word_1_323' title='bbox 832 2449 839 2469; x_wconf 88' lang='lat'>:</span> <span class='ocrx_word' id='word_1_324' title='bbox 863 2448 928 2469; x_wconf 81' lang='lat' dir='ltr'>om.</span> <span class='ocrx_word' id='word_1_325' title='bbox 946 2437 971 2468; x_wconf 89' lang='lat' dir='ltr'>F</span> <span class='ocrx_word' id='word_1_326' title='bbox 985 2436 1015 2476; x_wconf 86' lang='lat' dir='ltr'>Q</span> <span class='ocrx_word' id='word_1_327' title='bbox 1139 2445 1183 2475; x_wconf 87' lang='lat'>30</span> <span class='ocrx_word' id='word_1_328' title='bbox 1205 2435 1302 2474; x_wconf 81' lang='grc' dir='ltr'>δῆλοΐ</span> <span class='ocrx_word' id='word_1_329' title='bbox 1314 2435 1478 2468; x_wconf 79' lang='grc' dir='ltr'>πάντελῶς</span> <span class='ocrx_word' id='word_1_330' title='bbox 1495 2434 1521 2466; x_wconf 83' lang='lat' dir='ltr'>S</span> 
     </span>
    </p>
   </div>
  </div>
 </body>
</html>
