1763 2778
148 98 234 153 XLv]
343 112 371 146 J
490 103 652 140 ΚΑΤΑ
703 101 1042 140 ΣΤΕΦΑΝΟΎ
1089 103 1123 141 Α
1494 98 1617 153 [1121]

148 203 238 242 ἴσου
262 203 416 254 χρῆται,
433 204 516 242 τοῖς
540 203 581 241 δὲ
606 201 794 241 τοιούτοις
820 200 1030 250 ἐθελοντὴς
1046 202 1270 248 ὑποπίπτει,
1299 202 1360 242 καὶ
1385 201 1474 253 μήτ’

149 270 185 308 εἴ
207 285 295 308 τινα
318 272 396 308 τῶν
412 269 566 308 οἰκείων
585 266 767 318 ἀδικήσει
783 266 872 318 μήτ’
889 269 922 307 εἰ
940 267 1043 319 παρὰ
1058 272 1140 309 τοῖς
1156 267 1296 310 ἄλλοις
1316 269 1475 321 φαύλην

148 334 265 385 δόξαν
291 334 371 385 ἕξει
388 337 509 375 ταῦτα
535 338 657 374 ποιῶν
681 334 769 386 μήτ’
796 334 898 374 ἄλλο
915 337 1038 385 μηδὲν
1063 339 1217 382 σκοπεῖ,
1240 335 1345 386 πλὴν
1370 336 1475 378 ὅπως

148 419 185 442 τι
204 401 327 443 πλέον
352 401 445 452 ἕξει,
466 404 603 442 τοῦτον
623 401 666 441 οὐ
690 405 824 452 μισεῖν
841 401 892 443 ὡς
911 401 1040 442 κοινὸν
1057 402 1200 455 ἐχθρὸν
1220 405 1288 452 τῆς
1315 404 1475 455 φύσεως

110 489 127 520 5
148 469 245 520 ὅλης
276 471 345 519 τῆς
380 470 627 520 ἀνθρωπίνης
660 467 870 520 προσήκει,·
910 467 1028 521 ἔγωγ’
1063 467 1112 509 ἂν
1145 470 1279 522 φαίην.
1355 474 1475 509 ταῦτα
1494 473 1540 506 66

146 536 281 587 μέντοι
306 538 355 576 τὰ
387 536 585 587 τοσαύτην
618 535 750 589 ἔχοντ’
782 536 992 588 αἰσχύνην,
1027 534 1057 576 ’ὦ
1089 535 1227 588 ἄνδρες
1256 536 1472 587 Ἀθηναῖοι,

149 603 212 643 ἐπὶ
237 607 289 658 τῷ
314 602 384 653 τὴν
409 604 528 645 πόλιν
551 603 716 656 φεύγειν
741 603 804 643 καὶ
828 605 876 643 τὰ
899 602 979 643 ὄντ’
1005 603 1328 656 ἀποκρύπτεσθαι
1352 602 1472 660 προῄ-

145 687 260 722 ρηται
300 669 498 723 πράττειν,
542 669 591 711 ἵν’
634 671 823 723 ἐργασίας
863 671 1029 722 ἀφανεῖς
1070 672 1134 710 διὰ
1174 673 1245 721 τῆς
1282 671 1474 723 τραπέζης

147 739 316 788 ποιῆται,
345 738 406 778 καὶ
430 736 528 789 μήτε
553 743 707 795 χορηγῇ
740 736 840 790 μήτε
868 738 1083 793 τριηραρχῇ
1108 736 1198 789 μήτ’
1227 737 1330 778 ἄλλο
1352 740 1475 790 μηδὲν

89 825 127 846 10
146 805 200 844 ὧν
224 804 415 857 προσήκει
434 810 539 862 ποιῇ.
599 806 660 845 καὶ
693 806 974 857 κατείργασται
998 808 1126 845 τοῦτο.
1185 804 1392 856 τεκμήριον
1416 804 1473 845 δέ·

147 872 250 925 ἔχων
275 871 350 924 γὰρ
376 872 517 912 οὐσίαν
543 872 741 922 τοσαύτην
767 872 865 912 ὥσθ’
890 872 1031 913 ἑκατὸν
1060 875 1159 923 μνᾶς
1196 874 1397 913 ἐπιδοῦναι
1426 878 1474 929 τῇ

147 940 319 991 θυγατρί,
354 938 434 979 οὐδ’
469 939 650 990 ἡντινοῦν
683 940 850 991 ἑώραται
882 941 1122 996 λῃτουργίαν
1153 939 1223 991 ὑφ’
1259 940 1366 990 ὑμῶν
1401 944 1473 995 λῃ-

145 1010 333 1058 τουργῶν,
351 1006 442 1048 οὐδὲ
459 1006 530 1056 τὴν
549 1007 782 1060 ἐλαχίστην.
845 1008 971 1047 καίτοι
989 1007 1102 1061 πόσῳ
1125 1005 1291 1047 κάλλιον
1318 1011 1474 1058 φιλοτι-

144 1073 339 1124 μούμενον
365 1071 620 1123 ἐξετάζεσθαι
641 1074 704 1115 καὶ
728 1074 1049 1125 προθυμούμενον
1074 1075 1129 1115 εἰς
1149 1074 1172 1113 ἃ
1197 1076 1258 1113 δεῖ
1279 1079 1325 1130 τῇ
1345 1074 1472 1119 πόλει,

87 1136 168 1192 Ι5ἢ
205 1140 470 1181 κολακεύοντα
507 1140 570 1181 καὶ
604 1142 653 1181 τὰ
686 1144 818 1193 ψευδῆ
851 1144 1142 1192 μαρτυροῦντα;
1193 1140 1285 1180 ἀλλ’
1322 1140 1385 1180 ἐπὶ
1421 1144 1474 1194 τῷ

145 1208 362 1259 κερδαίνειν
386 1211 467 1249 πᾶν
487 1206 536 1248 ἂν
554 1207 666 1250 οὗτος
682 1207 875 1258 ποιήσειε.
939 1208 1000 1248 καὶ
1025 1207 1114 1258 μήν,
1137 1204 1167 1247 ὦ
1192 1207 1328 1259 ἄνδρες
1355 1206 1471 1257 Ἀθη-
1494 1211 1538 1253 67

145 1278 260 1320 ναῖοι,
286 1277 443 1325 μᾶλλον
467 1273 578 1325 ἄξιον
602 1275 773 1327 ὀργίλως
797 1274 906 1328 ἔχειν
932 1277 1013 1316 τοῖς
1037 1274 1121 1325 μετ’
1143 1274 1325 1326 εὐπορίας
1351 1291 1470 1324 πονη-

143 1345 228 1393 ροῖς
250 1337 274 1392 ἢ
299 1345 380 1382 τοῖς
397 1341 481 1392 μετ’
508 1342 671 1383 ἐνδείας.
731 1346 813 1382 τοῖς
837 1344 909 1393 μὲν
934 1343 1009 1393 γὰρ
1035 1341 1144 1392 ἡτῆς
1161 1342 1298 1394 χρείας
1323 1340 1472 1393 ἀνάγκη
1495 1336 1626 1390 [1122]

146 1407 261 1459 φέρει
279 1407 367 1448 τινὰ
391 1408 630 1461 συγγνώμην
656 1410 760 1461 παρὰ
796 1413 877 1450 τοῖς
903 1409 1158 1460 ἀνθρωπίνως
1187 1406 1472 1460 λογιζομένοις·

86 1495 126 1516 20
145 1477 181 1516 οἱ
207 1475 239 1515 δ’
260 1476 303 1515 ἐκ
323 1476 566 1528 περιουσίας,
588 1476 724 1527 ὥσπερ
740 1475 866 1521 οὗτος,
885 1476 1049 1527 πονηροὶ
1068 1475 1252 1526 οὐδεμίαν
1268 1475 1474 1527 πρόφασιν

145 1542 298 1582 δικαίαν
325 1542 459 1596 ἔχοιεν
492 1541 542 1583 ἂν
571 1543 708 1588 εἰπεῖν,
737 1541 829 1582 ἀλλ’
858 1543 1138 1596 αἰσχροκερδίᾳ
1171 1541 1232 1582 καὶ
1262 1541 1474 1596 πλεονεξίᾳ

148 1610 210 1650 καὶ
227 1610 341 1661 ὕβρει
362 1609 424 1649 καὶ
447 1613 500 1664 τῷ
520 1611 589 1651 τὰς
606 1610 732 1649 αὑτῶν
750 1608 970 1651 συστάσεις
991 1609 1221 1661 κυριωτέρας
1241 1612 1317 1649 τῶν
1342 1609 1474 1660 νόμων

146 1675 279 1727 ἀξιοῦν
304 1676 405 1717 εἶναι
427 1680 548 1716 ταῦτα
575 1675 826 1728 φανήσονται
859 1676 1109 1728 πράττοντες.
1179 1677 1268 1727 ὑμῖν
1302 1675 1335 1715 δ’
1362 1676 1474 1716 οὐδὲν

146 1744 294 1784 τούτων
320 1742 526 1796 συμφέρει,
545 1744 652 1783 ἀλλὰ
676 1743 744 1783 τὸν
760 1744 908 1793 ἀσθενῆ
936 1745 1039 1795 παρὰ
1054 1747 1122 1782 τοῦ
1138 1744 1332 1784 πλουσίου
1350 1743 1473 1793 δίκην,

87 1832 124 1863 25
145 1809 194 1850 ἂν
219 1811 409 1860 ἀδικῆται,
437 1811 630 1851 δύνασθαι
657 1813 818 1862 λαβεῖν.
889 1811 1004 1851 ἔσται
1033 1812 1075 1851 δὲ
1104 1813 1232 1856 τοῦτο,
1259 1811 1328 1850 ἐὰν
1352 1809 1472 1850 κολά-

148 1878 236 1928 ζητε
260 1877 349 1919 τοὺς
375 1881 557 1930 φανερῶς
582 1878 704 1919 οὕτως
728 1876 775 1928 ἐξ
797 1877 980 1930 εὐπορίας
1003 1877 1212 1930 πονηρούς.

212 1944 275 1986 Οὐ
294 1945 426 1985 τοίνυν
457 1944 536 1985 οὐδ’
562 1945 586 1984 ἃ
601 1944 831 1985 πέπλασται
856 1944 970 1986 οὗτος
996 1944 1058 1985 καὶ
1074 1945 1230 1996 βαδίζει
1255 1946 1361 1997 παρὰ
1384 1942 1475 1985 τοὺς
1494 1952 1538 1986 68

146 2012 303 2064 τοίχους
330 2012 656 2063 ἐσκυθρωπακώς,
680 2012 946 2064 σωφροσύνης
971 2011 1018 2052 ἄν
1035 2029 1092 2053 τις
1115 2010 1299 2064 ἡγήσαιτ’
1317 2011 1476 2053 εἰκότως

194 2130 252 2150 1-2
275 2119 349 2161 μήτ’
368 2122 398 2152 εἴ
410 2120 497 2161 τινα]
515 2121 558 2161 μὴ
576 2134 646 2154 τινα
665 2121 742 2162 (sic)
761 2119 787 2152 S
913 2130 931 2159 3
958 2124 1088 2153 σκοπεῖν
1105 2120 1134 2159 Q
1148 2120 1176 2150 D
1247 2120 1344 2161 ὅπως]
1364 2124 1474 2159 posto

150 2164 235 2194 duae
253 2165 314 2194 litt.
335 2164 370 2194 in
390 2164 413 2194 S
431 2175 549 2195 erasae
659 2175 680 2204 4
704 2179 735 2197 τι
752 2163 855 2196 π’λεόν
870 2163 894 2195 S
912 2176 918 2195 :
943 2166 1044 2196 πλέον
1060 2165 1149 2203 vulg.
1263 2174 1280 2202 7
1305 2172 1419 2204 φυγειν
1436 2162 1474 2193 Sl

148 2208 225 2239 ὄντα
242 2207 267 2238 F
279 2207 309 2245 Q
324 2207 354 2237 D
369 2218 376 2238 z
400 2208 551 2250 χρήματα
568 2207 592 2239 S
750 2219 788 2238 12
813 2209 1017 2249 λειτουργίαν
1035 2209 1167 2248 ἑώραται
1184 2207 1209 2237 F
1225 2207 1255 2237 D
1346 2208 1433 2246 ἡμῶν
1450 2206 1474 2236 S

151 2251 189 2281 18
223 2252 332 2292 χρείας
360 2251 483 2292 ἀνάγκη
515 2252 603 2291 vulg.
620 2263 627 2282 :
660 2251 802 2292 ἀνάγκης
832 2252 926 2293 χρεία
958 2252 992 2289 S,
1028 2252 1194 2281 Stobaeus
1226 2250 1317 2282 Flor.
1349 2251 1400 2288 46.
1434 2260 1474 2288 72

148 2304 252 2324 20—21
280 2296 424 2335 οὐδεμίαν
439 2295 561 2327 δικαίαν
578 2308 629 2336 πρ.
648 2295 760 2335 ἔχουσι
778 2295 871 2326 Stob.
954 2305 992 2324 21
1020 2295 1243 2336 αἰσχροκερδίᾳ
1261 2294 1298 2324 S¹
1314 2305 1320 2324 t
1346 2295 1472 2333 αἰσχρο-

148 2337 272 2380 κερδεῖᾳ
297 2337 321 2368 S
347 2348 430 2368 corr.
456 2338 545 2377 vulg.
727 2348 767 2377 25
792 2338 969 2377 κολαζηται
997 2338 1034 2369 Sl
1214 2347 1253 2376 27
1279 2337 1370 2369 οὗτος
1399 2341 1474 2375 post

148 2380 268 2420 βαδίζει
285 2382 378 2412 codd.
397 2393 404 2412 :
429 2386 505 2420 post
521 2382 652 2423 τοίχους
670 2382 787 2422 BlaSS.‚
803 2382 920 2421 quidni
940 2387 1016 2422 post
1030 2381 1238 2413 πέπλασταιῗ
1372 2381 1412 2409 28
1437 2380 1474 2411 ἂν

148 2429 224 2462 post
240 2423 367 2457 εἰκότως
384 2425 550 2456 collocant
570 2426 594 2456 F
605 2426 636 2465 Q
650 2426 680 2455 D
