<?xml version="1.0" encoding="UTF-8"?>
<!DOCTYPE html PUBLIC "-//W3C//DTD XHTML 1.0 Transitional//EN"
    "http://www.w3.org/TR/xhtml1/DTD/xhtml1-transitional.dtd">
<html xmlns="http://www.w3.org/1999/xhtml" xml:lang="en" lang="en">
 <head>
  <title>
</title>
<meta http-equiv="Content-Type" content="text/html;charset=utf-8" />
  <meta name='ocr-system' content='tesseract 3.04.00' />
  <meta name='ocr-capabilities' content='ocr_page ocr_carea ocr_par ocr_line ocrx_word'/>
</head>
<body>
  <div class='ocr_page' id='page_1' title='image "./orationesrecog03demouoft_0419.png"; bbox 0 0 1746 2774; ppageno 0'>
   <div class='ocr_carea' id='block_1_1' title="bbox 431 119 1635 174">
    <p class='ocr_par' dir='ltr' id='par_1_1' title="bbox 431 119 1635 174">
     <span class='ocr_line' id='line_1_1' title="bbox 431 119 1635 174; baseline 0.008 -14"><span class='ocrx_word' id='word_1_1' title='bbox 431 123 471 160; x_wconf 88' lang='grc' dir='ltr'><strong><em>Π</em></strong></span> <span class='ocrx_word' id='word_1_2' title='bbox 480 123 674 161; x_wconf 86' lang='grc' dir='ltr'>ΡΟΟΙΜ</span> <span class='ocrx_word' id='word_1_3' title='bbox 685 124 699 160; x_wconf 92' lang='lat'>1</span> <span class='ocrx_word' id='word_1_4' title='bbox 711 123 757 161; x_wconf 88' lang='lat' dir='ltr'>A.</span> <span class='ocrx_word' id='word_1_5' title='bbox 828 128 1135 163; x_wconf 73' lang='lat' dir='ltr'><strong>XLvn-xmx</strong></span> <span class='ocrx_word' id='word_1_6' title='bbox 1498 119 1635 174; x_wconf 88' lang='lat'>[1455]</span> 
     </span>
    </p>
   </div>
   <div class='ocr_carea' id='block_1_2' title="bbox 117 219 1486 475">
    <p class='ocr_par' dir='ltr' id='par_1_2' title="bbox 117 219 1486 475">
     <span class='ocr_line' id='line_1_2' title="bbox 117 219 1486 278; baseline 0 -16"><span class='ocrx_word' id='word_1_7' title='bbox 117 219 303 272; x_wconf 89' lang='grc' dir='ltr'>λέληθεν.</span> <span class='ocrx_word' id='word_1_8' title='bbox 375 222 408 262; x_wconf 82' lang='grc' dir='ltr'>εἰ</span> <span class='ocrx_word' id='word_1_9' title='bbox 437 220 470 261; x_wconf 79' lang='grc' dir='ltr'>δ’</span> <span class='ocrx_word' id='word_1_10' title='bbox 494 222 592 274; x_wconf 84' lang='grc' dir='ltr'>ὑπὲρ</span> <span class='ocrx_word' id='word_1_11' title='bbox 623 223 678 262; x_wconf 80' lang='grc' dir='ltr'>ὧν</span> <span class='ocrx_word' id='word_1_12' title='bbox 708 222 799 272; x_wconf 87' lang='grc' dir='ltr'>ὑμῖν</span> <span class='ocrx_word' id='word_1_13' title='bbox 828 225 1064 278; x_wconf 77' lang='grc' dir='ltr'>λῃτουργεῖν</span> <span class='ocrx_word' id='word_1_14' title='bbox 1094 224 1163 269; x_wconf 91' lang='grc' dir='ltr'>δεῖ,</span> <span class='ocrx_word' id='word_1_15' title='bbox 1197 219 1446 273; x_wconf 84' lang='grc' dir='ltr'>προσθήσειν</span> <span class='ocrx_word' id='word_1_16' title='bbox 1467 231 1486 266; x_wconf 90' lang='grc'>3</span> 
     </span>
     <span class='ocr_line' id='line_1_3' title="bbox 119 288 1447 342; baseline 0 -14"><span class='ocrx_word' id='word_1_17' title='bbox 119 289 250 330; x_wconf 81' lang='grc' dir='ltr'>αὐτοῖς</span> <span class='ocrx_word' id='word_1_18' title='bbox 274 288 428 330; x_wconf 86' lang='grc' dir='ltr'>οἴονταί</span> <span class='ocrx_word' id='word_1_19' title='bbox 448 306 509 340; x_wconf 92' lang='grc' dir='ltr'>με,</span> <span class='ocrx_word' id='word_1_20' title='bbox 535 292 741 342; x_wconf 90' lang='grc' dir='ltr'>ληροῦσιν.</span> <span class='ocrx_word' id='word_1_21' title='bbox 814 289 876 328; x_wconf 84' lang='grc' dir='ltr'>καὶ</span> <span class='ocrx_word' id='word_1_22' title='bbox 901 288 1008 328; x_wconf 88' lang='grc' dir='ltr'>ταῦτ’</span> <span class='ocrx_word' id='word_1_23' title='bbox 1028 289 1126 330; x_wconf 81' lang='grc' dir='ltr'>ἴσως</span> <span class='ocrx_word' id='word_1_24' title='bbox 1144 289 1364 340; x_wconf 86' lang='grc' dir='ltr'>βούλονται</span> <span class='ocrx_word' id='word_1_25' title='bbox 1385 288 1447 328; x_wconf 89' lang='grc' dir='ltr'>καὶ</span> 
     </span>
     <span class='ocr_line' id='line_1_4' title="bbox 118 354 1444 409; baseline 0 -14"><span class='ocrx_word' id='word_1_26' title='bbox 118 358 408 407; x_wconf 83' lang='grc' dir='ltr'>προσδοκῶσιν·</span> <span class='ocrx_word' id='word_1_27' title='bbox 437 356 513 409; x_wconf 88' lang='grc' dir='ltr'>ἐγὼ</span> <span class='ocrx_word' id='word_1_28' title='bbox 539 355 572 396; x_wconf 84' lang='grc' dir='ltr'>δ’</span> <span class='ocrx_word' id='word_1_29' title='bbox 596 356 641 396; x_wconf 89' lang='grc' dir='ltr'>οὐ</span> <span class='ocrx_word' id='word_1_30' title='bbox 669 354 822 406; x_wconf 84' lang='grc' dir='ltr'>ποιήσω</span> <span class='ocrx_word' id='word_1_31' title='bbox 854 359 983 402; x_wconf 83' lang='grc' dir='ltr'>ταῦτα,</span> <span class='ocrx_word' id='word_1_32' title='bbox 1013 355 1104 396; x_wconf 83' lang='grc' dir='ltr'>ἀλλ’</span> <span class='ocrx_word' id='word_1_33' title='bbox 1132 357 1199 396; x_wconf 79' lang='grc' dir='ltr'>ἐὰν</span> <span class='ocrx_word' id='word_1_34' title='bbox 1231 358 1304 407; x_wconf 82' lang='grc' dir='ltr'>μὲν</span> <span class='ocrx_word' id='word_1_35' title='bbox 1334 358 1444 401; x_wconf 89' lang='grc' dir='ltr'>δῶσι,</span> 
     </span>
     <span class='ocr_line' id='line_1_5' title="bbox 119 417 1444 475; baseline -0.001 -13"><span class='ocrx_word' id='word_1_36' title='bbox 119 421 298 473; x_wconf 80' lang='grc' dir='ltr'>καθέλξω</span> <span class='ocrx_word' id='word_1_37' title='bbox 334 422 404 473; x_wconf 81' lang='grc' dir='ltr'>τὴν</span> <span class='ocrx_word' id='word_1_38' title='bbox 441 425 534 463; x_wconf 86' lang='grc' dir='ltr'>ναῦν</span> <span class='ocrx_word' id='word_1_39' title='bbox 572 423 633 463; x_wconf 88' lang='grc' dir='ltr'>καὶ</span> <span class='ocrx_word' id='word_1_40' title='bbox 670 424 717 462; x_wconf 80' lang='grc' dir='ltr'>τὰ</span> <span class='ocrx_word' id='word_1_41' title='bbox 753 417 1209 475; x_wconf 75' lang='grc' dir='ltr'>προσήκονταποιήσω,</span> <span class='ocrx_word' id='word_1_42' title='bbox 1244 424 1278 465; x_wconf 81' lang='grc' dir='ltr'>εἰ</span> <span class='ocrx_word' id='word_1_43' title='bbox 1311 424 1351 463; x_wconf 81' lang='grc' dir='ltr'>δὲ</span> <span class='ocrx_word' id='word_1_44' title='bbox 1379 420 1444 473; x_wconf 87' lang='grc' dir='ltr'>μή,</span> 
     </span>
    </p>
   </div>
   <div class='ocr_carea' id='block_1_3' title="bbox 79 488 728 543">
    <p class='ocr_par' dir='ltr' id='par_1_3' title="bbox 79 488 728 543">
     <span class='ocr_line' id='line_1_6' title="bbox 79 488 728 543; baseline 0.003 -14"><span class='ocrx_word' id='word_1_45' title='bbox 79 506 96 537; x_wconf 84' lang='grc'>5</span> <span class='ocrx_word' id='word_1_46' title='bbox 117 488 207 532; x_wconf 79' lang='grc' dir='ltr'>τοὺς</span> <span class='ocrx_word' id='word_1_47' title='bbox 232 491 380 533; x_wconf 86' lang='grc' dir='ltr'>αἰτίους</span> <span class='ocrx_word' id='word_1_48' title='bbox 401 490 493 541; x_wconf 81' lang='grc' dir='ltr'>’ὑμῖν</span> <span class='ocrx_word' id='word_1_49' title='bbox 518 491 728 543; x_wconf 83' lang='grc' dir='ltr'>ἀποφανῶ.</span> 
     </span>
    </p>
   </div>
   <div class='ocr_carea' id='block_1_4' title="bbox 742 667 828 706">
    <p class='ocr_par' dir='ltr' id='par_1_4' title="bbox 742 667 828 706">
     <span class='ocr_line' id='line_1_7' title="bbox 742 667 828 706; baseline 0.012 -1"><span class='ocrx_word' id='word_1_50' title='bbox 742 667 828 706; x_wconf 81' lang='grc' dir='ltr'>ΜΘ</span> 
     </span>
    </p>
   </div>
   <div class='ocr_carea' id='block_1_5' title="bbox 59 759 1609 2387">
    <p class='ocr_par' dir='ltr' id='par_1_5' title="bbox 115 759 1609 950">
     <span class='ocr_line' id='line_1_8' title="bbox 184 759 1444 814; baseline -0.001 -12"><span class='ocrx_word' id='word_1_51' title='bbox 184 761 324 804; x_wconf 83' lang='grc' dir='ltr'>Οὐδέν’</span> <span class='ocrx_word' id='word_1_52' title='bbox 349 761 396 803; x_wconf 80' lang='grc' dir='ltr'>ἂν</span> <span class='ocrx_word' id='word_1_53' title='bbox 427 761 468 802; x_wconf 71' lang='grc' dir='ltr'>εἷ’]</span> <span class='ocrx_word' id='word_1_54' title='bbox 500 759 709 814; x_wconf 80' lang='grc' dir='ltr'>φρονοῦντ’</span> <span class='ocrx_word' id='word_1_55' title='bbox 743 761 954 808; x_wconf 82' lang='grc' dir='ltr'>ἀντειπεῖν,</span> <span class='ocrx_word' id='word_1_56' title='bbox 988 759 1019 802; x_wconf 73' lang='grc' dir='ltr'><strong>ὦ</strong></span> <span class='ocrx_word' id='word_1_57' title='bbox 1055 760 1191 814; x_wconf 79' lang='grc' dir='ltr'>ἄνδρες</span> <span class='ocrx_word' id='word_1_58' title='bbox 1229 760 1444 812; x_wconf 83' lang='grc' dir='ltr'>Ἀθηναῖοι,</span> 
     </span>
     <span class='ocr_line' id='line_1_9' title="bbox 116 824 1609 886; baseline -0.003 -15"><span class='ocrx_word' id='word_1_59' title='bbox 116 829 275 880; x_wconf 77' lang='grc' dir='ltr'>νομίζω,</span> <span class='ocrx_word' id='word_1_60' title='bbox 301 829 354 872; x_wconf 83' lang='grc' dir='ltr'>ὡς</span> <span class='ocrx_word' id='word_1_61' title='bbox 378 829 452 882; x_wconf 80' lang='grc' dir='ltr'>οὐχ</span> <span class='ocrx_word' id='word_1_62' title='bbox 480 827 664 869; x_wconf 83' lang='grc' dir='ltr'>ἁπάντων</span> <span class='ocrx_word' id='word_1_63' title='bbox 696 827 862 880; x_wconf 82' lang='grc' dir='ltr'>ἄριστόν</span> <span class='ocrx_word' id='word_1_64' title='bbox 897 831 1007 869; x_wconf 86' lang='grc' dir='ltr'>ἐστιν</span> <span class='ocrx_word' id='word_1_65' title='bbox 1040 835 1087 886; x_wconf 76' lang='grc' dir='ltr'>τῇ</span> <span class='ocrx_word' id='word_1_66' title='bbox 1119 830 1236 870; x_wconf 87' lang='grc' dir='ltr'>πόλει</span> <span class='ocrx_word' id='word_1_67' title='bbox 1269 828 1448 881; x_wconf 74' lang='grc' dir='ltr'>μάλιστα</span> <span class='ocrx_word' id='word_1_68' title='bbox 1468 824 1609 880; x_wconf 84' lang='lat'><strong>[1456]</strong></span> 
     </span>
     <span class='ocr_line' id='line_1_10' title="bbox 115 895 1448 950; baseline -0.001 -13"><span class='ocrx_word' id='word_1_69' title='bbox 115 898 188 948; x_wconf 81' lang='grc' dir='ltr'>μὲν</span> <span class='ocrx_word' id='word_1_70' title='bbox 213 896 259 948; x_wconf 79' lang='grc' dir='ltr'>ἐξ</span> <span class='ocrx_word' id='word_1_71' title='bbox 279 897 404 950; x_wconf 79' lang='grc' dir='ltr'>ἀρχῆς</span> <span class='ocrx_word' id='word_1_72' title='bbox 428 897 550 947; x_wconf 80' lang='grc' dir='ltr'>μηδὲν</span> <span class='ocrx_word' id='word_1_73' title='bbox 575 895 812 948; x_wconf 85' lang='grc' dir='ltr'>ἀσύμφορον</span> <span class='ocrx_word' id='word_1_74' title='bbox 836 896 1035 948; x_wconf 79' lang='grc' dir='ltr'>πράττειν,</span> <span class='ocrx_word' id='word_1_75' title='bbox 1057 897 1089 936; x_wconf 84' lang='grc' dir='ltr'>εἰ</span> <span class='ocrx_word' id='word_1_76' title='bbox 1116 898 1155 937; x_wconf 81' lang='grc' dir='ltr'>δὲ</span> <span class='ocrx_word' id='word_1_77' title='bbox 1181 895 1246 948; x_wconf 83' lang='grc' dir='ltr'>μή,</span> <span class='ocrx_word' id='word_1_78' title='bbox 1268 899 1448 948; x_wconf 88' lang='grc' dir='ltr'>παρεῖναι</span> 
     </span>
    </p>

    <p class='ocr_par' dir='ltr' id='par_1_6' title="bbox 60 962 1487 1285">
     <span class='ocr_line' id='line_1_11' title="bbox 60 962 1448 1018; baseline 0.001 -17"><span class='ocrx_word' id='word_1_79' title='bbox 60 980 97 1002; x_wconf 91' lang='lat'>10</span> <span class='ocrx_word' id='word_1_80' title='bbox 118 963 230 1006; x_wconf 83' lang='grc' dir='ltr'>εὐθὺς</span> <span class='ocrx_word' id='word_1_81' title='bbox 253 964 345 1007; x_wconf 86' lang='grc' dir='ltr'>τοὺς</span> <span class='ocrx_word' id='word_1_82' title='bbox 375 962 747 1014; x_wconf 81' lang='grc' dir='ltr'>ἐναντιωσομένους.</span> <span class='ocrx_word' id='word_1_83' title='bbox 818 966 880 1004; x_wconf 81' lang='grc' dir='ltr'>δεῖ</span> <span class='ocrx_word' id='word_1_84' title='bbox 909 963 1045 1015; x_wconf 84' lang='grc' dir='ltr'>μέντοι</span> <span class='ocrx_word' id='word_1_85' title='bbox 1079 964 1202 1018; x_wconf 80' lang='grc' dir='ltr'>τούτῳ</span> <span class='ocrx_word' id='word_1_86' title='bbox 1240 967 1448 1015; x_wconf 85' lang='grc' dir='ltr'>προσεῖναι</span> 
     </span>
     <span class='ocr_line' id='line_1_12' title="bbox 118 1030 1446 1083; baseline 0 -12"><span class='ocrx_word' id='word_1_87' title='bbox 118 1030 330 1074; x_wconf 85' lang='grc' dir='ltr'>ἐθέλοντας</span> <span class='ocrx_word' id='word_1_88' title='bbox 366 1030 521 1072; x_wconf 80' lang='grc' dir='ltr'>ἀκούειν</span> <span class='ocrx_word' id='word_1_89' title='bbox 555 1031 655 1082; x_wconf 80' lang='grc' dir='ltr'>ὑμᾶς</span> <span class='ocrx_word' id='word_1_90' title='bbox 690 1031 752 1071; x_wconf 86' lang='grc' dir='ltr'>καὶ</span> <span class='ocrx_word' id='word_1_91' title='bbox 781 1030 1054 1071; x_wconf 77' lang='grc' dir='ltr'>διδάσκεσθαι·</span> <span class='ocrx_word' id='word_1_92' title='bbox 1086 1031 1298 1083; x_wconf 76' lang='grc' dir='ltr'>οὐδὲνγὰρ</span> <span class='ocrx_word' id='word_1_93' title='bbox 1323 1030 1446 1072; x_wconf 83' lang='grc' dir='ltr'>πλέον</span> 
     </span>
     <span class='ocr_line' id='line_1_13' title="bbox 119 1097 1446 1151; baseline 0.001 -12"><span class='ocrx_word' id='word_1_94' title='bbox 119 1098 218 1139; x_wconf 74' lang='grc' dir='ltr'>εἶναι</span> <span class='ocrx_word' id='word_1_95' title='bbox 254 1098 321 1139; x_wconf 86' lang='grc' dir='ltr'>τὸν</span> <span class='ocrx_word' id='word_1_96' title='bbox 358 1100 521 1151; x_wconf 87' lang='grc' dir='ltr'>ἐροῦντα</span> <span class='ocrx_word' id='word_1_97' title='bbox 556 1100 604 1138; x_wconf 79' lang='grc' dir='ltr'>τὰ</span> <span class='ocrx_word' id='word_1_98' title='bbox 628 1097 840 1149; x_wconf 78' lang='grc' dir='ltr'>βέλτιστα,</span> <span class='ocrx_word' id='word_1_99' title='bbox 877 1098 924 1138; x_wconf 76' lang='grc' dir='ltr'>ἂν</span> <span class='ocrx_word' id='word_1_100' title='bbox 956 1097 1007 1149; x_wconf 77' lang='grc' dir='ltr'>μὴ</span> <span class='ocrx_word' id='word_1_101' title='bbox 1038 1098 1128 1140; x_wconf 76' lang='grc' dir='ltr'>τοὺς</span> <span class='ocrx_word' id='word_1_102' title='bbox 1158 1097 1446 1148; x_wconf 80' lang='grc' dir='ltr'>ἀκουσομένους</span> 
     </span>
     <span class='ocr_line' id='line_1_14' title="bbox 118 1164 1487 1222; baseline -0.001 -16"><span class='ocrx_word' id='word_1_103' title='bbox 118 1166 205 1222; x_wconf 79' lang='grc' dir='ltr'>ἔχῃ.</span> <span class='ocrx_word' id='word_1_104' title='bbox 275 1166 320 1206; x_wconf 86' lang='grc' dir='ltr'>οὐ</span> <span class='ocrx_word' id='word_1_105' title='bbox 344 1165 422 1218; x_wconf 78' lang='grc' dir='ltr'>μὴν</span> <span class='ocrx_word' id='word_1_106' title='bbox 447 1165 526 1206; x_wconf 77' lang='grc' dir='ltr'>οὐδ’</span> <span class='ocrx_word' id='word_1_107' title='bbox 552 1164 667 1206; x_wconf 86' lang='grc' dir='ltr'>ἐκεῖν’</span> <span class='ocrx_word' id='word_1_108' title='bbox 691 1166 928 1207; x_wconf 81' lang='grc' dir='ltr'>ἀλυσιτελὲς</span> <span class='ocrx_word' id='word_1_109' title='bbox 957 1167 1054 1216; x_wconf 80' lang='grc' dir='ltr'>μετὰ</span> <span class='ocrx_word' id='word_1_110' title='bbox 1078 1164 1185 1205; x_wconf 83' lang='grc' dir='ltr'>ταῦτ’</span> <span class='ocrx_word' id='word_1_111' title='bbox 1211 1164 1258 1205; x_wconf 79' lang='grc' dir='ltr'>ἂν</span> <span class='ocrx_word' id='word_1_112' title='bbox 1285 1166 1443 1217; x_wconf 77' lang='grc' dir='ltr'>φανείη,</span> <span class='ocrx_word' id='word_1_113' title='bbox 1466 1175 1487 1199; x_wconf 84' lang='grc'><strong>2</strong></span> 
     </span>
     <span class='ocr_line' id='line_1_15' title="bbox 117 1229 1445 1285; baseline -0.002 -11"><span class='ocrx_word' id='word_1_114' title='bbox 117 1233 180 1274; x_wconf 82' lang='grc' dir='ltr'>ὅσ’</span> <span class='ocrx_word' id='word_1_115' title='bbox 207 1232 254 1275; x_wconf 81' lang='grc' dir='ltr'>ἄν</span> <span class='ocrx_word' id='word_1_116' title='bbox 276 1250 335 1275; x_wconf 86' lang='grc' dir='ltr'>τις</span> <span class='ocrx_word' id='word_1_117' title='bbox 359 1234 458 1284; x_wconf 76' lang='grc' dir='ltr'>ὑμᾶς</span> <span class='ocrx_word' id='word_1_118' title='bbox 482 1229 504 1283; x_wconf 79' lang='grc' dir='ltr'>ἢ</span> <span class='ocrx_word' id='word_1_119' title='bbox 531 1234 593 1273; x_wconf 75' lang='grc' dir='ltr'>διὰ</span> <span class='ocrx_word' id='word_1_120' title='bbox 619 1232 753 1285; x_wconf 82' lang='grc' dir='ltr'>καιρὸν</span> <span class='ocrx_word' id='word_1_121' title='bbox 777 1230 799 1282; x_wconf 79' lang='grc' dir='ltr'>ἦ</span> <span class='ocrx_word' id='word_1_122' title='bbox 827 1233 876 1273; x_wconf 84' lang='grc' dir='ltr'>δι’</span> <span class='ocrx_word' id='word_1_123' title='bbox 897 1234 1001 1284; x_wconf 77' lang='grc' dir='ltr'>ὥραν</span> <span class='ocrx_word' id='word_1_124' title='bbox 1028 1233 1172 1284; x_wconf 82' lang='grc' dir='ltr'>ἡμέρας</span> <span class='ocrx_word' id='word_1_125' title='bbox 1197 1229 1219 1282; x_wconf 84' lang='grc' dir='ltr'>ἢ</span> <span class='ocrx_word' id='word_1_126' title='bbox 1249 1232 1297 1272; x_wconf 91' lang='grc' dir='ltr'>δι’</span> <span class='ocrx_word' id='word_1_127' title='bbox 1317 1231 1445 1282; x_wconf 79' lang='grc' dir='ltr'>ἄλλην</span> 
     </span>
    </p>

    <p class='ocr_par' dir='ltr' id='par_1_7' title="bbox 60 1299 1447 1628">
     <span class='ocr_line' id='line_1_16' title="bbox 60 1299 1446 1354; baseline -0.001 -13"><span class='ocrx_word' id='word_1_128' title='bbox 60 1317 96 1350; x_wconf 90' lang='lat'>15</span> <span class='ocrx_word' id='word_1_129' title='bbox 117 1299 191 1341; x_wconf 85' lang='grc' dir='ltr'>τιν’</span> <span class='ocrx_word' id='word_1_130' title='bbox 215 1301 345 1342; x_wconf 81' lang='grc' dir='ltr'>αἰτίαν</span> <span class='ocrx_word' id='word_1_131' title='bbox 373 1300 705 1354; x_wconf 84' lang='grc' dir='ltr'>παρακρούσηται,</span> <span class='ocrx_word' id='word_1_132' title='bbox 733 1300 840 1341; x_wconf 81' lang='grc' dir='ltr'>ταῦθ’</span> <span class='ocrx_word' id='word_1_133' title='bbox 866 1302 961 1340; x_wconf 84' lang='grc' dir='ltr'>ὅταν</span> <span class='ocrx_word' id='word_1_134' title='bbox 989 1302 1085 1341; x_wconf 80' lang='grc' dir='ltr'>ποτὲ</span> <span class='ocrx_word' id='word_1_135' title='bbox 1115 1299 1314 1351; x_wconf 77' lang='grc' dir='ltr'>βούλησθ’</span> <span class='ocrx_word' id='word_1_136' title='bbox 1339 1301 1446 1350; x_wconf 84' lang='grc' dir='ltr'>ὑμῶν</span> 
     </span>
     <span class='ocr_line' id='line_1_17' title="bbox 119 1366 1446 1418; baseline -0.001 -10"><span class='ocrx_word' id='word_1_137' title='bbox 119 1368 246 1409; x_wconf 81' lang='grc' dir='ltr'>αὐτῶν</span> <span class='ocrx_word' id='word_1_138' title='bbox 282 1370 394 1411; x_wconf 84' lang='grc' dir='ltr'>ὄντες</span> <span class='ocrx_word' id='word_1_139' title='bbox 428 1368 596 1415; x_wconf 86' lang='grc' dir='ltr'>ἀκούειν,</span> <span class='ocrx_word' id='word_1_140' title='bbox 633 1368 733 1409; x_wconf 79' lang='grc' dir='ltr'>εἶναι</span> <span class='ocrx_word' id='word_1_141' title='bbox 767 1371 837 1408; x_wconf 87' lang='grc' dir='ltr'>τὸν</span> <span class='ocrx_word' id='word_1_142' title='bbox 871 1367 1112 1418; x_wconf 81' lang='grc' dir='ltr'>ἐξετάσοντα</span> <span class='ocrx_word' id='word_1_143' title='bbox 1139 1366 1274 1413; x_wconf 86' lang='grc' dir='ltr'>πάλιν,</span> <span class='ocrx_word' id='word_1_144' title='bbox 1302 1366 1350 1408; x_wconf 83' lang='grc' dir='ltr'>ἵν’</span> <span class='ocrx_word' id='word_1_145' title='bbox 1376 1368 1446 1407; x_wconf 77' lang='grc' dir='ltr'>ἐὰν</span> 
     </span>
     <span class='ocr_line' id='line_1_18' title="bbox 117 1434 1447 1491; baseline -0.002 -15"><span class='ocrx_word' id='word_1_146' title='bbox 117 1438 190 1487; x_wconf 81' lang='grc' dir='ltr'>μὲν</span> <span class='ocrx_word' id='word_1_147' title='bbox 230 1434 293 1476; x_wconf 78' lang='grc' dir='ltr'>οἶά</span> <span class='ocrx_word' id='word_1_148' title='bbox 335 1440 464 1488; x_wconf 92' lang='grc' dir='ltr'>φασιν</span> <span class='ocrx_word' id='word_1_149' title='bbox 516 1437 551 1476; x_wconf 81' lang='grc' dir='ltr'>οἱ</span> <span class='ocrx_word' id='word_1_150' title='bbox 593 1435 682 1476; x_wconf 85' lang='grc' dir='ltr'>τότε</span> <span class='ocrx_word' id='word_1_151' title='bbox 730 1436 940 1477; x_wconf 82' lang='grc' dir='ltr'>πείσαντες</span> <span class='ocrx_word' id='word_1_152' title='bbox 988 1435 1109 1491; x_wconf 79' lang='grc' dir='ltr'>φανῇ,</span> <span class='ocrx_word' id='word_1_153' title='bbox 1158 1435 1447 1487; x_wconf 88' lang='grc' dir='ltr'>προθυμότερον</span> 
     </span>
     <span class='ocr_line' id='line_1_19' title="bbox 119 1501 1443 1556; baseline -0.002 -12"><span class='ocrx_word' id='word_1_154' title='bbox 119 1502 308 1556; x_wconf 85' lang='grc' dir='ltr'>πράττηθ’</span> <span class='ocrx_word' id='word_1_155' title='bbox 330 1503 380 1546; x_wconf 84' lang='grc' dir='ltr'>ὡς</span> <span class='ocrx_word' id='word_1_156' title='bbox 406 1504 575 1556; x_wconf 74' lang='grc' dir='ltr'>ἔλεγχον</span> <span class='ocrx_word' id='word_1_157' title='bbox 606 1503 812 1548; x_wconf 88' lang='grc' dir='ltr'>δεδωκότα,</span> <span class='ocrx_word' id='word_1_158' title='bbox 842 1504 911 1543; x_wconf 72' lang='grc' dir='ltr'>ἐὰν</span> <span class='ocrx_word' id='word_1_159' title='bbox 945 1501 977 1543; x_wconf 90' lang='grc' dir='ltr'>δ’</span> <span class='ocrx_word' id='word_1_160' title='bbox 1011 1502 1085 1555; x_wconf 80' lang='grc' dir='ltr'>ἄρα</span> <span class='ocrx_word' id='word_1_161' title='bbox 1118 1502 1171 1554; x_wconf 79' lang='grc' dir='ltr'>μὴ</span> <span class='ocrx_word' id='word_1_162' title='bbox 1201 1501 1347 1542; x_wconf 81' lang='grc' dir='ltr'>τοιαῦθ’</span> <span class='ocrx_word' id='word_1_163' title='bbox 1384 1502 1443 1542; x_wconf 83' lang='grc' dir='ltr'>εὑ-</span> 
     </span>
     <span class='ocr_line' id='line_1_20' title="bbox 117 1567 1447 1628; baseline -0.002 -17"><span class='ocrx_word' id='word_1_164' title='bbox 117 1571 222 1628; x_wconf 75' lang='grc' dir='ltr'>ρεθῇ,</span> <span class='ocrx_word' id='word_1_165' title='bbox 261 1570 354 1622; x_wconf 84' lang='grc' dir='ltr'>πρὶν</span> <span class='ocrx_word' id='word_1_166' title='bbox 388 1569 623 1623; x_wconf 86' lang='grc' dir='ltr'>πορρωτέρω</span> <span class='ocrx_word' id='word_1_167' title='bbox 659 1573 872 1622; x_wconf 84' lang='grc' dir='ltr'>προελθεῖν</span> <span class='ocrx_word' id='word_1_168' title='bbox 909 1571 1115 1623; x_wconf 77' lang='grc' dir='ltr'>ἐπίσχητε.</span> <span class='ocrx_word' id='word_1_169' title='bbox 1188 1570 1250 1610; x_wconf 83' lang='grc' dir='ltr'>καὶ</span> <span class='ocrx_word' id='word_1_170' title='bbox 1286 1570 1361 1621; x_wconf 79' lang='grc' dir='ltr'>γὰρ</span> <span class='ocrx_word' id='word_1_171' title='bbox 1398 1567 1447 1609; x_wconf 78' lang='grc' dir='ltr'>ἂν</span> 
     </span>
    </p>

    <p class='ocr_par' dir='ltr' id='par_1_8' title="bbox 59 1636 1487 1960">
     <span class='ocr_line' id='line_1_21' title="bbox 59 1636 1447 1690; baseline 0 -13"><span class='ocrx_word' id='word_1_172' title='bbox 59 1655 100 1677; x_wconf 81' lang='lat'>20</span> <span class='ocrx_word' id='word_1_173' title='bbox 119 1637 248 1679; x_wconf 81' lang='grc' dir='ltr'>δεινὸν</span> <span class='ocrx_word' id='word_1_174' title='bbox 274 1639 344 1688; x_wconf 84' lang='grc' dir='ltr'>εἴη,</span> <span class='ocrx_word' id='word_1_175' title='bbox 374 1638 407 1679; x_wconf 82' lang='grc' dir='ltr'>εἰ</span> <span class='ocrx_word' id='word_1_176' title='bbox 430 1641 510 1678; x_wconf 80' lang='grc' dir='ltr'>τοῖς</span> <span class='ocrx_word' id='word_1_177' title='bbox 540 1641 608 1678; x_wconf 84' lang='grc' dir='ltr'>τοῦ</span> <span class='ocrx_word' id='word_1_178' title='bbox 638 1638 848 1690; x_wconf 86' lang='grc' dir='ltr'>κρατίστου</span> <span class='ocrx_word' id='word_1_179' title='bbox 882 1639 1139 1689; x_wconf 83' lang='grc' dir='ltr'>διαμαρτοῦσι</span> <span class='ocrx_word' id='word_1_180' title='bbox 1171 1636 1216 1677; x_wconf 86' lang='grc' dir='ltr'>τὸ</span> <span class='ocrx_word' id='word_1_181' title='bbox 1245 1637 1447 1690; x_wconf 81' lang='grc' dir='ltr'>χείριστον</span> 
     </span>
     <span class='ocr_line' id='line_1_22' title="bbox 119 1703 1444 1759; baseline -0.002 -13"><span class='ocrx_word' id='word_1_182' title='bbox 119 1705 269 1759; x_wconf 79' lang='grc' dir='ltr'>ἀνάγκη</span> <span class='ocrx_word' id='word_1_183' title='bbox 306 1704 493 1758; x_wconf 84' lang='grc' dir='ltr'>πράττειν</span> <span class='ocrx_word' id='word_1_184' title='bbox 530 1706 603 1756; x_wconf 78' lang='grc' dir='ltr'>εἴη,</span> <span class='ocrx_word' id='word_1_185' title='bbox 640 1705 702 1746; x_wconf 85' lang='grc' dir='ltr'>καὶ</span> <span class='ocrx_word' id='word_1_186' title='bbox 728 1703 794 1756; x_wconf 86' lang='grc' dir='ltr'>μή,</span> <span class='ocrx_word' id='word_1_187' title='bbox 831 1704 875 1745; x_wconf 84' lang='grc' dir='ltr'>τὸ</span> <span class='ocrx_word' id='word_1_188' title='bbox 909 1704 1089 1756; x_wconf 86' lang='grc' dir='ltr'>δεύτερον</span> <span class='ocrx_word' id='word_1_189' title='bbox 1123 1705 1164 1744; x_wconf 84' lang='grc' dir='ltr'>ἐκ</span> <span class='ocrx_word' id='word_1_190' title='bbox 1194 1708 1272 1744; x_wconf 86' lang='grc' dir='ltr'>τῶν</span> <span class='ocrx_word' id='word_1_191' title='bbox 1297 1704 1444 1755; x_wconf 87' lang='grc' dir='ltr'>λόγων,</span> 
     </span>
     <span class='ocr_line' id='line_1_23' title="bbox 120 1770 1487 1824; baseline -0.001 -11"><span class='ocrx_word' id='word_1_192' title='bbox 120 1772 224 1824; x_wconf 80' lang='grc' dir='ltr'>ἐξείη</span> <span class='ocrx_word' id='word_1_193' title='bbox 263 1773 678 1824; x_wconf 80' lang='grc' dir='ltr'>μεταβουλεύσασθαι.</span> <span class='ocrx_word' id='word_1_194' title='bbox 749 1771 839 1814; x_wconf 81' lang='grc' dir='ltr'>τοὺς</span> <span class='ocrx_word' id='word_1_195' title='bbox 874 1773 947 1823; x_wconf 82' lang='grc' dir='ltr'>μὲν</span> <span class='ocrx_word' id='word_1_196' title='bbox 982 1771 1050 1812; x_wconf 77' lang='grc' dir='ltr'>οὖν</span> <span class='ocrx_word' id='word_1_197' title='bbox 1087 1771 1232 1811; x_wconf 80' lang='grc' dir='ltr'>ἄλλους</span> <span class='ocrx_word' id='word_1_198' title='bbox 1273 1770 1487 1814; x_wconf 79' lang='grc' dir='ltr'>ἅπαντας3</span> 
     </span>
     <span class='ocr_line' id='line_1_24' title="bbox 118 1838 1448 1893; baseline -0.002 -12"><span class='ocrx_word' id='word_1_199' title='bbox 118 1839 237 1893; x_wconf 85' lang='grc' dir='ltr'>ἔγωγ’</span> <span class='ocrx_word' id='word_1_200' title='bbox 262 1841 338 1892; x_wconf 86' lang='grc' dir='ltr'>ὁρῶ</span> <span class='ocrx_word' id='word_1_201' title='bbox 363 1839 435 1891; x_wconf 75' lang='grc' dir='ltr'>τὴν</span> <span class='ocrx_word' id='word_1_202' title='bbox 460 1840 666 1892; x_wconf 83' lang='grc' dir='ltr'>ἀειλογίαν</span> <span class='ocrx_word' id='word_1_203' title='bbox 691 1838 1026 1892; x_wconf 84' lang='grc' dir='ltr'>προτεινομένους,</span> <span class='ocrx_word' id='word_1_204' title='bbox 1048 1839 1142 1879; x_wconf 88' lang='grc' dir='ltr'>ὅταν</span> <span class='ocrx_word' id='word_1_205' title='bbox 1168 1855 1204 1878; x_wconf 92' lang='grc' dir='ltr'>τι</span> <span class='ocrx_word' id='word_1_206' title='bbox 1229 1838 1448 1879; x_wconf 89' lang='grc' dir='ltr'>πιστεύωσι</span> 
     </span>
     <span class='ocr_line' id='line_1_25' title="bbox 119 1905 1444 1960; baseline -0.003 -12"><span class='ocrx_word' id='word_1_207' title='bbox 119 1908 276 1949; x_wconf 86' lang='grc' dir='ltr'>δικαίως</span> <span class='ocrx_word' id='word_1_208' title='bbox 312 1907 443 1949; x_wconf 83' lang='grc' dir='ltr'>αὑτοῖς</span> <span class='ocrx_word' id='word_1_209' title='bbox 478 1910 716 1960; x_wconf 78' lang='grc' dir='ltr'>πεπρᾶχθαι·</span> <span class='ocrx_word' id='word_1_210' title='bbox 767 1907 874 1947; x_wconf 78' lang='grc' dir='ltr'>οὗτοι</span> <span class='ocrx_word' id='word_1_211' title='bbox 911 1906 943 1946; x_wconf 83' lang='grc' dir='ltr'>δ’</span> <span class='ocrx_word' id='word_1_212' title='bbox 981 1906 1027 1946; x_wconf 74' lang='grc' dir='ltr'>αὖ</span> <span class='ocrx_word' id='word_1_213' title='bbox 1063 1905 1291 1946; x_wconf 83' lang='grc' dir='ltr'>τούναντίον</span> <span class='ocrx_word' id='word_1_214' title='bbox 1329 1906 1444 1957; x_wconf 85' lang='grc' dir='ltr'>ἐγκα-</span> 
     </span>
    </p>

    <p class='ocr_par' dir='ltr' id='par_1_9' title="bbox 60 1970 1448 2160">
     <span class='ocr_line' id='line_1_26' title="bbox 60 1970 1447 2026; baseline -0.003 -11"><span class='ocrx_word' id='word_1_215' title='bbox 60 1994 98 2025; x_wconf 85' lang='lat'>25</span> <span class='ocrx_word' id='word_1_216' title='bbox 118 1978 274 2020; x_wconf 90' lang='grc' dir='ltr'>λοῦσιν,</span> <span class='ocrx_word' id='word_1_217' title='bbox 302 1975 335 2014; x_wconf 87' lang='grc' dir='ltr'>εἰ</span> <span class='ocrx_word' id='word_1_218' title='bbox 360 1973 448 2026; x_wconf 84' lang='grc' dir='ltr'>περὶ</span> <span class='ocrx_word' id='word_1_219' title='bbox 478 1975 532 2014; x_wconf 79' lang='grc' dir='ltr'>ὧν</span> <span class='ocrx_word' id='word_1_220' title='bbox 560 1974 752 2026; x_wconf 81' lang='grc' dir='ltr'>ἡμάρτετε</span> <span class='ocrx_word' id='word_1_221' title='bbox 782 1976 849 2014; x_wconf 88' lang='grc' dir='ltr'>νῦν</span> <span class='ocrx_word' id='word_1_222' title='bbox 882 1972 1101 2014; x_wconf 84' lang='grc' dir='ltr'>ἀναθέσθαι</span> <span class='ocrx_word' id='word_1_223' title='bbox 1132 1973 1349 2023; x_wconf 85' lang='grc' dir='ltr'>βούλεσθε,</span> <span class='ocrx_word' id='word_1_224' title='bbox 1375 1970 1447 2021; x_wconf 82' lang='grc' dir='ltr'>τὴν</span> 
     </span>
     <span class='ocr_line' id='line_1_27' title="bbox 119 2039 1448 2093; baseline -0.003 -11"><span class='ocrx_word' id='word_1_225' title='bbox 119 2041 276 2092; x_wconf 85' lang='grc' dir='ltr'>ἀπάτην</span> <span class='ocrx_word' id='word_1_226' title='bbox 303 2039 537 2093; x_wconf 87' lang='grc' dir='ltr'>κυριωτέραν</span> <span class='ocrx_word' id='word_1_227' title='bbox 562 2042 735 2092; x_wconf 84' lang='grc' dir='ltr'>οἰόμενοι</span> <span class='ocrx_word' id='word_1_228' title='bbox 761 2043 842 2081; x_wconf 86' lang='grc' dir='ltr'>δεῖν</span> <span class='ocrx_word' id='word_1_229' title='bbox 869 2041 969 2081; x_wconf 76' lang='grc' dir='ltr'>εἶναι</span> <span class='ocrx_word' id='word_1_230' title='bbox 993 2043 1062 2091; x_wconf 86' lang='grc' dir='ltr'>τῆς</span> <span class='ocrx_word' id='word_1_231' title='bbox 1085 2041 1184 2090; x_wconf 81' lang='grc' dir='ltr'>μετὰ</span> <span class='ocrx_word' id='word_1_232' title='bbox 1210 2043 1278 2079; x_wconf 90' lang='grc' dir='ltr'>τοῦ</span> <span class='ocrx_word' id='word_1_233' title='bbox 1301 2039 1448 2092; x_wconf 80' lang='grc' dir='ltr'>χρόνου</span> 
     </span>
     <span class='ocr_line' id='line_1_28' title="bbox 119 2106 1445 2160; baseline -0.002 -12"><span class='ocrx_word' id='word_1_234' title='bbox 119 2108 317 2160; x_wconf 82' lang='grc' dir='ltr'>βασάνου.</span> <span class='ocrx_word' id='word_1_235' title='bbox 360 2107 431 2158; x_wconf 71' lang='grc' dir='ltr'>τὴν</span> <span class='ocrx_word' id='word_1_236' title='bbox 455 2109 527 2159; x_wconf 83' lang='grc' dir='ltr'>μὲν</span> <span class='ocrx_word' id='word_1_237' title='bbox 544 2108 612 2148; x_wconf 75' lang='grc' dir='ltr'>οὖν</span> <span class='ocrx_word' id='word_1_238' title='bbox 631 2108 780 2148; x_wconf 89' lang='grc' dir='ltr'>τούτων</span> <span class='ocrx_word' id='word_1_239' title='bbox 800 2107 976 2158; x_wconf 77' lang='grc' dir='ltr'>σπουδὴν</span> <span class='ocrx_word' id='word_1_240' title='bbox 994 2106 1074 2148; x_wconf 81' lang='grc' dir='ltr'>οὐδ’</span> <span class='ocrx_word' id='word_1_241' title='bbox 1091 2108 1198 2158; x_wconf 82' lang='grc' dir='ltr'>ὑμῶν</span> <span class='ocrx_word' id='word_1_242' title='bbox 1217 2107 1312 2148; x_wconf 83' lang='grc' dir='ltr'>’ίσως</span> <span class='ocrx_word' id='word_1_243' title='bbox 1329 2106 1445 2158; x_wconf 90' lang='grc' dir='ltr'>ἀγνο-</span> 
     </span>
    </p>

    <p class='ocr_par' dir='ltr' id='par_1_10' title="bbox 120 2202 1450 2387">
     <span class='ocr_line' id='line_1_29' title="bbox 166 2202 1447 2259; baseline -0.001 -11"><span class='ocrx_word' id='word_1_244' title='bbox 166 2228 180 2248; x_wconf 90' lang='lat'>1</span> <span class='ocrx_word' id='word_1_245' title='bbox 207 2216 298 2259; x_wconf 82' lang='grc' dir='ltr'>ὑπὲρ]</span> <span class='ocrx_word' id='word_1_246' title='bbox 317 2218 414 2259; x_wconf 81' lang='grc' dir='ltr'>χωρὶς</span> <span class='ocrx_word' id='word_1_247' title='bbox 432 2216 566 2247; x_wconf 85' lang='lat' dir='ltr'><strong>Dobree</strong></span> <span class='ocrx_word' id='word_1_248' title='bbox 701 2228 720 2247; x_wconf 86' lang='lat'><em>2</em></span> <span class='ocrx_word' id='word_1_249' title='bbox 744 2217 916 2254; x_wconf 82' lang='grc' dir='ltr'>βούλονται</span> <span class='ocrx_word' id='word_1_250' title='bbox 934 2219 983 2249; x_wconf 77' lang='grc' dir='ltr'>καὶ</span> <span class='ocrx_word' id='word_1_251' title='bbox 1000 2202 1120 2258; x_wconf 66' lang='grc' dir='ltr'>Ιι·’Υ”γρ.</span> <span class='ocrx_word' id='word_1_252' title='bbox 1139 2227 1146 2247; x_wconf 87' lang='lat'>:</span> <span class='ocrx_word' id='word_1_253' title='bbox 1170 2216 1343 2254; x_wconf 83' lang='grc' dir='ltr'>βούλονται</span> <span class='ocrx_word' id='word_1_254' title='bbox 1362 2214 1381 2247; x_wconf 79' lang='grc' dir='ltr'>ἃ</span> <span class='ocrx_word' id='word_1_255' title='bbox 1397 2215 1447 2247; x_wconf 81' lang='grc' dir='ltr'>καὶ</span> 
     </span>
     <span class='ocr_line' id='line_1_30' title="bbox 120 2258 1448 2301; baseline -0.004 -8"><span class='ocrx_word' id='word_1_256' title='bbox 120 2266 199 2294; x_wconf 82' lang='lat' dir='ltr'>cett.</span> <span class='ocrx_word' id='word_1_257' title='bbox 345 2271 364 2299; x_wconf 88' lang='grc'>3</span> <span class='ocrx_word' id='word_1_258' title='bbox 388 2263 466 2293; x_wconf 82' lang='grc' dir='ltr'>δῶσι</span> <span class='ocrx_word' id='word_1_259' title='bbox 482 2261 577 2292; x_wconf 91' lang='lat' dir='ltr'>codd.</span> <span class='ocrx_word' id='word_1_260' title='bbox 598 2272 604 2291; x_wconf 94' lang='lat'><strong>:</strong></span> <span class='ocrx_word' id='word_1_261' title='bbox 630 2263 701 2293; x_wconf 84' lang='grc' dir='ltr'>ἐῶσι</span> <span class='ocrx_word' id='word_1_262' title='bbox 721 2261 817 2292; x_wconf 84' lang='lat' dir='ltr'>Blass</span> <span class='ocrx_word' id='word_1_263' title='bbox 967 2272 1005 2291; x_wconf 83' lang='lat'>10</span> <span class='ocrx_word' id='word_1_264' title='bbox 1028 2260 1148 2301; x_wconf 80' lang='grc' dir='ltr'>τούτῳ]</span> <span class='ocrx_word' id='word_1_265' title='bbox 1171 2259 1255 2292; x_wconf 79' lang='grc' dir='ltr'>τοῦθ’</span> <span class='ocrx_word' id='word_1_266' title='bbox 1273 2262 1343 2298; x_wconf 79' lang='grc' dir='ltr'>ὑμῖν</span> <span class='ocrx_word' id='word_1_267' title='bbox 1359 2269 1376 2288; x_wconf 87' lang='lat' dir='ltr'>r</span> <span class='ocrx_word' id='word_1_268' title='bbox 1391 2258 1448 2297; x_wconf 94' lang='lat' dir='ltr'>qui</span> 
     </span>
     <span class='ocr_line' id='line_1_31' title="bbox 121 2301 1450 2346; baseline -0.004 -9"><span class='ocrx_word' id='word_1_269' title='bbox 121 2304 246 2338; x_wconf 75' lang='grc' dir='ltr'>ἀκούειν</span> <span class='ocrx_word' id='word_1_270' title='bbox 273 2309 306 2334; x_wconf 86' lang='lat' dir='ltr'>et</span> <span class='ocrx_word' id='word_1_271' title='bbox 333 2305 385 2336; x_wconf 76' lang='grc' dir='ltr'>καὶ</span> <span class='ocrx_word' id='word_1_272' title='bbox 412 2315 478 2336; x_wconf 85' lang='lat' dir='ltr'>om.</span> <span class='ocrx_word' id='word_1_273' title='bbox 566 2308 747 2346; x_wconf 84' lang='grc' dir='ltr'>προσθεῖναι</span> <span class='ocrx_word' id='word_1_274' title='bbox 775 2310 809 2335; x_wconf 88' lang='lat' dir='ltr'>ut</span> <span class='ocrx_word' id='word_1_275' title='bbox 833 2305 898 2336; x_wconf 91' lang='lat' dir='ltr'>vid.</span> <span class='ocrx_word' id='word_1_276' title='bbox 928 2304 966 2335; x_wconf 86' lang='lat' dir='ltr'>S1</span> <span class='ocrx_word' id='word_1_277' title='bbox 1114 2314 1152 2342; x_wconf 85' lang='lat'>13</span> <span class='ocrx_word' id='word_1_278' title='bbox 1178 2302 1294 2343; x_wconf 80' lang='grc' dir='ltr'>ἐκεῖνο]</span> <span class='ocrx_word' id='word_1_279' title='bbox 1320 2301 1409 2334; x_wconf 79' lang='grc' dir='ltr'>τοῦτ’</span> <span class='ocrx_word' id='word_1_280' title='bbox 1432 2311 1450 2332; x_wconf 88' lang='lat'>1·</span> 
     </span>
     <span class='ocr_line' id='line_1_32' title="bbox 121 2347 1447 2387; baseline -0.003 -6"><span class='ocrx_word' id='word_1_281' title='bbox 121 2348 314 2382; x_wconf 79' lang='grc' dir='ltr'>ἀλυσιτελὲς</span> <span class='ocrx_word' id='word_1_282' title='bbox 331 2359 364 2380; x_wconf 86' lang='lat' dir='ltr'>r:</span> <span class='ocrx_word' id='word_1_283' title='bbox 391 2347 565 2380; x_wconf 81' lang='grc' dir='ltr'>λυσιτελὲς</span> <span class='ocrx_word' id='word_1_284' title='bbox 585 2349 608 2379; x_wconf 85' lang='lat' dir='ltr'>S</span> <span class='ocrx_word' id='word_1_285' title='bbox 623 2348 728 2386; x_wconf 85' lang='lat' dir='ltr'>FQY</span> <span class='ocrx_word' id='word_1_286' title='bbox 742 2348 769 2378; x_wconf 89' lang='lat' dir='ltr'>C</span> <span class='ocrx_word' id='word_1_287' title='bbox 872 2358 908 2387; x_wconf 87' lang='lat'>17</span> <span class='ocrx_word' id='word_1_288' title='bbox 933 2347 983 2380; x_wconf 76' lang='grc' dir='ltr'>οἷα</span> <span class='ocrx_word' id='word_1_289' title='bbox 1001 2347 1076 2386; x_wconf 81' lang='lat' dir='ltr'>rQ:</span> <span class='ocrx_word' id='word_1_290' title='bbox 1105 2349 1144 2379; x_wconf 80' lang='grc' dir='ltr'>ὡς</span> <span class='ocrx_word' id='word_1_291' title='bbox 1157 2350 1235 2378; x_wconf 77' lang='lat' dir='ltr'><strong>cett.</strong></span> <span class='ocrx_word' id='word_1_292' title='bbox 1336 2356 1373 2375; x_wconf 88' lang='lat'>21</span> <span class='ocrx_word' id='word_1_293' title='bbox 1401 2348 1447 2383; x_wconf 82' lang='grc' dir='ltr'>εἵη</span> 
     </span>
    </p>
   </div>
   <div class='ocr_carea' id='block_1_6' title="bbox 121 2388 1449 2477">
    <p class='ocr_par' dir='ltr' id='par_1_11' title="bbox 121 2388 1449 2477">
     <span class='ocr_line' id='line_1_33' title="bbox 121 2388 1449 2432; baseline -0.003 -10"><span class='ocrx_word' id='word_1_294' title='bbox 121 2392 205 2423; x_wconf 88' lang='lat' dir='ltr'>rY:</span> <span class='ocrx_word' id='word_1_295' title='bbox 228 2393 247 2430; x_wconf 81' lang='grc' dir='ltr'>ἢ</span> <span class='ocrx_word' id='word_1_296' title='bbox 262 2393 289 2423; x_wconf 83' lang='grc' dir='ltr'>εἰ</span> <span class='ocrx_word' id='word_1_297' title='bbox 306 2391 331 2422; x_wconf 85' lang='lat' dir='ltr'>S</span> <span class='ocrx_word' id='word_1_298' title='bbox 344 2391 369 2421; x_wconf 82' lang='lat' dir='ltr'>F</span> <span class='ocrx_word' id='word_1_299' title='bbox 385 2391 415 2430; x_wconf 80' lang='lat' dir='ltr'><strong>Q</strong></span> <span class='ocrx_word' id='word_1_300' title='bbox 531 2392 639 2432; x_wconf 71' lang='grc' dir='ltr'>λόγων</span> <span class='ocrx_word' id='word_1_301' title='bbox 662 2402 699 2422; x_wconf 85' lang='lat' dir='ltr'>r:</span> <span class='ocrx_word' id='word_1_302' title='bbox 723 2394 843 2423; x_wconf 81' lang='grc' dir='ltr'>λοιπῶν</span> <span class='ocrx_word' id='word_1_303' title='bbox 861 2392 885 2422; x_wconf 85' lang='lat' dir='ltr'>S</span> <span class='ocrx_word' id='word_1_304' title='bbox 910 2393 999 2430; x_wconf 86' lang='lat' dir='ltr'>vulg.</span> <span class='ocrx_word' id='word_1_305' title='bbox 1166 2401 1208 2429; x_wconf 87' lang='lat'>24</span> <span class='ocrx_word' id='word_1_306' title='bbox 1231 2389 1269 2421; x_wconf 79' lang='grc' dir='ltr'>αὖ</span> <span class='ocrx_word' id='word_1_307' title='bbox 1293 2388 1317 2420; x_wconf 87' lang='lat' dir='ltr'>S</span> <span class='ocrx_word' id='word_1_308' title='bbox 1335 2389 1422 2428; x_wconf 81' lang='lat' dir='ltr'>vulg.</span> <span class='ocrx_word' id='word_1_309' title='bbox 1441 2399 1449 2419; x_wconf 76' lang='lat' dir='ltr'><strong><em>z</em></strong></span> 
     </span>
     <span class='ocr_line' id='line_1_34' title="bbox 122 2432 1384 2477; baseline -0.004 -8"><span class='ocrx_word' id='word_1_310' title='bbox 122 2436 199 2469; x_wconf 81' lang='grc' dir='ltr'>αὐτὸ</span> <span class='ocrx_word' id='word_1_311' title='bbox 215 2446 232 2467; x_wconf 90' lang='lat' dir='ltr'>r</span> <span class='ocrx_word' id='word_1_312' title='bbox 249 2435 376 2477; x_wconf 81' lang='lat' dir='ltr'>(Blass)</span> <span class='ocrx_word' id='word_1_313' title='bbox 523 2445 564 2474; x_wconf 86' lang='lat'>25</span> <span class='ocrx_word' id='word_1_314' title='bbox 587 2435 779 2476; x_wconf 83' lang='grc' dir='ltr'>μεταθέσθαι</span> <span class='ocrx_word' id='word_1_315' title='bbox 796 2445 812 2465; x_wconf 85' lang='lat'>1·</span> <span class='ocrx_word' id='word_1_316' title='bbox 942 2435 1029 2474; x_wconf 85' lang='lat'>25-6</span> <span class='ocrx_word' id='word_1_317' title='bbox 1051 2435 1113 2473; x_wconf 78' lang='grc' dir='ltr'>τὴν</span> <span class='ocrx_word' id='word_1_318' title='bbox 1128 2434 1210 2475; x_wconf 82' lang='grc' dir='ltr'>ἅπαξ</span> <span class='ocrx_word' id='word_1_319' title='bbox 1225 2432 1351 2471; x_wconf 83' lang='grc' dir='ltr'>ἀπάτην</span> <span class='ocrx_word' id='word_1_320' title='bbox 1367 2442 1384 2463; x_wconf 85' lang='lat' dir='ltr'>r</span> 
     </span>
    </p>
   </div>
  </div>
 </body>
</html>
