1763 2778
168 138 256 194 Lvu]
526 144 690 183 ΠΡΟΣ
728 142 1145 182 ETBOTAIAHN

168 241 280 288 εἶναι,
307 241 431 294 λόγον
463 241 571 295 εἶχεν
605 241 654 282 ἂν
677 242 855 295 ὑποψίαν
885 241 956 282 τιν’
981 242 1091 295 ἔχειν
1115 242 1167 285 ὡς
1192 243 1260 283 οὐκ
1286 242 1333 293 ἧν
1359 242 1493 284 ἀστός·

167 309 201 350 εἶ
223 310 265 350 δὲ
284 308 403 359 πένης
428 307 483 350 ὢν
506 308 586 360 ἅμα
612 313 818 361 συγγενεῖς
843 326 885 350 τε
910 308 1138 362 παρέσχετο
1155 309 1244 351 τοὺς
1270 309 1405 350 αὐτοὺς
1433 310 1494 350 καὶ

165 377 444 427 μεταδιδόντας
477 381 554 417 τῶν
585 378 708 417 ὄντων
743 378 979 423 ἐπεδείκνυε,
1010 371 1099 419 ’πῶς
1134 377 1202 417 οὐκ
1233 377 1399 427 εὔδηλον
1433 376 1495 416 ὅτι

166 444 213 499 τῇ
257 444 423 498 ἀληθείᾳ
464 446 640 495 προσῆκε
684 444 857 490 τούτοις,·
906 444 952 484 οὐ
995 445 1069 496 γὰρ
1109 443 1157 484 ἂν
1196 442 1333 493 δήπου,
1374 445 1411 484 εἴ
1448 460 1494 496 γε

129 529 145 560 5
165 510 302 561 μηδενὶ
338 509 388 561 ἧν
420 511 574 556 οἰκεῖος,
612 510 781 564 χρήματ’
815 511 918 565 αὐτῷ
961 510 1243 562 προστιθέντες
1281 511 1389 550 οὗτοι
1428 514 1495 551 τοῦ

166 575 302 629 γένους
336 578 608 628 μετεδίδοσαν.
680 577 771 618 ἀλλ’
810 577 871 627 ἦν,
910 578 961 620 ὡς
997 577 1044 617 τό
1076 576 1110 617 τ’
1145 578 1262 629 ἔργον
1292 576 1495 628 ἐδήλωσεν

166 644 229 685 καὶ
253 645 343 695 ὑμῖν
366 644 669 698 μεμαρτύρηται.
728 645 785 685 ἔτι
808 645 939 685 τοίνυν
963 645 1089 698 ἀρχὰς
1115 645 1262 698 ἔλαχεν
1289 644 1352 686 καὶ
1376 643 1494 697 ἦρξεν

166 712 431 763 δοκιμασθείς.
503 713 571 753 καί
589 729 656 764 μοι
680 714 787 764 λαβὲ
810 711 883 762 τὴν
906 713 1133 765 μαρτυρίαν.

722 865 931 893 ΜΑΡΤὙΡΙΑ.

107 947 145 970 10
231 929 372 970 Οἴεταί
394 945 452 971 τις
477 928 545 970 οὗν
571 929 678 980 ὑμῶν
703 930 825 969 ἐᾶσαί
848 927 935 969 ποτ’
959 927 1008 969 ἂν
1034 928 1123 971 τοὺς
1146 929 1319 980 δημότας
1343 930 1495 970 ἐκεῖνον

163 995 232 1037 τὸν
263 994 378 1047 ξένον
412 996 476 1037 καὶ
506 995 559 1048 μὴ
590 997 757 1046 πολίτην
789 995 928 1050 ἄρχειν
954 996 1044 1049 παρ’
1071 998 1213 1043 αὑτοῖς,
1242 996 1333 1037 ἀλλ’
1353 997 1422 1037 οὐκ
1446 996 1495 1037 ἂν

166 1067 413 1116 κατηγορεῖν;
451 1062 497 1103 οὗ
522 1063 651 1104 τοίνυν
677 1063 949 1116 κατηγόρησεν
975 1063 1063 1104 οὐδὲ
1088 1065 1155 1109 εἶς,
1184 1063 1263 1103 οὐδ’
1286 1063 1492 1120 ιη’τιάσατο.

165 1131 270 1171 ἀλλὰ
294 1129 371 1182 μὴν
397 1130 459 1170 καὶ
485 1131 748 1183 διαψηφίσεις
773 1129 818 1181 ἐξ
841 1129 1014 1183 ἀνάγκης
1047 1129 1233 1183 ἐγένοντο
1265 1134 1346 1172 τοῖς
1375 1132 1492 1181 δημό-

164 1214 248 1240 ταις
273 1198 474 1249 ὀμόσασιν
496 1197 579 1237 καθ’
608 1199 733 1250 ἱερῶν,
755 1197 811 1237 ὅτ’
831 1196 1004 1238 ἀπώλετ’
1024 1197 1154 1239 αὐτοῖς
1173 1201 1218 1237 τὸ
1237 1197 1494 1251 ληξιαρχικὸν

110 1283 143 1314 15
164 1268 429 1318 γραμματεῖον
483 1267 779 1317 δημαρχοῦντος
825 1264 1061 1317 Ἀντιφίλου
1114 1269 1182 1305 τοῦ
1237 1264 1382 1317 πατρὸς
1429 1268 1497 1304 τοῦ

166 1332 429 1383 Εὐβουλίδου,
468 1331 534 1372 καί
565 1348 673 1374 τινας
713 1331 928 1382 ἀπήλασαν
965 1333 1106 1372 αὑτῶν·
1151 1331 1239 1385 περὶ
1277 1333 1426 1372 ἐκείνου
1463 1332 1495 1372 δ’

165 1398 290 1441 οὐδεὶς
330 1397 410 1439 οὔτ’
454 1399 561 1439 εἶπεν
603 1398 682 1439 οὔτ’
723 1398 916 1455 ᾐτιάσατο
955 1403 1132 1440 τοιοῦτον
1173 1398 1299 1440 οὐδέν.
1371 1399 1496 1439 καίτοι

165 1467 286 1507 πᾶσίν
323 1467 436 1506 ἐστιν
472 1466 693 1518 ἀνθρώποις
728 1466 844 1508 τέλος
880 1469 949 1506 τοῦ
976 1467 1070 1518 βίου
1102 1466 1280 1514 θάνατος,
1316 1466 1378 1506 καὶ
1408 1468 1496 1519 περὶ

164 1534 220 1574 ὧν
252 1535 325 1584 μὲν
360 1532 407 1574 ἄν
444 1550 502 1575 τις
541 1533 614 1583 ζῶν
651 1533 779 1573 αἰτίαν
816 1539 911 1590 σχῇ,
948 1534 1098 1574 δίκαιον
1129 1533 1219 1575 τοὺς
1252 1536 1393 1576 παῖδας
1424 1533 1495 1583 τὴν

105 1617 146 1639 20
165 1601 372 1653 ἀειλογίαν
406 1599 609 1654 παρέχειν·
664 1601 754 1653 περὶ
791 1601 846 1641 ὧν
889 1599 922 1642 δ’
961 1600 1010 1641 ἂν
1045 1601 1180 1652 μηδεὶς
1216 1600 1334 1641 αὐτὸν
1373 1601 1496 1650 ζῶντα

165 1667 478 1718 καταιτιάσηται,
505 1672 587 1710 πῶς
614 1666 660 1708 οὐ
693 1667 822 1708 δεινὸν
853 1667 888 1708 εἶ
909 1667 1000 1709 τοὺς
1030 1671 1172 1710 παῖδας
1205 1668 1226 1707 ὁ
1248 1669 1495 1720 βουλόμενος

166 1739 303 1788 κρινεῖ,·
343 1736 376 1776 εἰ
406 1736 479 1786 μὲν
512 1735 645 1775 τοίνυν
677 1735 766 1788 περὶ
797 1735 947 1775 τούτων
969 1735 1104 1786 μηδεὶς
1129 1736 1249 1788 λόγος
1282 1734 1492 1786 ἐξητάσθη,

164 1804 293 1854 δῶμεν
323 1805 440 1842 τοῦτο
471 1801 697 1853 λεληθέναι·
736 1803 769 1843 εἰ
803 1802 836 1842 δ’
870 1803 986 1853 ἐδόθη
1019 1802 1083 1842 καὶ
1107 1803 1406 1854 διεψηφίσαντο
1433 1802 1495 1842 καὶ

162 1871 284 1921 μηδὲν
306 1868 500 1926 ιἥτιόισατο
525 1869 684 1910 πώποτε
707 1870 855 1921 μηδείς,
880 1873 963 1912 πῶς
986 1869 1031 1909 οὐ
1056 1870 1213 1911 δικαίως
1232 1869 1280 1909 ἂν
1306 1870 1383 1921 ἐγὼ
1410 1868 1493 1909 κατ’

104 1952 142 1983 25
164 1937 313 1977 ἐκεῖνον
349 1936 558 1987 Ἀθηναῖος
593 1938 689 1987 εἵην,
727 1935 796 1977 τὸν
827 1935 1122 1986 τελευτήσαντα
1156 1937 1248 1988 πρὶν
1281 1938 1492 1988 ἀμφισβη-

162 2005 327 2054 τηθῆναι
354 2006 423 2043 τοῦ
453 2003 591 2056 γένους
625 2003 747 2059 αὐτῷ,·
785 2003 837 2046 ὡς
869 2003 916 2055 δὴ
949 2003 1055 2044 ταῦτ’
1087 2005 1213 2055 ἀληθῆ
1238 2003 1359 2051 λέγω,
1388 2007 1493 2043 καλῶ

164 2071 226 2111 καὶ
249 2070 397 2111 τούτων
420 2069 629 2123 μάρτυρας.

213 2190 227 2210 1
252 2180 292 2213 ἂν
307 2184 384 2221 post
401 2180 489 2221 εἶχεν
500 2180 577 2212 add.
598 2179 771 2219 Schaeser,
790 2186 866 2220 post
885 2180 1021 2221 ὑποψίαν
1038 2179 1135 2211 Blass
1267 2191 1286 2211 2
1311 2182 1494 2221 παρέσχετο

163 2223 188 2255 S
204 2224 292 2262 vulg.
310 2235 318 2255 ε
341 2225 515 2266 παρείχετο
530 2223 563 2254 Α
705 2235 724 2263 4
749 2228 890 2266 προσῆκε
904 2224 1092 2255 Schaeser:
1116 2224 1377 2265 προσήκειεοάἀ.
1467 2226 1497 2255 εἴ

161 2267 217 2308 γε]
237 2281 263 2300 ει
279 2270 313 2300 δε
330 2267 355 2299 S
512 2278 547 2298 11
573 2269 632 2299 τὸν
647 2268 736 2308 ξένον
750 2267 792 2307 A,
811 2268 851 2298 cf.
877 2270 892 2306 ξ
917 2269 958 2306 48
975 2279 982 2298 t
1007 2267 1095 2309 ξένον
1119 2267 1144 2298 S
1166 2268 1255 2306 vulg.
1275 2279 1282 2298 :
1306 2267 1395 2308 ξένον
1414 2267 1492 2299 ὄντα

162 2310 262 2343 Wolf
406 2321 444 2351 19
468 2314 535 2354 σχῇ
551 2311 680 2351 Taylor
700 2312 725 2352 (‘
737 2312 882 2351 loquitur
897 2311 1102 2350 generaliter
1112 2312 1134 2351 ¹)
1150 2322 1157 2341 :
1182 2314 1249 2353 σχῇ
1265 2311 1343 2352 (ἔχῃ
1356 2310 1402 2350 Α)
1423 2312 1490 2350 περὶ

162 2358 219 2387 τοῦ
233 2354 346 2396 ’γένους
361 2355 459 2386 codd.
600 2366 642 2386 22
665 2358 766 2396 κρινεῖ
779 2355 915 2385 Bekker
930 2366 937 2385 ε
961 2356 1057 2396 κρίνει
1072 2355 1170 2386 codd.
1189 2355 1274 2394 (sine
1290 2358 1431 2385 accentu
1449 2354 1488 2392 S)

162 2398 261 2439 λόγος
280 2397 390 2441 (ἐδόθη
409 2398 483 2440 μηδ’
505 2401 544 2431 ὡς
567 2397 719 2440 πολίτης)
743 2398 901 2438 ἐξητάσθη
924 2397 1136 2436 Bockmeijer
1271 2408 1310 2435 24
1337 2398 1438 2437 ἔγωγε
1459 2396 1490 2425 Α

162 2443 206 2473 26
228 2441 282 2482 δὴ]
299 2441 335 2474 δὲ
349 2441 382 2472 Α
470 2445 558 2475 καλῶ
573 2441 606 2472 Α
622 2453 630 2472 :
654 2441 747 2474 κάλει
764 2441 788 2473 S
805 2443 894 2481 vulg.
912 2442 999 2482 quod
1017 2442 1090 2474 τοὺς
1105 2441 1263 2484 μάρτυρας
1281 2440 1464 2481 requireret

1345 2495 1404 2525 17*

1517 141 1663 195 [1306]

1515 933 1559 967 26

1516 1413 1561 1447 27

1515 1732 1654 1787 [1307]
