1746 2774
618 129 943 168 EHIETOAH
984 131 1019 166 Il
1505 129 1652 185 [1469]

155 227 322 279 μοσύνη·
374 227 422 278 ἣν
464 232 516 282 τῷ
557 232 805 281 μεταγνῶναι
843 228 1022 269 λύσαιτε.
1093 226 1223 268 πάντα
1258 228 1394 269 τοίνυν
1433 231 1523 279 τέι9

156 295 406 347 προειρημέν’
434 294 586 336 ἐλάττω
619 297 761 347 νομίζω
791 298 860 346 τῆς
894 299 1086 350 συνεχοῦς
1120 296 1182 336 καὶ
1220 295 1302 334 καθ’
1334 295 1482 348 ἡμέραν

155 363 372 412 πολιτείας,
400 363 443 403 ἐν
465 361 491 419 ᾗ
516 366 705 416 παρεῖχον
729 362 896 414 ἐμαυτὸν
917 363 994 415 ἐγὼ
1024 363 1342 416 πολιτευόμενον,
1371 364 1478 404 οὐδε-

858 429 906 443 'x'

153 432 245 481 μιᾶς
281 431 398 482 ὀργῆς
435 429 523 471 οὐδὲ
559 430 790 480 δυσμενείας
827 438 892 469 ovo
947 431 1080 470 ἀδίκου
1118 430 1352 480 πλεονεξίας
1391 431 1482 471 οὔτε

117 516 134 546 5
156 499 286 548 κοινῆς
311 496 390 537 οὔτ’
416 497 517 539 ἰδίας
548 496 849 549 προϊστάμενος,
877 497 967 538 οὐδὲ
999 497 1311 549 συκοφαντήσας
1339 497 1482 538 οὐδένα

154 564 303 604 πώποτ’
330 564 420 604 οὔτε
443 565 611 614 πολίτην
630 564 717 604 οὔτε
742 563 868 614 ξένον,
897 564 984 605 οὐδὲ
1011 563 1095 604 καθ’
1119 565 1226 615 ὑμῶν
1252 565 1330 618 ἰδία
1355 565 1481 607 δεινὸς

155 631 220 677 ὥν,
253 630 345 671 ἀλλ’
374 631 472 683 ὑπὲρ
500 632 619 682 ὑμῶν,
649 632 686 671 εἴ
710 648 747 671 τι
776 630 968 681 δεήσειεν,
996 630 1273 682 ἐξεταζόμενος
1299 634 1479 686 δημοσίᾳ.

153 699 291 738 εἰδεῖεν
316 697 349 738 δ’
374 697 422 739 ἂν
448 699 483 739 οἱ
508 699 785 750 πρεσβύτεροι,
815 699 875 739 καὶ
899 698 1035 751 λέγειν
1053 702 1135 741 τοῖς
1159 698 1364 751 νεωτέροις
1387 701 1480 740 ἐστὲ
1506 718 1548 742 10

153 766 295 805 δίκαιοι
319 764 391 815 τὴν
415 765 512 817 πρὸς
536 766 708 806 Πύθωνα
732 765 802 806 τὸν
826 764 1038 815 Βυζάντιον
1059 767 1286 816 ἐκκλησίαν,
1309 767 1375 806 ὅτε
1393 766 1480 807 τοὺς

95 850 132 872 ιο
153 830 230 872 ἀπὸ
272 836 350 872 τῶν
390 830 600 882 Ἑλλήνων
641 832 741 883 ἦλθε
782 831 977 885 πρέσβεις
1017 833 1121 886 ἔχων
1170 833 1220 876 ὡς
1269 834 1481 874 ἀδικοῦσαν

151 897 290 949 δείξων
329 899 402 950 τὴν
440 900 571 946 πόλιν,
616 900 772 951 ἀπῆλθε
819 903 861 941 δὲ
899 901 1087 940 τάναντία
1133 900 1284 941 τούτων
1330 901 1478 948 παθών,

151 967 274 1017 μόνου
305 970 384 1007 τῶν
414 967 503 1008 τότε
531 967 710 1020 ῥητόρων
741 966 1003 1018 ἐξετάσαντος
1032 969 1126 1018 ἐμοῦ
1160 968 1207 1007 τὰ
1241 968 1338 1019 ὑπὲρ
1375 969 1480 1019 ὑμῶν

151 1034 292 1074 δίκαια.
365 1034 427 1074 καὶ
460 1036 510 1074 ἐῶ
546 1035 765 1087 πρεσβείας
801 1035 899 1077 ὅσας
934 1036 1030 1087 ὑπὲρ
1066 1035 1172 1084 ὑμῶν
1208 1035 1478 1087 ἐπρέσβευσα,

151 1102 193 1141 ἐν
219 1102 279 1144 αἷς
305 1101 417 1142 οὐδὲν
442 1101 695 1152 ἠλαττώθητε
725 1101 873 1143 πώποτ’
900 1103 989 1143 οὐδὲ
1015 1101 1099 1142 καθ’
1125 1102 1180 1143 ἕν.
1252 1103 1477 1143 ἐπολιτευό-
1504 1116 1542 1141 11

94 1187 130 1218 15
149 1185 228 1219 μην
261 1168 350 1221 γάρ,
390 1167 419 1209 ὦ
457 1169 596 1222 ἄνδρες
629 1163 846 1220 Ἀθηναῖοι,
885 1169 957 1223 οὐχ
994 1170 1100 1212 ὅπως
1141 1169 1331 1220 ἀλλήλων
1373 1171 1480 1221 ὑμεῖς

151 1234 464 1288 περιγενήσεσθε
495 1240 669 1284 σκοπῶν,
703 1236 783 1277 οὐδ’
807 1236 874 1289 ἐφ’
902 1237 1045 1287 ἑαυτὴν
1075 1238 1225 1277 ἀκονῶν
1251 1237 1323 1287 τὴν
1346 1238 1478 1284 πόλιν,

151 1302 244 1343 ἀλλ’
264 1302 334 1356 ἀφ’
354 1305 410 1344 ὧν
427 1302 549 1355 δόξαν
566 1304 628 1344 καὶ
647 1305 958 1358 μεγαλοψυχίαν
974 1305 1067 1354 ὑμῖν
1079 1303 1269 1354 ὑπάρξειν
1286 1304 1479 1355 ἐνόμιζον.

152 1369 218 1423 ἐφ’
251 1371 309 1412 οἷς
338 1370 465 1411 ἅπασι
488 1370 573 1422 μέν,
599 1371 776 1422 μάλιστα
805 1373 847 1412 δὲ
876 1375 956 1412 τοῖς
987 1370 1101 1417 νέοις,
1130 1371 1304 1424 ἄγασθαι
1328 1371 1479 1423 προσή-

154 1454 223 1483 κει,
263 1438 325 1479 καὶ
362 1441 528 1479 σκοπεῖν
563 1438 615 1489 μὴ
651 1439 774 1490 μόνον
810 1438 879 1479 τὸν
914 1437 1202 1489 διακονήσοντα
1236 1438 1332 1489 πρὸς
1362 1438 1478 1493 χάριν
1500 1434 1642 1490 [1470]

93 1525 133 1548 20
153 1503 269 1546 πάντ’
294 1506 337 1546 ἐν
361 1511 409 1563 τῇ
434 1507 616 1560 πολιτείᾳ
640 1506 795 1557 (τούτου
819 1508 889 1556 μὲν
915 1505 991 1558 γὰρ
1016 1505 1195 1546 οὐδέποτ’
1222 1505 1303 1546 ἔστ’
1330 1507 1476 1558 ἀπορῆ-

153 1570 248 1623 σαι),
271 1571 378 1613 ἇλλὰ
404 1573 466 1613 καὶ
490 1572 559 1613 τὸν
589 1573 649 1613 ἐπ’
683 1573 812 1627 εὐνοίᾳ
838 1574 924 1625 περὶ
952 1574 1006 1612 ὧν
1035 1572 1084 1613 ἂν
1113 1572 1275 1626 ἀγνοῆτ’
1302 1572 1478 1624 ἐπιτιμή-

154 1656 290 1680 σοντα.
362 1639 420 1680 ἔτι
447 1640 580 1680 τοίνυν
609 1641 840 1692 παραλείπω
873 1639 1020 1686 πολλά,
1060 1639 1124 1692 ἐφ’
1159 1641 1218 1682 οἷς
1255 1641 1387 1692 ἕτερος
1419 1641 1480 1680 καὶ
1504 1656 1545 1680 12

152 1709 274 1758 μηδὲν
307 1705 408 1747 ἄλλο
441 1706 638 1761 χρήσιμος
662 1708 836 1760 γεγονὼς
865 1708 1022 1749 δικαίως
1051 1706 1099 1747 ἂν
1128 1706 1239 1757 ἠξίου
1268 1707 1480 1761 τυγχάνειν

153 1774 361 1826 σωτηρίας,
404 1775 598 1827 χορηγίας
635 1775 698 1815 καὶ
740 1776 994 1828 τριηραρχίας
1037 1775 1098 1814 καὶ
1140 1774 1354 1827 χρημάτων
1395 1776 1478 1815 ε’πι-

93 1853 131 1884 25
153 1841 285 1883 δόσεις
321 1842 363 1882 ἐν
398 1844 498 1882 πᾶσι
533 1845 615 1883 τοῖς
653 1845 812 1893 καιροῖς·
862 1844 904 1882 ἐν
947 1843 1003 1883 οἷς
1046 1842 1124 1894 ἐγὼ
1166 1841 1396 1895 φανήσομαι
1437 1841 1482 1882 οὐ

151 1908 274 1958 μόνον
310 1907 425 1949 αὐτὸς
462 1906 730 1960 ἐξητασμένος
765 1912 931 1961 πρῶτος,
968 1909 1076 1949 ἀλλὰ
1112 1909 1176 1950 καὶ
1210 1909 1300 1950 τοὺς
1336 1909 1482 1951 ἄλλους

154 1975 472 2027 παρακεκληκώς.
509 1977 564 2016 ὧν
588 1976 770 2022 ἕκαστον,
792 1974 822 2016 ὦ
846 1975 985 2027 ἄνδρες
1003 1974 1220 2026 Ἀθηναῖοι,
1241 1978 1478 2028 λογίσασθε,

154 2041 206 2084 ὥς
243 2041 405 2092 ἀνάξιόν
444 2043 532 2082 ἐστι
568 2045 638 2093 τῆς
679 2043 977 2094 περιεστηκυίας
1014 2047 1082 2084 νῦν
1129 2043 1216 2093 ἐμοὶ
1256 2046 1479 2095 συμφορᾶς.

153 2109 342 2160 ἀφθόνων
371 2107 405 2148 δ’
435 2110 573 2156 ὄντων,
601 2110 732 2161 ἀπορῶ
763 2111 803 2150 τί
826 2114 983 2162 πρῶτον
1013 2111 1208 2162 ὀδύρωμαι
1232 2114 1310 2150 τῶν
1333 2111 1478 2161 παρόν-
1504 2123 1544 2158 13

94 2192 134 2223 30
153 2192 231 2216 των
261 2179 400 2216 κακῶν.
470 2176 638 2228 πότερον
666 2176 737 2226 τὴν
766 2177 923 2227 ἡλικίαν
954 2178 996 2217 ἐν
1025 2176 1048 2234 ᾗ
1075 2180 1205 2230 φυγῆς
1235 2177 1480 2217 ἐπικινδύνου

200 2295 213 2314 1
240 2284 376 2317 λύσαιτε
401 2285 632 2325 Hermogenis
661 2286 774 2326 potior
804 2286 927 2317 lectio:
959 2286 1078 2318 λύσετε
1107 2287 1215 2324 codd„
1250 2287 1480 2325 Hermogenis

154 2332 229 2362 cod.
250 2331 280 2361 A
295 2343 334 2363 c:
359 2329 483 2364 λύσᾶτε
504 2333 668 2372 Hermog.
691 2333 718 2363 Β
735 2344 755 2364 a
890 2344 927 2363 12
951 2333 1048 2373 μόνου
1067 2333 1091 2363 F
1107 2345 1178 2374 γρ.τ
1202 2333 1299 2373 μόνον
1324 2336 1359 2366 οὐ
1382 2333 1405 2364 S
1428 2334 1481 2372 (οὐ

155 2375 292 2416 deleto),
327 2376 396 2414 FQ
574 2379 613 2407 16
637 2377 887 2417 περιγενήσεσθε
919 2377 1101 2408 Schaeser:
1140 2377 1349 2418 περιγένησθε
1382 2378 1478 2408 codd.

153 2429 196 2449 20
221 2418 313 2452 πάντ’
330 2419 355 2449 F
368 2432 418 2460 γρ.
433 2419 525 2460 Ωγρ.
541 2431 547 2450 :
570 2423 662 2452 ταῦτ’
682 2421 705 2450 S
722 2420 786 2459 FQ
