1763 2778
140 123 175 178 L]
536 127 698 165 ΠΡΟΣ
742 127 1082 165 ΠΟΛὙΚΛΕΑ
1484 125 1617 180 [1219]

138 226 474 280 τριηραρχημένου
510 228 657 280 χρόνου
691 226 843 266 ἐκεῖνον
878 226 955 277 ἐγὼ
992 225 1190 278 πράξομαι
1226 229 1273 267 τὰ
1308 228 1462 268 ἀναλώ-

137 310 253 344 ματα,
279 293 327 334 ἂν
352 294 536 345 δύνωμαι,
563 297 641 333 τῶν
665 291 861 346 τεττάρων
885 297 1032 343 μηνῶν·
1071 293 1121 334 σὺ
1146 295 1188 334 δὲ
1217 295 1464 346 παραλαβὼν

137 359 207 410 τὴν
232 364 326 401 ναῦν
350 364 505 413 πρῶτον
539 362 613 411 μὲν
637 359 706 400 τὸν
736 361 832 412 ὑπὲρ
857 364 1024 400 σεαυτοῦ
1047 361 1193 413 χρόνον
1226 360 1462 415 τριηράρχη-

139 444 224 474 σον,
252 427 342 470 τοὺς
371 427 418 478 ἓξ
445 429 584 479 μῆνας·
621 425 742 468 ἔπειτ’
773 428 843 468 ἐὰν
874 427 948 479 μέν
980 444 1045 467 σοι
1078 428 1175 484 ἔλθῃ
1208 429 1251 468 ἐν
1282 429 1406 484 τούτῳ
1444 430 1464 468 ὁ

99 508 117 540 5
139 493 461 548 συντριήραρχος,
489 495 623 549 ἐκείνῳ
650 495 898 547 παραδώσεις
923 493 1212 550 λῃτουργήσας,
1239 496 1307 536 ἐὰν
1329 498 1370 537 δὲ
1395 495 1461 547 μή,

137 561 250 602 οὐδὲν
286 561 414 602 δεινὸν
449 562 580 602 πείσει
615 561 683 601 δύο
717 563 845 613 μῆνας
881 561 1254 615 ἐπιτριηραρχήσας.
1325 559 1347 613 ἦ
1384 564 1462 615 ἐγὼ
1481 578 1528 611 40

135 630 208 680 μὲν
241 629 261 668 6
293 629 362 670 τόν
393 646 436 670 τε
466 630 564 681 ὑπὲρ
597 630 763 679 ἐμαυτοῦ
796 629 942 682 χρόνον
966 629 1030 670 καὶ
1055 633 1124 669 τοῦ
1147 629 1464 683 συντριηράρχου

135 697 460 753 λελῃτουργηκὼς
496 695 842 750 ἐπετριηράρχησα
877 697 975 748 ὑπὲρ
1015 697 1136 747 ὑμῶν,
1182 696 1233 737 σὺ
1275 695 1308 736 δ’
1348 697 1463 738 οὐδὲν

136 764 348 814 ἀνηλωκὼς
372 764 439 804 οὐκ
466 761 590 813 ἀξιοῖς
615 762 703 804 οὐδὲ
725 763 794 804 τὸν
823 765 920 815 ὑπὲρ
951 767 1117 804 σεαυτοῦ
1149 763 1307 817 χρόνον,
1336 781 1459 816 παρα-

78 846 116 868 10
135 831 276 881 λαβὼν
312 830 383 881 τὴν
417 834 526 877 ναῦν,
562 833 847 887 λῃτουργῆσαι,
886 830 974 871 οὐδὲ
1010 832 1057 870 τὰ
1095 830 1320 882 ἀναλώματ’
1363 832 1459 872 ἀπο-

135 897 306 945 δοῦναι,·’
341 897 532 950 λέγοντος
557 897 599 938 δέ
621 915 695 948 μου
720 901 853 944 ταῦτα,
882 898 1120 950 ἀπεκρίνατό
1142 915 1208 948 μοι
1233 900 1294 939 ὅτι
1316 899 1461 949 μύθους

133 965 305 1017 λέγοιμι.
377 966 397 1005 ὁ
430 967 473 1006 δὲ
505 964 726 1017 στρατηγὸς
755 965 961 1015 ἐμβαίνειν
997 982 1045 1015 με
1082 964 1263 1005 ἐκέλευεν
1300 967 1355 1008 εἰς
1391 965 1462 1016 τὴν

134 1035 228 1072 ναῦν
254 1032 315 1072 καὶ
340 1031 559 1085 ἀνάγεσθαι
582 1031 667 1082 μεθ’
699 1034 848 1072 ἑαυτοῦ.
911 1031 962 1074 ὡς
987 1032 1054 1073 οῦν
1079 1032 1185 1072 ταῦτ’
1211 1033 1458 1085 ἀπεκρίνατο,

134 1097 336 1152 ἀνάγνωθί
355 1117 421 1151 μοι
441 1099 511 1150 τὴν
534 1100 763 1152 μαρτυρίαν.

77 1234 111 1265 15
691 1231 900 1258 ΜΑΡΤὙῬΙΑ.

201 1294 403 1345 Βούλομαι
435 1293 467 1334 δ’
492 1295 583 1345 ὑμῖν
609 1294 671 1335 καὶ
696 1293 902 1345 τεκμήριόν
927 1311 965 1334 τι
989 1295 1126 1340 εἰπεῖν,
1154 1292 1204 1334 ἵν’
1241 1296 1368 1345 εἰδῆτε
1401 1295 1460 1334 ὅτι
1480 1313 1523 1346 41

133 1366 361 1413 περιφανῶς
391 1361 587 1413 ἠδίκημαι.
652 1361 792 1415 Ἀγνίᾳ
828 1362 902 1413 γὰρ
937 1362 998 1401 καὶ
1032 1360 1256 1413 Πραξικλεῖ
1284 1361 1359 1402 ὑπὸ
1392 1366 1461 1402 τὸν

134 1427 253 1469 αὐτὸν
276 1429 423 1481 χρόνον
448 1428 700 1479 κατέστησαν
729 1428 908 1482 διάδοχοι
934 1429 1198 1481 Μνησίλοχός
1223 1446 1265 1470 τε
1289 1429 1310 1468 6
1338 1432 1457 1481 Περι-

133 1496 267 1546 θοίδης
292 1496 354 1536 καὶ
380 1497 651 1548 Φρασιηρίδης
677 1497 697 1535 ὁ
729 1495 1039 1548 Ἀναφλύστιος.
1115 1496 1183 1535 οὐκ
1216 1495 1459 1547 ἀφικομένου

73 1579 112 1600 20
132 1564 175 1602 δὲ
198 1566 266 1602 τοῦ
290 1565 560 1614 Φρασιηρίδου
585 1563 649 1604 ἐπὶ
672 1562 744 1613 τὴν
768 1566 876 1608 ναῦν,
904 1564 924 1601 ὁ
956 1563 1220 1615 Μνησίλοχος
1249 1563 1378 1603 ἐλθὼν
1405 1564 1458 1604 εἰς

131 1628 204 1680 τὴν
229 1628 373 1670 Θάσον
396 1629 605 1682 παρέλαβέ
633 1647 675 1670 τε
707 1631 812 1682 παρὰ
842 1633 910 1669 τοῦ
934 1628 1095 1681 Ἃγνίου
1119 1629 1191 1680 τὴν
1219 1628 1368 1682 τριήρη,
1397 1630 1459 1670 καὶ
1479 1649 1524 1682 42

133 1699 176 1736 τὸ
224 1695 565 1750 ἐπιτριηράρχημα
602 1693 802 1737 ἀπέδωκεν
844 1701 896 1751 τῷ
939 1696 1080 1750 Ἁγνίᾳ
1118 1700 1187 1737 τοῦ
1228 1697 1374 1750 χρόνου
1414 1696 1458 1737 οῦ

134 1762 394 1814 ἐπανήλωσεν
412 1765 509 1816 ὑπὲρ
539 1763 677 1810 αὐτῶν,
707 1765 807 1804 ὅσον
836 1763 1009 1810 ἔπεισεν,
1039 1763 1175 1804 καὶτὰ
1207 1764 1328 1814 σκεύη
1354 1765 1459 1816 παρὰ

133 1834 202 1871 τοῦ
224 1829 386 1884 ιΑγνίου
420 1831 686 1881 ἐμισθώσατο,
715 1831 778 1871 καὶ
814 1829 929 1873 αὐτὸς
959 1829 1217 1884 ἐτριηράρχει.
1290 1832 1459 1883 ὕστερον

75 1910 111 1940 25
133 1897 166 1937 δ’
192 1899 228 1938 οἱ
261 1900 366 1950 παρὰ
393 1902 461 1938 τοῦ
487 1899 755 1951 Φρασιηρίδου
788 1898 973 1939 ἐλθόντες
1005 1901 1083 1938 τῶν
1113 1915 1155 1938 τε
1191 1897 1457 1949 ἀνηλωμένων

133 1963 176 2004 τὸ
201 1963 320 2016 μέρος
343 1964 545 2005 ἀπέδοσαν
570 1969 623 2020 τῷ
657 1965 922 2019 Μνησιλόχῳ,
952 1965 1013 2005 καὶ
1039 1969 1105 2005 τοῦ
1137 1969 1279 2006 λοιποῦ
1310 1966 1457 2018 χρόνου
1478 1967 1618 2023 [1220]

132 2031 211 2071 ὅσα
246 2032 369 2072 ἐδεῖτο
405 2033 460 2074 εἷς
495 2031 566 2082 τὴν
602 2036 697 2072 ναῦν
733 2030 1042 2082 συνανήλισκον.
1115 2033 1181 2072 καί
1205 2049 1273 2084 μοι
1307 2033 1457 2073 τούτων

132 2097 332 2152 ἀνάγνωθι
354 2097 424 2149 τὴν
447 2099 674 2151 μαρτυρίαν.

183 2218 196 2237 1
224 2209 344 2240 ἐκεῖνον
361 2209 424 2249 ἐγὼ
442 2207 509 2239 SA
520 2208 549 2238 D
567 2219 574 2238 :
600 2210 664 2248 ἐγὼ
681 2210 800 2240 ἐκεῖνον
816 2208 842 2238 F
856 2207 887 2247 Q
1026 2218 1048 2249 9
1072 2210 1128 2240 οὐκ
1144 2210 1240 2249 ἀξιοῖς
1255 2208 1343 2248 vulg.
1361 2219 1368 2239 τ
1393 2211 1456 2240 οὐδ’

134 2251 229 2291 ἀξιοῖς
252 2251 276 2282 S
296 2253 424 2292 (tuetur
443 2252 602 2283 Gebauer
619 2251 694 2282 coll.
716 2253 819 2282 lsoer.
839 2252 873 2282 ix
891 2251 948 2290 43)
1118 2262 1157 2282 10
1181 2253 1415 2293 λειτουργήσας
1432 2252 1456 2282 S

136 2296 175 2325 18
198 2309 235 2326 τε
251 2305 316 2325 om.
333 2295 366 2325 A
510 2306 550 2334 19
572 2302 793 2336 Αναφαυστιος
810 2295 834 2326 S
924 2293 1114 2336 ἀφικομένου
1130 2295 1154 2325 S
1171 2296 1261 2335 vulg.
1279 2306 1288 2326 t
1310 2297 1458 2336 ἀφικνου-

133 2337 229 2377 μένου
241 2337 273 2368 Α
404 2349 445 2368 22
468 2340 506 2371 τὸ
524 2350 591 2370 om.
609 2339 633 2370 S
766 2349 806 2377 25
832 2340 859 2371 οἱ
875 2340 956 2380 παρὰ
971 2362 979 2370 .
998 2362 1006 2369 .
1026 2363 1033 2369 .
1053 2338 1201 2371 ἐλθόντες
1216 2340 1249 2369 Α
1264 2349 1272 2369 :
1295 2340 1377 2380 παρὰ
1400 2363 1407 2369 .
1423 2362 1431 2370 .
1448 2362 1455 2369 .

134 2382 284 2414 ἐλθόντος
299 2381 323 2413 S
336 2381 362 2412 F
376 2381 407 2421 Q
422 2382 452 2411 D
583 2393 623 2421 27
648 2382 898 2423 συνανήλισκον]
916 2397 953 2421 νη
971 2392 998 2413 S.
1011 2393 1042 2414 v.
1063 2382 1098 2412 in
1116 2381 1142 2412 S

200 2459 287 2479 141·44
1331 2447 1371 2478 12
