1742 2774
123 108 214 164 xm]
501 110 664 149 ΠΡΟΣ
712 110 1082 149 ΦΑΙΝΙΠΠΟΝ
1470 111 1614 166 [1049]

122 210 184 263 ἦν,
211 210 380 263 ὁρῶντες
401 208 450 251 ἄν
474 226 549 261 μου
572 208 645 260 τὴν
661 209 875 262 φιλεργίαν
902 210 964 250 καὶ
989 208 1061 259 τὴν
1087 211 1140 252 εἷς
1159 211 1257 261 ὑμᾶς
1282 209 1449 255 εὔνοιαν,

122 277 366 320 ἀνεπαύσατ’
392 276 440 323 ἄν
459 293 509 329 με
521 280 596 318 τῶν
614 275 886 327 ἀναλωμάτων
907 276 968 316 καὶ
994 276 1058 317 ἐπὶ
1077 276 1145 317 τὸν
1165 275 1453 329 δραπετεύοντα

121 349 199 387 τῶν
235 345 370 386 ἄλλων
404 343 560 396 ἤλθετε.
630 343 699 384 τὸν
735 343 851 384 αὐτὸν
888 344 1036 396 τρόπον
1074 344 1136 384 καὶ
1174 347 1255 389 νῦν,
1293 345 1452 384 ἐπειδὰν

122 414 323 454 ἀποτείσω
347 413 397 452 τὰ
420 413 508 465 τρία
532 410 694 452 τάλανθ’
720 411 745 452 ἃ
776 409 915 463 ὦφλον
949 410 1013 451 καὶ
1043 410 1237 462 ἀναλάβω
1268 411 1450 461 ἐμαυτόν,

89 502 100 508 -
122 479 243 521 πάλιν
268 478 567 521 ἀναπαύσαντες
599 482 677 519 τῶν
712 477 1116 530 τεταλαιπωρηκότων
1146 478 1280 530 ἕτερον
1306 477 1366 517 ἐπ’
1392 476 1451 528 ἔμ’

120 546 247 598 ἥξετε·
285 550 354 588 νῦν
377 545 410 586 δ’
435 545 572 599 ἄφετε,
594 545 753 587 ἱκετεύω
778 543 926 587 πάντας
950 545 1062 596 ὑμᾶς,
1090 544 1227 597 ἄνδρες
1252 544 1448 590 δικασταί,

122 614 184 655 καὶ
208 615 256 655 τὰ
279 613 394 655 δίκαι’
420 613 581 665 εἰρηκὼς
605 612 742 664 δέομαι
765 613 971 664 βοηθῆσαί
991 628 1060 664 μοι
1083 612 1147 653 καὶ
1171 610 1224 664 μή
1248 629 1296 664 με
1321 629 1449 664 περιε-

120 680 294 723 λαθέντα
318 683 506 734 περιιδεῖν
530 679 608 722 ὑπὸ
629 680 793 740 τούτων.

167 801 186 821 2
211 790 364 823 ἐπαύσατ’
382 790 407 821 F
420 789 450 829 Q
583 800 603 829 3
628 791 678 822 καὶ
697 793 751 822 νῦν
766 789 845 821 secl.
866 789 966 821 Blass
982 800 1054 820 cum
1073 788 1205 820 Wolfio
1331 801 1349 828 4
1375 789 1449 820 ἀπο-

119 836 216 867 τείσω
229 835 272 866 S:
301 835 444 867 ἀποτίσω
459 833 549 873 vulg.
620 838 696 873 post
712 833 843 865 τάλανθ’
862 834 938 865 add.
957 836 1026 874 ὑμῖν
1042 833 1073 863 Λ
1087 833 1116 862 D
1130 833 1155 863 F
1168 846 1219 874 γρ.
1234 832 1264 870 Q
1279 845 1331 873 γρ.
1352 844 1358 863 :
1384 843 1448 863 om.

121 878 181 909 SF
195 879 225 918 Q
379 880 400 908 6
424 879 532 927 ἄνδρες
549 877 573 908 S
586 878 615 907 D
632 888 638 908 :
662 877 684 908 ὦ
702 878 731 909 ἄ.
749 878 838 916 vulg.
1005 888 1022 916 7
1046 891 1084 918 με
1101 888 1166 908 0111.
1184 876 1227 915 A,
1249 880 1341 907 recte
1360 876 1449 917 sort„

119 922 160 954 cs.
181 922 282 953 Isocr.
303 922 361 952 xvi
379 922 432 960 48,
450 922 519 951 xwi
537 931 589 960 52,
611 921 691 960 Lys.
711 921 745 951 iii
763 931 815 960 47,
836 920 895 950 xix
911 922 953 958 64

167 965 204 996 In
223 965 248 997 S
264 965 488 1005 subscriptum

596 1012 702 1043 ΠΡΟΣ
725 1012 960 1041 ΦΑΙΝΙΠΠΟΝ
