1763 2778
93 538 111 570 5

75 815 110 836 10

73 1157 109 1189 15

72 1829 109 1859 25

70 2165 111 2196 30

134 127 241 182 xun]
496 132 658 170 ΠΡΟΣ
701 132 1128 170 ΜΑΚΑΡΤΑΤΟΝ
1480 132 1618 187 11061]

133 225 297 274 ἀδελφὸς
322 224 438 264 οὗδεὶς
462 224 602 263 πώποτ’
628 225 773 276 ἐγένετο
799 224 997 274 Πολεμωνι
1021 229 1071 276 τῷ
1097 225 1208 274 πατρὶ
1226 228 1276 263 τῶ
1296 226 1456 276 Αγιίωη,

134 279 280 329 ἀδελφὴ
314 279 344 317 δ’
381 280 589 329 ὁμοπατρία
628 279 686 317 καὶ
725 279 932 329 ὁμομητρια
969 280 1177 330 Φυλομάχη
1215 281 1238 328 ἡ
1275 297 1397 329 μητηρ
1435 282 1457 329 ἡ

132 332 371 385 Εὐβουλίδου
390 336 455 373 τοῦ
474 335 612 385 πατρὸς
630 337 695 373 τοῦ
715 336 943 386 Φυλομάχης
961 337 1034 385 τῆς.
1047 334 1235 376 Σωσιθέου
1254 335 1434 386 γυναικός

723 455 844 482 ΑΛΛΗ.

185 525 379 573 Μαρτυρεῖ
411 523 476 562 τὸν
512 522 653 573 πατέρα
689 525 755 572 τῆς
792 525 921 562 ἑαυτοῦ
958 523 1127 575 γυναικὸς
1166 525 1458 573 Καλλίστρατον

131 578 280 629 ἀνεψιὸν
309 577 398 616 εἶναι
426 581 466 616 ἐκ
493 578 764 628 πατραδέλφων
794 579 992 627 Πολέμωνι
1020 582 1071 629 τῷ
1098 580 1210 627 πατρὶ
1232 583 1281 630 τῷ
1309 579 1457 630 (Αγνίου

131 632 191 670 καὶ
224 632 424 684 Χαριδήμῳ
456 635 507 683 τῷ
539 633 652 682 πατρὶ
683 637 733 684 τῷ
768 633 1002 682 Θεοπόμπου,
1038 634 1105 682 τὴν
1143 633 1181 671 δὲ
1218 634 1358 683 μητέρα
1391 634 1457 683 τὴν

131 689 259 725 ἑαυτοῦ
280 689 430 737 ἀνεψιοῦ
448 687 562 725 παῖδα
583 687 672 725 εἶναι
692 687 899 736 Πολέμωνι,
924 688 984 725 καὶ
1003 688 1126 738 λέγειν
1144 688 1212 736 τὴν
1231 689 1371 737 μητέρα
1389 689 1456 737 τὴν

129 743 247 780 αὑτῶν
257 742 349 792 πρὸς
365 741 493 782 αὖτοὺς
504 742 699 786 πολλάκις,
716 741 771 779 ὅτι
784 742 991 792 Φυλομάχη
1008 743 1030 790 ἡ
1046 743 1203 791 μήτηρὴ
1218 743 1455 792 Εὐβουλίδου
1475 739 1618 795 [1062]

129 796 351 846 ἀδελφὴ-ἦν
380 796 605 846 Πολέμωνος
632 799 697 834 τοῦ
725 797 863 845 πατρὸς
889 799 955 834 τοῦ
983 798 1132 848 Ἀγνίου
1161 798 1367 846 ὁμοπατρία
1397 798 1456 835 καὶ

130 852 350 901 ὁμομητρία,
379 851 439 889 καὶ
472 851 529 889 ὅτι
562 851 726 901 ἀδελφὸς
756 851 872 892 οὐδεὶς
900 852 1050 889 πώποτε
1075 852 1218 903 γένοιτο
1258 852 1455 902 Πολέμωνι

128 909 178 958 τῷ
197 906 308 957 πατρὶ
326 909 376 959 τῷ
395 906 557 958 Ἀγνίου.

195 999 255 1042 Τὸ
276 1000 482 1054 πρότερον,
507 998 537 1041 ὦ
564 999 700 1053 ἄνδρες
737 1001 932 1047 δικασταί,
958 1001 1025 1042 ὅτε
1056 1001 1293 1052 συνώμοσαν
1327 1000 1451 1053 ἀλλή-
1475 1008 1519 1051 38

128 1072 216 1110 λοις
240 1067 348 1110 οὗτοι
373 1067 435 1108 καὶ
462 1067 681 1111 συστάντες
698 1067 938 1120 ἠγωνίζοντο
959 1069 1104 1109 πολλοὶ
1129 1070 1239 1111 ὄντες
1264 1068 1360 1120 πρὸς
1385 1068 1456 1119 τὴν

129 1139 308 1189 γυναῖκα,
348 1135 461 1188 ἡμεῖς
507 1134 593 1187 μέν,
634 1133 663 1175 ὦ
701 1134 839 1189 ἄνδρες
881 1136 1075 1182 δικασταί,
1114 1136 1204 1176 οὔτε
1244 1136 1455 1188 μαρτυρίας

131 1201 365 1256 ἐγράψαμεν
388 1203 478 1256 περὶ
502 1206 581 1244 τῶν
604 1202 878 1256 ομολογοιμει
881 1221 947 1249 ων
976 1204 1064 1244 οὔτε
1087 1202 1282 1255 μάρτυρας
1307 1220 1452 1255 προσε-

131 1269 398 1322 καλεσάμεθα,
426 1270 517 1310 ἀλλ’
543 1269 694 1326 ᾠόμεθα
728 1270 849 1311 ταῦτά
884 1288 930 1323 γε
967 1271 1089 1312 ἀδεῶς
1124 1269 1317 1324 ὑπάρχειν
1347 1270 1453 1321 ημῖν·

130 1337 238 1379 οὗτοι
262 1339 303 1379 δὲ
329 1336 378 1378 τά
403 1354 446 1379 τε
468 1337 575 1378 ἄλλα
595 1340 729 1378 πολλὰ
749 1339 812 1378 καὶ
831 1338 1078 1392 ἀναίσχυντα
1104 1337 1409 1389 παρεσκευάσαι
1413 1355 1455 1377 το

131 1406 187 1447 εἷς
203 1404 273 1446 τὸν
291 1405 437 1457 ἀγῶνα,
457 1405 519 1445 καὶ
539 1404 679 1456 ἔμελεν
698 1405 828 1446 αὐτοῖς
849 1406 963 1445 οὐδὲν
986 1404 1091 1455 πλὴν
1115 1408 1184 1445 τοῦ
1209 1404 1455 1455 ἐξαπατῆσαι

71 1499 76 1503 -
131 1473 174 1513 ἐν
198 1476 254 1528 τῷ
275 1472 442 1524 παρόντι
465 1472 555 1513 τότε
575 1476 692 1527 καιρῷ
712 1472 801 1514 τοὺς
822 1472 1021 1519 δικαστάς,
1045 1472 1186 1514 οἵτινες
1207 1475 1454 1525 κατεχρῶντο
1476 1481 1519 1516 39

131 1539 182 1581 ὡς
207 1542 260 1594 τῷ
285 1538 501 1590 Πολέμωνι
525 1543 580 1594 τῷ
603 1539 720 1591 πατρὶ
744 1543 796 1594 τῷ
819 1534 984 1592 ζΑγνίου
1007 1539 1053 1579 τὸ
1085 1538 1270 1591 παράπαν
1296 1540 1455 1590 οὐδεμία

129 1605 286 1660 γένοιτο
332 1606 487 1659 ἀδελφὴ
535 1606 754 1658 ὁμοπατρία
800 1607 863 1647 καὶ
910 1606 1135 1658 ὁμομητρία·
1186 1606 1309 1648 οὕτως
1348 1605 1455 1656 ἦσαν

131 1674 389 1728 ἀναίσχυντοι
421 1673 484 1714 καὶ
513 1674 717 1725 βδελυροί,
744 1675 992 1724 τηλικουτονὶ
1019 1676 1180 1725 πρᾶγμα
1210 1673 1452 1725 παρακρουό-

129 1758 242 1792 μενοι
265 1741 355 1783 τοὺς
380 1739 566 1782 δικαστὰς
593 1741 656 1782 καὶ
681 1740 827 1781 οὑτωσὶ
854 1739 1081 1793 περιφανές,
1111 1741 1172 1780 καὶ
1211 1740 1454 1789 ἐσπούδαζον

132 1807 195 1849 καὶ
231 1807 468 1861 ἠγωνίζοντο
504 1807 595 1860 περὶ
633 1807 771 1848 τούτου
808 1807 996 1859 μάλιστα.
1057 1808 1168 1858 ἡμεῖς
1209 1806 1251 1847 δέ
1287 1824 1331 1859 γε
1370 1806 1454 1847 νυνὶ

129 1874 326 1928 μάρτυρας
342 1875 435 1926 ’ὑμῖν
453 1875 690 1916 τοσουτουσὶ
710 1874 998 1929 παρεσχήμεθα
1016 1875 1103 1927 περὶ
1123 1876 1191 1924 τῆς
1212 1873 1454 1924 Πολέμωνος

131 1942 322 1995 ἀδελφῆς,
348 1943 504 1993 τηθίδος
530 1943 574 1985 δὲ
590 1940 766 1995 Ἀγνίου.
826 1942 950 1996 τούτῳ
975 1941 1008 1982 δ’
1034 1942 1053 1981 ὁ
1077 1941 1324 1993 βουλόμενος
1356 1957 1451 1992 μαρ·
1473 1953 1520 1987 4ο

130 2008 349 2062 τυρησάτω,
370 2005 394 2060 ἢ
414 2008 466 2052 ὡς
485 2008 554 2050 οὐκ
572 2006 676 2059 ἦσαν
695 2010 865 2062 ἀδελφοὶ
886 2008 1116 2061 ὁμοπάτριοι
1141 2008 1205 2049 καὶ
1223 2006 1454 2060 ὁμομήτριοι

131 2076 328 2128 Πολέμων
354 2077 416 2117 καὶ
440 2075 674 2130 Φυλομάχη,
696 2073 718 2126 ἢ
745 2077 804 2117 ὅτι
829 2076 898 2116 οὐκ
923 2075 970 2126 ἦν
996 2077 1015 2115 ὁ
1038 2078 1110 2127 μὲν
1135 2074 1333 2126 Πολέμων
1357 2075 1452 2120 υἱός,

129 2142 154 2195 ἡ
179 2146 220 2185 δὲ
245 2143 466 2197 Φυλομάχη
493 2143 663 2197 θυγάτηρ
686 2143 847 2197 ζΑγνίου
876 2147 945 2184 τοῦ
973 2142 1178 2184 Βουσέλου
1202 2141 1318 2188 υἱέος,
1343 2138 1368 2193 ἢ
1394 2142 1455 2181 ὅτι

177 2254 198 2283 6
222 2255 267 2293 τῷ
295 2253 438 2284 alterum
456 2261 489 2284 r:
516 2256 573 2286 τοῦ
588 2253 620 2284 Α
810 2263 848 2293 14
874 2252 1072 2286 συνστάντες
1089 2252 1113 2283 S
1304 2261 1343 2291 19
1366 2251 1456 2283 οὐδὲν

134 2296 194 2327 SF
210 2296 240 2335 Q
254 2296 283 2326 D
301 2296 342 2328 cf.
361 2299 397 2334 ἐξ
416 2298 469 2336 67,
488 2297 530 2326 68
545 2307 551 2328 ;
576 2297 700 2329 οὐδενὸς
715 2296 747 2327 Α
862 2307 900 2327 21
927 2296 997 2329 οὐδὲ
1013 2298 1068 2337 μία
1085 2296 1108 2327 S
1121 2295 1152 2325 D
1262 2305 1303 2325 22
1325 2294 1454 2336 ’γένοιτο

131 2350 196 2371 om.
219 2339 244 2370 S
392 2350 499 2380 23-24
521 2343 716 2378 τηλικοῦτον
732 2364 739 2371 .
760 2362 769 2371 .
787 2364 794 2370 .
814 2342 895 2372 οὕτω
910 2339 943 2370 Α
1085 2350 1125 2378 24
1150 2338 1320 2380 περιφανὲς
1337 2340 1386 2369 καὶ
1403 2338 1433 2367 Α
1448 2348 1454 2368 :

132 2386 312 2425 περιφανῶς
328 2383 353 2414 S
367 2383 392 2414 F
403 2383 433 2422 Q
447 2384 476 2413 D
580 2386 622 2413 26
644 2386 836 2416 τοσουτουσὶ
853 2384 883 2412 Α
899 2396 905 2415 z
929 2384 1099 2416 τοσούτους
1117 2383 1140 2413 S
1153 2383 1177 2412 F
1189 2382 1219 2420 Q
1234 2383 1262 2412 D
1363 2395 1455 2421 παρε-

133 2427 280 2467 σχόμεθα
293 2427 325 2457 Α
455 2436 499 2466 30
521 2427 672 2468 θυγάτηρ]
690 2429 814 2468 ἀδελφὴ
832 2426 861 2456 Α
1020 2439 1026 2445 ·

199 2493 286 2514 141-44
1353 2478 1371 2509 3
