1763 2778
127 150 249 209 [1117]
681 160 1172 198 ΔιιλιοΣΘΕκοτΣ
1509 155 1597 211 [va

271 257 409 299 τούτου
432 257 557 310 μήτηρ
584 259 648 299 καὶ
671 259 691 298 ὁ
716 260 784 307 τῆς
811 259 905 308 ἐμῆς
930 257 1112 310 γυναικὸς
1135 257 1264 310 πατὴρ
1291 259 1471 311 ἀδελφοί,
1494 260 1598 300 ὥστε

270 325 342 376 τὴν
370 328 442 377 μὲν
471 329 635 377 γυναῖκα
671 324 744 375 τὴν
777 324 875 375 ἐμὴν
911 324 1083 377 ἀνεψιὰν
1120 325 1220 365 εἶναι
1256 325 1393 380 τούτῳ,
1430 326 1521 368 τοὺς
1557 328 1597 366 δὲ

129 394 250 448 [1118]
272 396 413 434 παῖδας
443 392 532 433 τοὺς
571 393 722 442 ἐκείνης
753 392 815 432 καὶ
851 391 943 434 τοὺς
977 392 1095 442 ἐμοὺς
1129 393 1380 444 ἀνεψιαδοῦς.
1441 391 1501 444 ἆρ’
1530 392 1598 433 οὖν

975 458 1108 472 α’να

272 463 380 500 δοκεῖ
401 459 484 500 ποτ’
510 458 557 499 ἂν
583 459 674 509 ὑμῖν
696 459 824 504 οὗτος,
853 459 890 499 εἴ
909 475 946 498 τι
972 473 1009 498 οι
1047 473 1200 499 ενοειαν
1227 459 1305 500 εἶδε
1330 460 1521 502 ποιούσας
1544 460 1598 500 ὧν

272 527 316 567 οὐ
341 526 416 580 χρὴ
440 527 512 568 τὰς
543 527 661 566 αὑτοῦ
688 529 908 578 συγγενεῖς,
934 526 1031 577 ὅπερ
1066 525 1136 577 ἤδη
1168 527 1314 567 πολλοὶ
1343 525 1596 577 πεποιήκασι,
1618 546 1635 576 5

273 593 363 646 παρ’
399 594 518 633 αὑτοῦ
551 593 679 645 προῖκ’
713 592 871 634 ἐπιδοὺς
907 594 1096 639 ἐκδοῦναι,
1137 593 1179 636 ὃς
1212 595 1312 645 ὑπὲρ
1348 596 1415 634 τοῦ
1450 593 1539 645 μηδ’
1575 594 1599 634 ὃ.

273 659 462 713 προσήκει
489 661 733 711 κομίσασθαι
754 660 898 702 ταύτας
922 661 970 700 τὰ
995 663 1124 712 ψευδῆ
1153 664 1362 713 μαρτυρεῖν
1385 660 1597 711 ἠθέλησεν,

274 729 336 768 καὶ
361 727 450 780 περὶ
477 727 662 769 πλείονος
693 726 910 777 ἐποιήσατο
938 727 1008 767 τὸν
1033 729 1264 779 Φορμίωνος
1293 731 1466 768 πλοῦτον
1496 724 1518 778 ἡ
1552 729 1600 768 τὸ.

272 797 340 845 τῆς
365 796 599 847 συγγενείας
624 795 842 846 ἀναγκαῖα;
882 793 989 834 ἀλλὰ
1013 794 1091 844 μὴν
1115 796 1175 834 ὅτι
1199 794 1306 834 ταῦτ’
1326 796 1453 845 ἀληθῆ
1477 794 1598 847 λέγω,

211 874 250 910 55
271 864 379 912 λαβὲ
402 861 473 911 τὴν
495 863 710 914 μαρτυρίαν
727 861 797 912 τὴν
819 862 979 902 Δεινίου
1005 862 1067 902 καὶ
1091 863 1381 914 ἀναγίγνωσκε,
1405 863 1467 903 καὶ
1489 861 1602 903 κάλει

275 928 450 969 Δεινίαν.

837 1004 1048 1031 ΜΑΡΤὙΡῙΑ.

328 1062 471 1101 Δεινίας
500 1061 741 1111 Θεομνήστου
767 1059 967 1110 Ἀθμονεὺς
995 1063 1171 1110 μαρτυρεῖ
1196 1061 1264 1110 τὴν
1294 1061 1476 1111 θυγατέρα
1500 1059 1602 1112 (τὴν)

273 1118 383 1154 αὑτοῦ
404 1115 569 1154 ἐκδοῦναι
584 1115 855 1166 Ἀπολλοδώρῳ
876 1117 968 1153 κατὰ
987 1116 1070 1155 τοὺς
1089 1116 1221 1164 νόμους
1240 1118 1395 1167 γυναῖκα
1415 1117 1523 1166 ἔχειν,
1541 1116 1619 1155 καὶ.

272 1171 514 1220 μηδεπώποτε
546 1170 820 1220 παραγενέσθαι
856 1169 950 1219 μηδὲ
989 1170 1189 1208 αἰσθέσθαι
1226 1171 1282 1209 ὅτι
1316 1170 1602 1220 Ἀπολλόδωρος

274 1227 395 1275 ἀφῆκε
413 1228 484 1263 τῶν
504 1226 746 1277 ἐγκλημάτων
767 1225 935 1262 ἁπάντων
955 1227 1159 1274 Φορμίωνα.

209 1347 253 1392 56
333 1335 501 1387 ’Όμοιός
526 1334 563 1389 γ’
587 1336 608 1376 ὁ
636 1336 807 1382 Δεινίας,
835 1333 864 1375 ὦ
890 1335 1026 1387 ἄνδρες
1051 1335 1246 1382 δικασταί,
1274 1336 1412 1390 τούτῳ,
1438 1335 1480 1378 ὃς
1504 1337 1602 1388 ὑπὲρ

273 1405 342 1454 τῆς
373 1402 563 1456 θυγατρὸς
597 1403 661 1444 καὶ
695 1407 774 1443 τῶν
805 1405 1050 1455 θυγατριδῶν
1082 1403 1146 1443 καὶ
1179 1404 1274 1454 ἐμοῦ
1307 1407 1376 1443 τοῦ
1412 1406 1602 1453 κηδεστοῦ

275 1472 337 1511 διὰ
360 1470 433 1521 τὴν
452 1469 688 1523 συγγένειαν
707 1470 796 1511 οὐδὲ
820 1470 972 1521 τάληθῆ
997 1474 1208 1522 μαρτυρεῖν
1234 1469 1365 1511 ἐθέλει
1390 1469 1488 1511 κατὰ
1510 1471 1598 1511 τού-

273 1555 356 1579 του.
409 1536 499 1578 &MC
523 1537 598 1592 οὐχ
623 1538 761 1578 οὑτοσὶ
786 1536 1004 1590 Στέφανος,
1030 1538 1099 1578 οὐκ
1124 1538 1281 1589 ὤκνησε
1311 1537 1396 1578 καθ’
1420 1538 1530 1589 ἡμῶν
1552 1537 1603 1578 τὰ

274 1607 402 1658 ψευδῆ
438 1608 660 1657 μαρτυρεῖν,
699 1603 793 1652 οὐδ’,
834 1606 867 1645 εἰ
901 1604 1051 1655 μηδένα
1086 1608 1163 1645 τῶν
1198 1604 1348 1653 ἄλλων,
1379 1604 1454 1656 τὴν
1486 1606 1604 1645 αὑτοῦ

273 1671 421 1724 μητέρα
457 1672 643 1728 ᾐσχύνθη
684 1675 766 1714 τοῖς
813 1671 880 1712 ἀπ’
918 1672 1072 1722 ἐκείνης
1109 1673 1269 1715 οἰκείοις
1309 1673 1379 1723 τῆς
1426 1671 1603 1726 ἐσχάτης

274 1739 423 1781 ἐνδείας
445 1740 569 1781 αἴτιος
594 1739 818 1791 γενόμενος.

211 1821 252 1856 57
334 1804 388 1847 Ὃ
413 1807 545 1846 τοίνυν
569 1806 718 1847 ἔπαθον
741 1806 965 1846 δεινότατον
983 1806 1046 1848 καὶ
1070 1806 1135 1859 ἐφ’
1155 1804 1184 1862 ᾧ
1198 1806 1362 1858 μάλιστ’
1379 1805 1604 1859 ἐξεπλάγην

273 1873 328 1912 ὅτ’
354 1872 612 1924 ἠγωνιζόμην,
641 1871 670 1912 ὦ
704 1872 841 1924 ἄνδρες
873 1874 1069 1920 δικασταί,
1103 1873 1209 1913 τοῦθ’
1233 1874 1325 1924 ὑμῖν
1359 1875 1482 1914 εἰπεῖν
1509 1873 1605 1925 βού-

273 1945 408 1991 λομαι·
443 1938 514 1990 τήν
530 1957 573 1981 τε
593 1942 668 1993 γὰρ
686 1941 825 1981 τούτου
843 1941 1036 1993 πονηρίαν
1056 1941 1114 1981 ἔτι
1132 1943 1289 1991 μᾶλλον
1307 1941 1416 1992 ὑμεῖς
1433 1942 1600 1993 ὄψεσθε,

275 2007 340 2048 καὶ
371 2007 452 2059 ἐγὼ
481 2011 563 2048 τῶν
590 2006 867 2061 γεγενημένων
897 2007 1192 2059 ἀποδυράμενος
1224 2009 1271 2047 τὰ
1305 2011 1476 2048 πλεῖστα
1506 2011 1603 2059 πρὸς

273 2075 373 2125 ὑμᾶς
410 2074 580 2126 ὡσπερεὶ
610 2072 715 2129 ῥᾴων
748 2074 903 2125 ἔσομαι.
962 2074 1032 2125 τὴν
1068 2076 1144 2127 γὰρ
1173 2077 1388 2126 μαρτυρίαν
1416 2073 1466 2124 ἢν
1499 2073 1603 2129 ᾤμην

126 2136 254 2192 [1119]
275 2141 375 2182 εἶναι
412 2143 476 2183 καὶ
504 2141 552 2182 δι’
578 2141 622 2192 ἧς
659 2140 706 2192 ἦν
743 2142 764 2181 ὁ
799 2146 990 2184 πλεῖστος
1028 2141 1196 2196 ἔλεγχός
1233 2159 1312 2192 μοι,
1349 2141 1494 2192 ταύτην
1529 2141 1604 2195 οὐχ

1623 879 1661 901 10

1624 1553 1665 1574 20

1626 1891 1664 1924 ³5

212 2222 254 2264 58
274 2208 392 2260 ηὗρον
416 2210 585 2248 ἐνοῦσαν
611 2211 651 2249 ἐν
677 2212 729 2264 τῷ
756 2210 889 2264 ἐχίνῳ.
942 2209 1031 2249 τότε
1057 2211 1129 2260 μὲν
1153 2209 1200 2259 δὴ
1226 2213 1277 2263 τῷ
1308 2212 1410 2263 κακῷ
1437 2209 1603 2260 πληγεὶς
1623 2224 1664 2257 30

322 2329 342 2357 3
367 2319 487 2357 ἐκείνης
505 2319 542 2350 S¹
555 2319 585 2358 Q
606 2331 613 2350 ἓ
639 2320 760 2352 ἐκείνου
777 2319 801 2350 S
820 2330 902 2351 corr.
921 2319 1017 2359 vulg.
1176 2322 1250 2352 τοὺς
1268 2320 1377 2361 ἐμοὺς]
1397 2320 1440 2350 cf.
1458 2320 1529 2350 xliii
1546 2320 1598 2360 26,

275 2362 366 2393 xlviii
382 2364 434 2402 38,
455 2374 497 2401 40
631 2373 670 2393 10
693 2362 778 2399 λαβὲ
797 2363 820 2394 S
837 2375 844 2394 τ
869 2364 957 2400 λαβέ
969 2377 1022 2404 μοι
1035 2364 1124 2403 vulg.
1266 2365 1370 2401 13-16
1393 2364 1517 2394 testim.
1532 2372 1597 2394 om.

277 2406 300 2437 S
371 2416 409 2445 13
426 2407 632 2446 Θεομνήστου
648 2406 678 2445 Q
692 2406 721 2436 D
737 2418 744 2437 z
769 2408 952 2446 Θεομνήτου
969 2407 994 2437 F
1051 2408 1113 2446 τὴν
1127 2407 1204 2438 add.
1223 2407 1320 2438 Blass
1390 2409 1432 2438 28
1450 2405 1598 2448 ὡσπερεὶ]

276 2451 381 2491 ὥσπερ
399 2450 424 2480 F
533 2449 616 2492 ῥᾴων
633 2449 657 2481 S
675 2460 760 2482 corr.
777 2449 807 2489 Q
821 2450 850 2479 D
865 2461 872 2481 :
895 2453 973 2493 ῥᾷον
989 2450 1028 2482 Sl
1042 2450 1068 2481 F
1177 2461 1220 2490 29
1243 2451 1321 2483 εἶναι
1337 2451 1435 2482 codd.
1452 2461 1460 2481 :
1488 2452 1600 2483 ἐνεῖναι

277 2493 491 2524 Herwerden
