1763 2778
138 87 241 157 nx]
583 107 746 145 ΚΑΤΑ
794 107 1067 144 ΝΕΑΙΡΑΣ
1510 103 1651 158 [1348]

163 205 465 258 περιπεπτωκὼς
504 204 571 256 ἧν,·
621 205 956 257 παρακαλούντων
997 203 1043 255 δή
1081 221 1130 255 με
1173 205 1371 252 ἁπάντων,
1412 181 1654 270 ἰδίςιὲἑ349]

163 273 412 325 προσιόντων
442 290 522 324 μοι,
558 273 621 313 ἐπὶ
651 273 838 325 τιμωρίαν
871 271 1086 324 τρέπεσθαι
1117 273 1171 312 ὧν
1206 271 1403 323 ἐπάθομεν
1428 273 1490 314 ὑπ’

163 339 292 387 αὐτοῦ,
320 340 383 380 καὶ
407 339 676 389 ὀνειδιζόντων
711 357 777 391 μοι
811 340 1102 391 ἀνανδρότατον
1134 340 1351 391 ἀνθρώπων
1377 341 1488 386 εἶναι,

163 408 197 448 εἰ
228 407 350 449 οὕτως
379 407 530 449 οἰκείως
563 406 667 460 ἔχων
696 409 744 447 τὰ
771 410 869 459 πρὸς
892 407 1053 449 τούτους
1083 406 1136 458 μὴ
1164 405 1350 459 λήψομαι
1380 407 1491 458 δίκην

123 474 258 526 5ὑπὲρ
296 475 476 527 ἀδελφῆς
510 474 573 515 καὶ
610 477 802 525 κηδεστοῦ
839 473 902 514 καὶ
938 475 1165 526 ἀδελφιδῶν
1203 473 1267 514 καὶ
1309 474 1491 527 γυναικὸς

161 542 340 593 ἐμαυτοῦ,
366 543 464 592 μηδὲ
487 540 559 592 τὴν
582 545 811 594 περιφανῶς
837 542 891 583 εἰς
917 541 1009 583 τοὺς
1035 541 1147 584 θεοὺς
1171 541 1404 592 ἀσεβοῦσαν
1429 542 1492 581 καὶ

163 609 218 651 εἷς
241 608 312 660 τὴν
337 609 456 649 πόλιν
472 609 714 661 ὑβρίζουσαν
734 608 796 648 καὶ
816 612 894 649 τῶν
911 602 1042 660 νόμων
1069 612 1396 661 καταφρονοῦσαν
1414 612 1492 649 τῶν

161 675 358 730 ὑμετέρων
395 675 623 728 εἰσαγαγὼν
660 677 714 717 εἰς
750 676 850 727 ὑμᾶς
882 676 945 716 καὶ
978 675 1190 728 ἐξελέγξας
1220 680 1272 730 τῷ
1302 677 1410 730 λόγῳ
1441 676 1492 718 ὡς

162 743 300 790 ἀδικεῖ,
327 743 479 795 κυρίους
505 741 742 795 καταστήσω
768 743 791 783 ὅ
813 760 850 784 τι
875 743 923 783 ἂν
947 747 1155 794 βούλησθε
1181 745 1356 796 χρῆσθαι
1381 743 1489 799 αὐτῇ,

103 829 143 852 10
162 809 298 863 ὥσπερ
337 810 402 851 καὶ
437 809 642 863 Στέφανος
681 810 820 851 οὑτοσὶ
856 811 927 861 ἐμὲ
965 812 1157 866 ἀφῃρεῖτο
1195 810 1285 852 τοὺς
1327 812 1491 851 οἰκείους
1514 829 1556 865 13

162 879 270 930 παρὰ
291 877 383 920 τοὺς
407 877 547 928 νόμους
579 878 643 919 καὶ
665 879 714 918 τὰ
746 879 995 931 ψηφίσματα
1022 880 1070 917 τὰ
1095 877 1273 930 ὑμέτερα,
1302 879 1402 918 οὕτω
1429 878 1491 918 καὶ

162 945 242 997 ἐγὼ
266 947 405 985 τοῦτον
428 944 510 995 ἥκω
533 943 741 995 ἐπιδείξων
766 947 821 987 εἷς
844 946 944 995 ὑμᾶς
969 944 1062 1001 ξένῃ
1087 947 1160 996 μὲν
1186 944 1338 997 γυναικὶ
1359 961 1490 985 συνοι-

162 1015 304 1052 κοῦντα
328 1013 433 1064 παρὰ
457 1014 526 1052 τὸν
556 1012 694 1063 νόμον,
721 1012 957 1064 ἀλλοτρίους
982 1014 1023 1052 δὲ
1058 1015 1198 1054 παῖδας
1224 1012 1493 1064 εἰσαγαγόντα

161 1080 218 1121 εἵς
241 1096 285 1120 τε
309 1078 399 1121 τοὺς
422 1077 622 1132 φράτερας
648 1079 711 1120 καὶ
735 1080 790 1121 εἷς
815 1078 904 1121 τοὺς
923 1079 1109 1130 δημότας,
1136 1080 1338 1131 ἐγγυῶντα
1358 1080 1398 1118 δὲ
1423 1080 1494 1120 τὰς

103 1161 142 1194 15
161 1149 240 1187 τῶν
268 1148 434 1199 ἑταιρῶν
462 1145 675 1199 θυγατέρας
703 1145 754 1188 ὡς
785 1147 903 1186 αὑτοῦ
935 1147 1071 1192 οὔσας,
1105 1145 1335 1197 ἠσεβηκότα
1369 1145 1400 1186 δ’
1438 1145 1492 1187 εἰς

161 1212 254 1256 τοὺς
286 1213 411 1260 θεούς,
435 1211 579 1266 ἄκυρον
610 1215 653 1254 δὲ
681 1216 869 1254 ποιοῦντα
904 1216 974 1254 τὸν
1010 1215 1133 1264 δῆμον
1162 1217 1240 1253 τῶν
1276 1214 1406 1258 αὑτοῦ,
1445 1211 1492 1252 ἄν

162 1297 251 1321 τινα
278 1281 477 1332 βούληται
505 1281 672 1331 πολίτην
702 1280 965 1332 ποιήσασθαι·
1018 1281 1077 1322 τίς
1109 1282 1184 1333 γὰρ
1218 1280 1265 1320 ἂν
1303 1280 1360 1320 ἔτι
1389 1280 1493 1332 παρὰ

162 1351 230 1388 τοῦ
255 1346 378 1399 δήμου
405 1346 584 1399 ζητήσειε
607 1352 754 1398 λαβεῖν
778 1346 941 1401 δωρεάν,
966 1349 1066 1399 μετὰ
1091 1351 1254 1388 πολλῶν
1281 1345 1490 1397 ἀναλωμά-

163 1432 241 1455 των
267 1415 330 1455 καὶ
359 1416 628 1468 πραγματείας
663 1416 828 1465 πολίτης
863 1414 1025 1466 μέλλων
1056 1414 1235 1460 ἔσεσθαι,
1266 1412 1356 1463 ἐξὸν
1388 1415 1494 1465 παρὰ

105 1501 145 1524 20
165 1481 371 1534 Στεφάνου
404 1482 468 1523 ἀπ’
489 1482 702 1524 ἐλάττονος
734 1482 1005 1533 ἀναλώματος,
1040 1483 1076 1522 εἴ
1106 1499 1151 1534 γε
1179 1481 1224 1521 τὸ
1253 1481 1346 1521 αὐτὸ
1380 1484 1492 1521 τοῦτο

164 1548 377 1602 γενήσεται
401 1549 502 1604 αὐτῷ
510 1565 523 1596 ‚·

225 1615 279 1656 ΔΑ
301 1618 373 1669 μὲν
398 1617 465 1656 οῦν
491 1615 685 1667 ἀδικηθεὶς
711 1616 789 1669 ἐγὼ
821 1615 897 1656 ὑπὸ
929 1614 1136 1667 Στεφάνου
1159 1615 1348 1667 πρότερος
1377 1615 1491 1667 ἐγρα-
1517 1631 1558 1666 14

163 1683 307 1736 ψάμην
328 1682 401 1734 τὴν
427 1683 588 1736 γραφὴν
612 1684 769 1734 ταύτην,
796 1685 931 1735 εἴρηκα
962 1686 1056 1735 πρὸς
1089 1684 1201 1733 ὑμᾶς·
1240 1682 1290 1724 ὡς
1323 1681 1356 1722 δ’
1381 1681 1494 1722 ἐστὶν

165 1749 257 1801 ξένη
284 1750 437 1803 Νέαιρα
463 1751 575 1801 αὑτηὶ
601 1751 664 1791 καὶ
690 1755 868 1791 συνοικεῖ
890 1750 1083 1804 Στεφάνῳ
1108 1749 1247 1804 τουτῳὶ
1273 1750 1336 1790 καὶ
1362 1750 1494 1789 πολλὰ

108 1839 145 1870 25
168 1818 486 1870 παρανενόμηκεν
520 1819 576 1859 εἷς
607 1817 679 1868 τὴν
708 1817 840 1864 πόλιν,
872 1817 979 1858 ταῦτ’
1008 1816 1079 1867 ἤδη
1119 1819 1180 1857 δεῖ
1212 1818 1352 1867 μαθεῖν
1381 1817 1493 1866 ὑμᾶς.

166 1883 303 1936 δέομαι
327 1884 396 1926 οῦν
417 1885 539 1936 ὑμῶν,
568 1883 597 1925 ὦ
628 1884 766 1938 ἄνδρες
794 1883 994 1931 δικασταί,
1017 1884 1115 1935 ἅπερ
1147 1883 1316 1935 ἡγοῦμαι
1341 1881 1491 1935 προσή-

168 1968 250 1993 κειν
273 1954 461 2003 δεηθῆναι
483 1951 572 1993 νέον
605 1969 647 1993 τε
676 1953 771 1992 ὄντα
797 1953 859 2000 καὶ
884 1952 1053 2003 ἀπείρως
1082 1951 1228 2004 ἔχοντα
1253 1953 1321 1990 τοῦ
1345 1949 1492 2001 λέγειν,

167 2017 388 2072 συνήγορόν
407 2035 458 2070 με
481 2022 669 2059 κελεῦσαι
702 2018 870 2059 καλέσαι
898 2022 951 2074 τῷ
987 2019 1112 2071 ἀγῶνι
1143 2018 1265 2072 τούτῳ
1292 2016 1493 2057 Ἀπολλό-

213 2138 228 2158 1
253 2127 308 2169 ἦν]
327 2129 365 2160 ἂν
380 2126 420 2165 ἦν
436 2126 460 2157 S
473 2127 504 2157 Y
516 2137 532 2157 r
546 2126 647 2158 Frec.
752 2136 771 2156 2
794 2140 846 2166 μοι
862 2125 1008 2166 Taylor:
1032 2125 1069 2158 τέ
1083 2140 1135 2166 μοι
1152 2125 1177 2156 F
1190 2125 1221 2165 Q
1236 2136 1243 2157 ε
1266 2124 1296 2158 τ’
1315 2125 1384 2166 ἐμοί
1405 2124 1470 2156 SY
1482 2134 1497 2154 ι·

166 2171 338 2214 τρέπεσθαι
355 2170 415 2202 SF
432 2182 439 2201 ε
463 2170 640 2212 τραπέσθαι
657 2170 687 2200 Y
700 2181 715 2201 r
727 2170 756 2199 D
860 2169 908 2202 ὑπ’
928 2172 1023 2202 αὐτοῦ
1036 2179 1101 2202 om.
1124 2180 1140 2199 x·
1152 2170 1181 2199 D
1328 2181 1346 2208 4
1371 2170 1412 2201 τὰ
1428 2168 1492 2198 del.

169 2216 356 2247 Lambinus
507 2224 526 2254 5
551 2217 709 2253 κηδεστοῦ
728 2213 876 2244 Reiske:
901 2217 1067 2251 κηδεστῶν
1083 2214 1179 2245 codd.
1331 2224 1352 2252 9
1376 2213 1497 2253 κυρίους

167 2259 278 2301 (ὑμᾶς)
294 2258 509 2290 Herwerden
681 2268 720 2288 10
743 2258 849 2298 ὥσπερ
866 2259 916 2289 καὶ
935 2257 1038 2288 Hude
1055 2263 1090 2288 ut
1106 2256 1322 2288 anacoluthia
1339 2256 1473 2286 tollatur
1490 2266 1496 2284 :

167 2305 219 2336 καὶ
237 2305 343 2344 ὥσπερ
359 2302 458 2333 codd.
479 2312 486 2332 ε
510 2302 559 2333 καὶ
578 2301 633 2332 del
650 2301 790 2338 Jurinus
935 2302 1086 2342 ἀφῃρεῖτο
1107 2301 1136 2330 Y
1150 2311 1165 2331 1·
1179 2301 1208 2330 D
1224 2312 1231 2331 z
1256 2300 1399 2342 ἀφῄρητο
1416 2303 1495 2329 cett.

172 2355 210 2385 15
236 2348 369 2388 ἑταιρῶν
394 2346 484 2384 vulg.
510 2345 634 2375 Fcorr.
651 2344 760 2383 YrD,
793 2343 902 2374 Bekk.
933 2335 1063 2376 Arieed.
1098 2354 1167 2382 ¹40·
1201 2355 1242 2381 4:
1275 2343 1390 2383 ἑτέρων
1421 2341 1496 2372 SF1

173 2391 213 2420 16
233 2391 291 2421 τὸν
308 2392 406 2430 δῆμον
421 2391 573 2421 ποιοῦντα
589 2388 620 2419 Y
632 2397 648 2418 ι·
661 2387 691 2417 D
803 2398 843 2426 24
869 2388 949 2426 αὕτη
967 2410 974 2419 .
993 2409 1001 2419 .
1021 2410 1030 2419 .
1045 2388 1148 2428 τούτῳ
1165 2387 1277 2420 codd..
1296 2396 1380 2417 corr.
1400 2385 1498 2415 Blass
