1742 2774
158 126 249 182 xLu]
524 130 686 168 ΠΡΟΣ
732 130 1106 167 ΦΑΙΝΙΠΠΟΝ

159 229 269 271 εὐθὺς
300 229 363 270 ἐπὶ
397 233 576 281 κεφαλην
607 229 662 271 εἷς
697 227 741 269 τὸ
777 227 1027 280 δικαστήριον
1063 229 1251 279 βαδίζειν,
1292 229 1480 280 ἐπείσθην

157 296 213 348 (τί
243 298 317 350 γὰρ
355 299 416 337 δεῖ
447 293 749 349 μακρολογεῖν;)
781 295 852 346 τὴν
880 298 952 347 μὲν
983 295 1151 336 σύνοδον
1177 295 1249 346 τὴν
1282 297 1369 348 περὶ
1402 300 1479 336 τῶν

158 364 380 405 διαλύσεων
414 369 462 421 τῇ
497 364 618 419 ὀγδόῃ
661 363 874 416 φθίνοντος
913 366 983 403 τοῦ
1020 363 1318 415 ’βοηδρομιῶνος
1358 363 1480 415 μηνὸς

158 432 406 484 ὁμολογῆσαι
440 430 698 482 ποιήσασθαι,
737 430 807 481 τὴν
843 433 884 471 δὲ
921 431 1126 483 ἀπόφασιν
1161 433 1228 481 τῆς
1266 430 1402 472 οὐσίας
1433 437 1480 488 τῇ

120 522 137 553 5
159 499 248 555 ἕκτῃ
281 499 505 551 φθίνοντος.
575 498 704 551 τυχὼν
737 500 778 539 δὲ
810 498 959 538 τούτων
995 497 1230 550 ἀμφοτέρων
1267 497 1357 551 παρ’
1388 500 1481 549 ἐμοῦ

159 567 384 607 Φαίνιππος
418 564 499 605 οὐδ’
533 566 588 607 εἷς
623 565 762 616 ἑτέραν
797 569 876 605 τῶν
910 565 1066 617 ἡμερῶν
1102 563 1343 616 ἀπήντησεν·
1389 565 1479 605 ἀλλ’

157 632 242 674 ἀνθ’
280 632 366 675 ἐνὸς
401 633 469 673 δύο
504 632 648 683 νόμους
681 632 768 683 ἥκει
802 632 899 684 πρὸς
933 634 1031 683 ὑμᾶς
1068 632 1373 684 παραβεβηκώς,
1411 633 1480 672 ἕνα

156 702 228 752 μὲν
265 699 333 741 τὸν
368 699 579 740 κελεύοντα
615 703 733 752 τριῶν
765 699 921 752 ἡμερῶν
957 699 1026 752 ἀφ’
1066 699 1115 751 ἧς
1153 699 1203 740 ἂν
1240 700 1368 756 ὀμόσῃ
1409 699 1480 750 τὴν

158 767 300 808 οὐσίαν
332 768 583 819 ἀποφαίνειν,
617 767 753 819 ἕτερον
783 769 825 808 δὲ
859 767 928 807 τὸν
966 766 1177 807 κελεύοντα
1214 768 1344 819 κυρίας
1382 767 1480 807 εῖναι

100 845 138 868 10
157 836 227 876 τδις
260 833 356 886 πρὸς
386 833 590 885 ἀλλήλους
621 834 848 886 ὁμολογίας,
879 835 926 876 ἃς
952 834 1000 874 ἂν
1028 834 1205 874 ἐναντίον
1235 833 1480 885 ποιήσωνται

155 902 373 954 μαρτύρων.
445 901 581 947 καίτοι,
607 899 636 941 ἷῖ)
661 901 798 954 ἄνδρες
823 902 1015 947 δικασταί,
1043 901 1098 941 τίς
1125 901 1194 941 οὐκ
1222 900 1328 942 οῖδεν
1357 902 1478 952 ὑμῶν,

157 970 218 1009 ὅτι
242 969 382 1020 ὁμοίως
414 968 440 1019 ἥ
462 985 505 1009 τε
536 969 579 1008 ἐν
603 969 655 1023 τῷ
677 969 781 1023 νόμῳ
808 967 1057 1021 γεγραμμένη
1085 969 1193 1021 κυρία
1222 968 1333 1009 ἐστὶν
1356 967 1482 1020 ἡμέρα

158 1036 222 1077 καὶ
248 1035 272 1087 ἡ
305 1035 379 1076 ὑπὸ
410 1039 489 1076 τῶν
518 1036 727 1077 ἀντιδίκων
758 1038 1084 1089 συγχωρηθεῖσα;
1123 1034 1315 1078 πολλάκις
1339 1037 1414 1088 γὰρ
1440 1036 1482 1075 ἔν

157 1120 201 1144 τε
224 1106 306 1144 τοῖς
330 1103 466 1154 νόμοις
488 1102 763 1155 γεγραμμένης
787 1105 1022 1155 τριακοστῆς
1047 1102 1193 1155 ἡμέρας
1222 1102 1359 1155 ἑτέραν
1390 1102 1482 1153 ἡμῖν

102 1183 137 1216 15
161 1170 291 1211 αὐτοῖς
324 1168 658 1223 συγχωρήσαντες
692 1170 870 1221 ἐθέμεθα,
905 1169 1009 1222 παρά
1034 1187 1076 1211 τε
1108 1174 1192 1211 ταῖς
1218 1171 1357 1223 ἀρχαῖς
1381 1168 1481 1210 ἁπά-

159 1254 249 1279 σαις
283 1237 345 1277 καὶ
376 1238 485 1279 δίκας
509 1237 572 1277 καὶ
604 1238 754 1289 κρίσεις
778 1236 1078 1288 ἀναβάλλονται
1104 1241 1184 1278 τοῖς
1209 1237 1420 1278 ἀντιδίκοις
1445 1238 1480 1277 οἱ

157 1304 348 1358 ἄρχοντες
388 1304 738 1357 συγχωρησάντων
779 1306 939 1345 ἐκείνων
980 1303 1187 1354 ἀλλήλοις·
1245 1305 1299 1344 ὧν
1347 1305 1384 1345 εἴ
1423 1320 1481 1345 τις

157 1371 299 1424 ἄκυρον
331 1370 527 1424 ἡγήσαιτο
560 1375 640 1412 δεῖν
667 1372 765 1412 εἶναι
797 1371 869 1422 τὴν
894 1371 991 1424 πρὸς
1023 1370 1225 1422 ἀλλήλους
1249 1372 1478 1423 ὁμολογίαν,

156 1437 364 1490 μισήσαιτ’
396 1438 445 1479 ἂν
473 1438 592 1480 αὐτὸν
624 1438 676 1481 ὡς
707 1438 1018 1490 ὑπερβάλλοντα
1049 1440 1309 1492 συκοφαντίᾳ.
1381 1439 1479 1478 Φαί-

100 1527 138 1549 20
158 1523 300 1548 νιππος
345 1507 489 1552 τοίνυν,
537 1506 672 1558 ὥσπερ
719 1510 789 1547 τοῦ
835 1507 955 1557 νόμου
1003 1505 1319 1558 προστάττοντος
1359 1507 1481 1557 μηδὲν

98 1569 102 1572 Ὺ
157 1576 286 1614 ποιεῖν
318 1574 372 1613 ὧν
400 1573 448 1613 ἂν
479 1573 714 1630 ὁμολογήσῃ
738 1590 808 1619 τις,
839 1573 906 1614 ἀπ’
934 1574 1085 1624 ἐκείνης
1118 1575 1187 1624 τῆς
1218 1572 1376 1624 ἡμέρας,
1413 1571 1482 1624 ἀφ’

157 1639 205 1691 ἧς
228 1640 487 1692 ὡμολόγησεν
512 1641 581 1681 ἐπί
600 1657 643 1681 τε
667 1642 736 1682 τὰς
762 1640 962 1682 διαλύσεις
988 1639 1291 1690 ἀπαντήσεσθαι
1321 1640 1382 1680 καὶ
1411 1638 1482 1689 τὴν

159 1708 368 1760 ἀπόφασίν
386 1724 452 1758 μοι
472 1706 543 1757 τὴν
564 1708 681 1747 αὑτοῦ
699 1708 843 1748 δώσειν
863 1707 927 1748 καὶ
945 1707 1017 1758 τὴν
1037 1707 1126 1759 παρ’
1148 1709 1241 1758 ἐμοῦ
1259 1706 1478 1758 λήψεσθαι,

159 1774 399 1815 οὐδεπώποτ’
425 1773 664 1825 ἀπήντησεν·
703 1775 794 1815 ἀλλ’
821 1775 898 1827 ἐγὼ
922 1777 993 1826 μὲν
1024 1774 1157 1824 ἐπειδὴ
1182 1777 1321 1814 τοῦτον
1351 1774 1481 1824 ἑώρων

100 1859 137 1891 25
160 1841 204 1881 οὐ
228 1840 480 1895 προσέχοντά
503 1858 570 1893 μοι
594 1841 664 1882 τὸν
687 1847 780 1883 νοῦν
810 1842 897 1882 οὐδὲ
921 1846 1002 1884 τοῖς
1034 1843 1182 1893 νόμοις,
1211 1842 1264 1882 εἰς
1289 1839 1334 1880 τὸ
1359 1858 1478 1892 στρα-

159 1907 298 1961 τήγιον
339 1908 465 1949 ἔδωκα
504 1907 576 1959 τὴν
616 1910 838 1962 ἀπόφασιν,
877 1910 991 1951 οὗτος
1033 1909 1086 1953 δέ,
1126 1909 1222 1961 ὅπερ
1260 1908 1322 1948 καὶ
1355 1910 1479 1961 μικρῷ

159 1976 349 2028 πρότερον
390 1976 514 2021 εἶπον,
558 1968 690 2031 πρῴην
733 1976 853 2017 ἔδωκέ
891 1993 958 2028 μοι
999 1976 1182 2027 βιβλίον,
1225 1976 1337 2015 οὐδὲν
1377 1973 1480 2014 ἄλλο

158 2043 405 2094 βουλόμενος
427 2039 452 2094 ἢ
476 2045 606 2083 δοκεῖν
624 2046 697 2094 μὲν
720 2044 929 2084 δεδωκέναι
954 2043 1025 2093 τὴν
1050 2043 1270 2096 ἀπόφασιν,
1297 2041 1347 2093 μὴ
1375 2041 1481 2093 ἔχειν

207 2162 226 2190 4
252 2154 450 2193 ὁμολογῆσαι
476 2152 681 2194 ποιήσασθαι]
706 2156 755 2193 ὀμ.
777 2154 965 2192 ποιήσεσθαι
989 2151 1142 2192 Seager:
1176 2151 1437 2191 ὁμολογήσασθαι
1456 2149 1480 2180 S

161 2205 180 2233 5
204 2195 389 2238 ἀμφοτέρων
405 2205 473 2226 om.
490 2195 516 2225 F
528 2195 558 2234 Q
747 2207 785 2227 10
809 2198 844 2229 ἃς
862 2208 929 2227 non
947 2207 1012 2228 om.
1031 2196 1065 2233 S,
1086 2197 1186 2226 immo
1201 2195 1293 2225 verbi
1311 2194 1481 2234 ὁμολογίας

161 2238 238 2278 syll.
254 2240 310 2270 ult.
328 2249 389 2278 per
405 2240 584 2277 compend.
605 2250 684 2272 sscr.
752 2242 790 2272 ἂν
803 2251 868 2271 om.
889 2240 954 2279 FQ
1049 2250 1147 2270 10-11
1169 2239 1361 2275 ποιήσωνται
1378 2252 1409 2276 μ.
1431 2237 1454 2267 S
1473 2248 1480 2267 :

161 2297 192 2322 μ.
207 2283 399 2320 ποιήσωνται
419 2283 522 2321 (ονται
540 2282 564 2311 F
580 2282 625 2321 Q)
643 2285 731 2323 vulg.
828 2294 864 2313 12
889 2286 977 2325 κυρία
994 2285 1083 2315 ἐστὶν
1105 2282 1204 2323 ἡμέρα
1222 2282 1244 2311 S
1261 2293 1267 2311 :
1290 2294 1319 2312 κ.
1341 2281 1392 2319 ἡμ.
1411 2282 1478 2311 ἐστὶ

161 2326 191 2355 Α
208 2326 282 2364 ῑὴμ.
295 2339 323 2358 κ.
339 2327 408 2357 ἐστὶ
424 2325 491 2363 FQ
584 2336 685 2365 13—14
704 2329 736 2358 ἔν
746 2327 840 2358 ’τεΞῖ
864 2327 946 2368 παρά
961 2341 1000 2367 ’γε
1014 2326 1065 2356 A:
1082 2326 1164 2367 παρά
1176 2339 1212 2357 ’τε
1226 2325 1250 2354 F
1264 2323 1293 2362 Q
1391 2333 1428 2361 15
1444 2337 1478 2353 τε

161 2379 225 2399 om·
243 2369 268 2398 F
283 2369 313 2407 Q
482 2379 586 2399 20-21
612 2371 712 2410 μηδὲν
729 2374 827 2403 ποιεῖν
844 2371 868 2400 F
885 2371 914 2409 Q
933 2382 939 2401 ε
964 2373 1063 2401 ποιεῖν
1084 2370 1102 2401 ἃ
1116 2369 1217 2410 μηδὲν
1234 2368 1257 2398 S
1276 2380 1282 2398 :
1308 2370 1406 2398 ποιεῖν
1421 2380 1479 2405 μη-

163 2411 215 2444 δὲν
231 2412 263 2442 Α
418 2423 459 2443 22
481 2425 518 2443 τε
530 2422 596 2445 om.
614 2415 645 2443 A
777 2415 883 2453 2708
908 2415 992 2446 ἄλλο
1009 2413 1203 2453 βουλόμενος
1219 2413 1238 2451 ἢ
1256 2412 1280 2441 S
1292 2410 1321 2440 A
1336 2421 1342 2442 ;
1367 2411 1442 2440 ἀλλ’
1461 2411 1478 2448 ἢ

163 2456 354 2495 βουλόμενος
371 2457 460 2495 vulg.

1503 130 1643 185 [1042]

1503 1237 1642 1291 [1043‘

1505 1455 1544 1486 14
