1746 2774
141 110 281 165 3456]

143 699 277 753 [1457]

259 1103 278 1126 2

258 1580 278 1614 3

720 110 1209 149 ΔΗΜΟΣΘΕΝΟΎΣ

302 211 416 249 οὖσιν
451 210 488 249 οἱ
524 209 682 249 πολλοί·
721 211 783 249 δεῖ
815 208 848 249 δ’
883 209 982 260 ὑπὲρ
1018 213 1094 249 τῶν
1130 208 1383 261 πραγμάτων,
1417 208 1630 262 ἐπειδήπερ

302 275 440 328 γέγονε
466 276 590 328 λόγου
613 280 760 329 τυχεῖν,
788 275 812 315 ἄ
835 293 894 318 τις
916 276 1071 328 ἡγεῖται
1097 275 1298 328 κράτιστα,
1325 275 1474 328 λέγειν.

948 406 983 442 Ν

360 484 416 525 “O
452 502 488 526 τι
522 487 595 537 μὲν
630 485 772 537 μέλλει
808 487 1013 526 συνοίσειν
1050 485 1159 542 πάσῃ
1192 486 1238 542 τῇ
1269 485 1396 532 πόλει,
1423 489 1536 527 τοῦτο
1566 486 1629 527 καὶ

300 552 436 605 λέγειν
470 553 634 606 εὔχομαι
663 552 826 599 πάντας,
856 550 884 592 ὦ
910 555 1048 604 ἄνδρες
1074 552 1291 603 Ἀθηναῖοι,
1321 553 1382 593 καὶ
1411 553 1509 603 ὑμᾶς
1540 554 1625 594 ἑλέ-

301 623 406 660 σθαι.
479 620 556 672 ἐγὼ
587 619 618 660 δ’
644 620 723 666 οὖν,
752 620 776 660 ἃ
806 620 1000 661 πεπεικὼς
1030 621 1198 670 ἐμαυτὸν
1233 619 1416 673 τυγχάνω
1451 618 1630 671 μάλιστα

301 686 521 739 συμφέρειν
556 688 659 738 ὑμῖν,
697 686 803 727 ταῦτ’
840 688 927 738 ε’ρῶ,
967 686 1117 737 δεηθεὶς
1151 688 1258 738 ὑμῶν
1294 690 1498 733 τοσοῦτον,
1531 686 1630 738 μήτε

299 753 389 796 τοὺς
415 753 558 805 ἐξιέναι
585 754 818 796 κελεύοντας
843 755 942 805 ὑμᾶς
971 753 1035 794 διὰ
1063 758 1177 794 τοῦτο
1210 754 1382 804 νομίζειν
1413 753 1627 807 ἀνδρείους,

299 820 396 872 μήτε
419 821 509 863 τοὺς
539 820 762 873 ἀντιλέγειν
793 822 1090 874 ἐπιχειροῦντας
1123 820 1186 862 διὰ
1215 825 1328 861 τοῦτο
1361 821 1515 864 κακούς.
1583 821 1628 862 οὐ

300 890 375 941 γὰρ
400 888 420 928 ὁ
445 887 559 930 αὐτὸς
593 887 773 942 ἔλεγχος,
810 887 838 929 ὦ
874 888 1012 940 ἄνδρες
1050 887 1267 939 Ἀθηναῖοι,
1305 892 1383 928 τῶν
1418 905 1460 929 τε
1495 888 1629 941 λόγων

302 955 363 996 καὶ
387 959 465 996 τῶν
490 954 732 1008 πραγμάτων
757 956 882 1002 ἐστίν,
910 956 1017 996 ἀλλὰ
1041 958 1101 996 δεῖ
1122 960 1191 997 νῦν
1216 955 1258 996 εὖ
1286 955 1629 1007 βεβουλευμένους

299 1023 399 1074 ἡμᾶς
425 1025 611 1076 φανῆναι,
638 1023 727 1064 τότε
753 1021 808 1069 δέ,
835 1022 883 1063 ἂν
909 1022 984 1075 ἄρα
1009 1027 1130 1064 ταῦτα
1155 1027 1261 1080 δοκῇ,
1283 1021 1331 1063 τὰ
1356 1025 1425 1073 τῆς
1450 1024 1629 1076 ἀνδρείας

299 1089 598 1140 ἀποδείξασθαι.
669 1090 691 1140 ἡ
721 1092 794 1141 μὲν
829 1090 896 1130 οὖν
926 1089 1093 1142 ὑμετέρα
1129 1091 1323 1142 προθυμία
1360 1090 1504 1132 παντὸς
1540 1091 1629 1142 ἀξία

301 1157 363 1197 καὶ
400 1157 559 1208 τοιαύτη
597 1157 790 1210 πάρεστιν
832 1158 919 1198 οἵαν
954 1157 1002 1198 ἄν
1040 1174 1098 1199 τις
1138 1156 1280 1208 εὔξαιτ’
1321 1158 1454 1200 εὔνους
1491 1156 1545 1198 ὢν
1582 1164 1629 1216 τῇ

300 1225 429 1265 πόλει·
472 1228 541 1265 νῦν
583 1224 616 1264 δ’
658 1225 740 1279 ὅσῳ
781 1223 970 1278 τυγχάνει
1009 1224 1309 1277 σπουδαιοτέρα,
1350 1225 1528 1280 τοσούτῳ
1571 1227 1632 1266 δεῖ

298 1294 455 1343 μᾶλλον
480 1294 655 1344 προϊδεῖν
681 1292 787 1334 ὅπως
812 1293 867 1334 εἷς
896 1291 985 1332 δέον
1019 1291 1313 1346 καταχρήσεσθ’
1339 1292 1447 1350 αὐτῇ.
1518 1292 1625 1334 οὐδε-

299 1362 363 1400 νὸς
389 1361 463 1411 γὰρ
496 1359 691 1410 εὐδοκιμεῖ
721 1358 950 1412 πράγματος
979 1359 1002 1410 ἡ
1036 1361 1276 1412 προαίρεσις,
1314 1358 1362 1400 ἂν
1397 1359 1448 1411 μὴ
1487 1360 1548 1400 καὶ
1583 1359 1629 1400 τὸ

299 1425 412 1467 τέλος
449 1425 654 1478 συμφέρον
694 1427 755 1467 καὶ
796 1426 917 1467 καλὸν
956 1425 1081 1483 λάβῃ.
1151 1427 1230 1479 ἐγὼ
1266 1426 1299 1467 δ’
1335 1426 1422 1467 οἶδά
1458 1426 1559 1474 ποτ’,
1598 1425 1627 1467 ὦ

299 1492 436 1545 ἄνδρες
469 1492 685 1544 Ἀθηναῖοι,
717 1492 807 1546 παρ’
841 1495 932 1544 ὑμῖν
967 1493 1140 1536 ἀκούσας
1175 1493 1316 1545 ἀνδρὸς
1351 1493 1430 1534 οὔτ’
1460 1493 1627 1545 ἀνοήτου

300 1563 505 1603 δοκοῦντος
532 1560 632 1601 εἶναι
657 1560 736 1601 οὔτ’
762 1561 922 1613 ἀπείρου
949 1559 1139 1612 πολέμου,
1167 1560 1414 1613 Ἰφικράτους
1438 1561 1558 1614 λέγω,
1585 1560 1628 1604 ὃς

299 1628 376 1680 ἔφη
425 1630 506 1668 δεῖν
548 1628 647 1668 οὕτω
695 1630 972 1680 προαιρεῖσθαι
1014 1629 1250 1669 κινδυνεύειν
1291 1628 1361 1669 τὸν
1402 1628 1628 1681 στρατηγὸν

298 1695 403 1735 ὅπως
427 1694 480 1746 μὴ
505 1696 553 1735 τὰ
578 1691 601 1746 ἢ
626 1694 673 1735 τὰ
699 1693 924 1747 γενήσεται,
953 1694 1045 1736 ἀλλ’
1071 1696 1177 1738 ὅπως
1204 1695 1266 1735 τά·
1293 1696 1415 1738 οὕτως
1439 1697 1515 1748 γὰρ
1543 1695 1628 1736 εἷπε

298 1765 349 1816 τῷ
373 1760 529 1813 ῥήματι.
602 1760 650 1812 ἦν
674 1761 720 1812 δὴ
750 1766 864 1802 τοῦτο
893 1763 1103 1815 γνώριμον,
1131 1763 1190 1803 ὅτι
1223 1763 1328 1805 ὅπως
1362 1767 1490 1805 καλῶς
1522 1763 1625 1815 ἀγω-

298 1833 437 1869 νιεῖται
462 1829 613 1882 ἔλεγεν.
684 1831 845 1870 ἐπειδὰν
868 1831 942 1880 μὲν
966 1830 1096 1870 τοίνυν
1124 1829 1322 1880 ἐξέλθητε,
1343 1828 1386 1872 ὃς
1404 1829 1452 1870 ἂν
1470 1830 1625 1882 ἡγῆται,

299 1896 426 1947 κύριος
451 1897 557 1947 ὑμῶν
587 1898 688 1936 ἐστι·
721 1900 790 1937 νῦν
823 1895 856 1936 δ’
890 1897 1058 1938 ἕκαστος
1092 1897 1199 1948 ὑμῶν
1235 1896 1362 1937 αὐτῶν
1398 1901 1625 1950 στρατηγεῖ.

298 1965 359 2003 δεῖ
388 1962 433 2013 δὴ
466 1968 625 2004 τοιαῦτα
659 1966 833 2015 φανῆναι
866 1963 1212 2015 βεβουλευμένους
1249 1963 1296 2004 δι’
1329 1965 1383 2005 ὧν
1414 1968 1625 2018 πανταχῶς

299 2030 480 2071 συνοίσει
516 2036 565 2087 τῇ
600 2031 714 2071 πόλει
755 2032 816 2072 καὶ
851 2030 903 2082 μὴ
940 2034 1178 2082 μελλουσῶν
1214 2029 1313 2072 ἕνεκ’
1348 2031 1521 2072 ἐλπίδων
1555 2033 1625 2082 τῆς

298 2097 498 2150 παρούσης
524 2098 769 2148 εὐδαιμονίας
793 2098 928 2151 χεῖρόν
953 2115 989 2138 τι
1014 2097 1213 2148 ποιήσετε.

342 2218 359 2244 4
384 2206 501 2246 μέλλοι
538 2206 605 2238 SY
623 2207 652 2236 D
668 2207 694 2238 C
804 2209 846 2249 τῇ
876 2207 968 2239 πόλει
998 2207 1085 2249 πάσῃ
1114 2217 1131 2238 r
1269 2218 1303 2239 11
1331 2211 1386 2240 νῦν
1407 2206 1500 2251 (μὲν)
1525 2207 1624 2239 Blass

302 2260 339 2280 12
358 2253 435 2292 δοκῇ
450 2252 551 2281 ταῦτα
568 2250 634 2280 rC:
655 2253 730 2293 δοκῇ
744 2250 774 2280 D
846 2260 884 2288 13
900 2251 1106 2291 ἀποδείξασθε
1128 2250 1168 2281 F¹
1215 2250 1269 2283 οὖν
1284 2261 1349 2283 om.
1368 2251 1392 2282 S
1463 2261 1499 2290 14
1517 2253 1624 2284 εὔνους

297 2293 354 2329 ehu]
375 2296 488 2325 εὐνοῶν
505 2293 535 2331 Q
547 2307 598 2334 γρ.
614 2294 645 2324 Y
657 2308 708 2335 γρ.
853 2304 889 2333 15
915 2294 994 2335 ὅσῳ]
1014 2296 1092 2327 ὅσον
1109 2294 1132 2326 S
1145 2294 1174 2332 Q
1311 2297 1349 2326 16
1373 2295 1624 2336 καταχρήσησθε

299 2336 322 2367 S
337 2337 362 2367 F
373 2347 459 2367 corr.
472 2337 501 2367 Y
517 2337 548 2367 D
560 2338 585 2367 C
601 2349 608 2368 ε
633 2341 741 2370 -ασθαι
767 2337 804 2367 F¹
934 2339 972 2367 18
997 2352 1074 2370 ποτε
1092 2344 1168 2376 post
1186 2340 1254 2378 ὑμῖν
1271 2339 1363 2377 ponit
1380 2348 1396 2368 r
1503 2349 1546 2369 20
1568 2352 1622 2370 πο-

298 2380 403 2420 λέμων
419 2390 436 2410 ι·
538 2388 738 2422 ειφικρατους
755 2380 792 2412 S¹
948 2391 990 2420 23
1014 2381 1067 2422 δὴ]
1085 2381 1119 2413 δὲ
1135 2381 1161 2412 F
1182 2392 1266 2412 corr.
1413 2391 1454 2421 25
1478 2383 1582 2413 αὐτῶν
1597 2381 1622 2413 S

297 2424 378 2463 vulg
394 2435 400 2454 :
426 2426 512 2464 αὑτῷ
529 2434 546 2453 r
563 2423 723 2463 <Reiske3
741 2435 748 2454 :
773 2425 866 2456 αὐτὸς
884 2424 983 2455 Blass
1125 2427 1167 2455 26
1189 2426 1230 2457 τὰ
1245 2427 1378 2457 τοιαῦτα
1392 2425 1418 2455 F
1506 2429 1622 2462 βεβου-

297 2467 469 2506 λευμένους
493 2467 518 2499 5
535 2468 628 2507 vulg.
640 2468 730 2508 Dyp.
747 2478 755 2498 ι
778 2467 1030 2508 βοι”λευομε’νους
1049 2479 1065 2498 r
1077 2468 1107 2498 D
1241 2479 1280 2507 27
1304 2469 1363 2509 μὴ]
1382 2470 1425 2507 μὴ
1438 2472 1502 2500 τῶν
1518 2479 1534 2500 r

1649 568 1666 599 5

1651 905 1690 927 10

1650 1241 1688 1275 ¹5

1649 1581 1690 1603 20

1652 1927 1689 1958 25
