1763 2778
114 140 245 195 [1102]
690 145 1172 183 ΔΙΙΜΟΣΘΕΝΟΎΣ
1502 141 1590 196 [va

267 244 496 296 πράγματός
520 245 643 284 ἐστιν.
716 243 761 293 ἐξ
787 244 911 297 ἀρχῆς
945 243 977 283 δ’
1004 244 1054 285 ὡς
1083 243 1131 284 ἲιν
1164 245 1242 285 οἷός
1277 243 1310 284 τ’
1338 242 1366 283 ὦ
1397 246 1459 284 διέι
1487 249 1588 296 βρα-

266 310 444 364 χυτάτων
471 313 594 352 εἰπεῖν
623 310 863 362 πειράσομαι
894 312 943 351 τὰ
975 311 1231 362 πεπραγμένα
1259 328 1326 362 μοι
1356 311 1452 363 πρὸς
1484 315 1587 363 Φορ-

1042 377 1051 391 9

265 380 402 429 μίωνα,
448 377 494 428 ἐξ
527 379 581 419 ῶν
622 378 863 420 ἀκούσαντες
908 376 979 427 τήν
1019 395 1041 417 τ
1099 379 1250 418 ἐκείνου
1291 379 1481 430 πονηρίαν
1528 379 1591 419 καὶ

265 445 438 495 τούτους,
465 446 527 486 ὅτι
549 447 598 485 τὰ
622 448 749 498 ψευδῆ
775 443 1130 497 μεμαρτυρήκασιν,
1157 445 1379 497 γνώσεσθε.

225 529 243 561 3
330 511 435 565 Ἐγὼ
461 511 548 565 γάρ,
571 510 600 551 ῶ
619 512 755 564 ἄνδρες
781 513 976 558 δικασταί,
1002 516 1166 552 πολλῶν
1188 513 1400 565 χρημάτων
1425 511 1500 553 ὑπὸ
1523 515 1592 553 τοῦ

267 579 413 631 πατρὸς
437 579 783 632 καταλειφθέντων
807 596 888 631 μοι,
914 579 978 620 καὶ
1006 582 1126 619 ταῦτα
1159 581 1388 632 Φορμίωνος
1413 579 1588 633 ἔχοντος,

267 647 329 686 καὶ
353 646 410 687 ἔτι
434 646 529 698 πρὸς
553 647 705 688 τούτοις
730 645 800 696 τὴν
824 645 973 698 μητέρα
1000 646 1198 699 γήμαντος
1225 646 1298 697 τὴν
1321 645 1420 698 ἐμὴν
1444 647 1591 697 ἀποδη-

264 717 428 764 μοῦντος
459 715 552 764 ἐμοῦ
579 715 754 767 δημοσίᾳ
781 716 1109 767 τριηραρχοῦντος
1142 715 1232 764 ὑμῖν
1258 713 1321 765 (ὃν
1352 714 1499 766 τρόπον
1531 713 1588 763 δέ,

265 780 333 820 οὐκ
363 782 460 822 ἴσως
494 780 616 821 καλὸν
651 782 730 821 υἱεῖ
758 780 845 833 περὶ
875 780 1019 833 μητρὸς
1057 781 1230 833 ἀκριβῶς
1267 779 1416 831 εἰπεῖν),
1456 780 1589 831 ἐπειδὴ

266 847 543 890 καταπλεύσας
587 847 770 904 ᾐσθόμην
817 847 879 889 καὶ
925 847 974 888 τὰ
1019 847 1260 900 πεπραγμέν’
1310 848 1427 897 εἶδον,
1471 846 1590 888 πόλλ’

223 933 245 967 4
264 914 542 968 ἀγανακτήσας
575 916 639 956 καὶ
667 919 855 969 χαλεπῶς
883 916 1056 967 ἐνεγκὼν
1084 916 1195 966 δίκην
1225 917 1297 966 μὲν
1331 915 1404 969 οὐχ
1441 915 1521 956 οἶός
1556 914 1590 956 τ’

264 981 312 1032 ἦν
337 983 437 1023 ἰδίαν
460 986 605 1036 λαχεῖν
629 980 692 1034 (οὐ
717 984 792 1036 γὰρ
817 982 922 1034 ἦσαν
948 984 991 1024 ἐν
1014 986 1067 1037 τῷ
1092 983 1184 1024 τότε
1211 986 1328 1037 καιρῷ
1355 982 1469 1028 δίκαι,
1497 981 1591 1022 ἀλλ’

264 1049 535 1101 ἀνεβάλλεσθ’
573 1050 682 1101 ὑμεῖς
722 1052 787 1091 διὰ
821 1049 891 1091 τὸν
927 1048 1132 1101 πόλεμον),
1173 1048 1334 1102 γραφὴν
1369 1049 1401 1090 δ’
1437 1050 1591 1102 ὕβρεως

262 1115 468 1169 γράφομαι
497 1116 594 1169 πρὸς
622 1116 712 1158 τοὺς
742 1116 984 1168 θεσμοθέτας
1016 1116 1147 1158 αὐτόν.
1207 1117 1353 1170 χρόνου
1386 1118 1430 1159 δὲ
1454 1133 1588 1170 γιγνο-

260 1183 392 1235 μένου,
429 1184 490 1224 καὶ
520 1186 589 1234 τῆς
619 1187 692 1236 μὲν
716 1187 873 1236 γραφῆς
907 1183 1202 1237 ἐκκρουομένης,
1230 1186 1348 1224 δικῶν
1374 1183 1407 1223 δ’
1432 1183 1502 1224 οὐκ
1528 1183 1590 1223 οὗ·

263 1255 357 1297 σῶν,
385 1252 588 1304 γίγνονται
612 1255 747 1293 παῖδες
767 1253 809 1292 ἐκ
834 1251 972 1292 τούτου
995 1252 1043 1308 τῇ
1067 1252 1197 1304 μητρί.
1260 1251 1322 1291 καὶ
1346 1252 1445 1302 μετὰ
1469 1254 1591 1290 ταῦτα

259 1316 474 1370 (εἰρήσεται
497 1320 574 1371 γὰρ
598 1318 736 1359 ἅπασα
761 1318 857 1370 πρὸς
881 1320 977 1369 ὑμᾶς
1007 1319 1030 1370 ἡ
1056 1318 1222 1370 ἀλήθει’,
1249 1315 1279 1358 ὦ
1313 1318 1450 1370 ἄνδρες
1482 1321 1588 1358 δικα-

264 1385 371 1437 σταί)
393 1386 538 1426 πολλοὶ
563 1389 633 1437 μὲν
659 1386 721 1426 καὶ
752 1385 1030 1438 φιλάνθρωποι
1057 1386 1175 1438 λόγοι
1206 1386 1311 1438 παρὰ
1344 1387 1413 1435 τῆς
1445 1384 1591 1437 μητρὸς

263 1453 467 1505 ἐγίγνοντο
501 1454 563 1493 καὶ
594 1452 751 1503 δεήσεις
783 1454 882 1505 ὑπὲρ
907 1453 1136 1506 Φορμίωνος
1169 1453 1336 1500 τουτουί,
1371 1452 1518 1492 πολλοὶ
1549 1453 1591 1493 δὲ

222 1536 238 1573 5
262 1521 323 1560 καὶ
347 1520 497 1572 μέτριοι
522 1521 584 1561 καὶ
607 1520 783 1561 ταπεινοὶ
808 1519 899 1572 παρ’
919 1519 1036 1560 αὐτοῦ
1058 1520 1210 1560 τούτου.
1247 1521 1312 1560 ἵνα
1336 1519 1382 1571 δ’,
1404 1517 1433 1559 ὦ
1454 1518 1590 1571 ἄνδρες

259 1580 478 1638 Ἀθηναῖοι,
507 1587 686 1638 συντέμω
712 1591 845 1634 ταῦτα,
874 1586 1006 1638 ἐπειδὴ
1039 1590 1166 1628 ποιεῖν
1190 1586 1223 1626 τ’
1250 1587 1363 1627 οὐδὲν
1388 1585 1481 1642 ᾤετο
1509 1589 1590 1626 δεῖν

259 1655 313 1695 ῶν
337 1654 420 1694 τόθ’
445 1654 718 1707 ὡμολόγησεν,
742 1655 804 1695 καὶ
823 1656 871 1694 τὰ
890 1653 1059 1708 χρήματ’
1077 1655 1313 1707 ἀποστερεῖν
1333 1653 1590 1708 ἐνεχείρησεν

260 1721 284 1762 ἃ
308 1724 378 1772 τῆς
400 1721 591 1773 τραπέζης
617 1721 725 1775 εἶχεν
750 1720 945 1774 ἀφορμήν,
969 1722 1078 1772 δίκην
1101 1721 1360 1774 ἠναγκάσθην
1383 1721 1486 1776 αὐτῷ
1514 1724 1586 1760 λα-

108 1789 241 1846 [1103]
260 1792 359 1841 χεῖν,
394 1788 524 1839 ἐπειδὴ
558 1787 718 1842 τάχιστ’
749 1787 912 1839 ἐξουσία
942 1788 1114 1841 ἐγένετο.
1174 1788 1290 1841 γνοὺς
1319 1788 1351 1828 δ’
1385 1787 1497 1830 οὗτος
1529 1787 1590 1827 ὅτι

260 1854 372 1896 πάντ’
410 1854 748 1909 ἐξελεγχθήσεται
784 1856 846 1896 καὶ
883 1854 1070 1898 κάκιστος
1111 1856 1329 1908 ἀνθρώπων
1363 1854 1453 1908 περὶ
1488 1854 1589 1905 ἡμᾶς

261 1923 435 1975 γεγονὼς
461 1921 795 1976 ἐπιδειχθήσεται,
815 1926 1040 1976 μηχανᾶται
1066 1922 1129 1963 καὶ
1150 1921 1431 1972 κατασκευάζει
1454 1925 1586 1967 ταῦτα,

262 1989 327 2042 ἐφ’
348 1990 406 2031 οἶς
431 1988 635 2042 Στέφανος
660 1989 798 2030 οὑτοσὶ
821 1991 869 2030 τὰ
893 1992 1022 2043 ψευδῆ
1042 2007 1116 2041 μου
1143 1990 1475 2042 κατεμαρτύρησε.
1526 1988 1588 2028 καὶ

261 2059 416 2108 πρῶτον
433 2059 504 2107 μὲν
525 2056 811 2110 παρεγράψατο
830 2056 900 2107 τὴν
921 2058 1031 2108 δίκην
1047 2054 1109 2109 [ἣν
1129 2057 1297 2110 ἔφευγεν
1317 2052 1518 2109 Φορμίων]
1536 2055 1588 2107 μὴ

262 2123 530 2176 εἰσαγώγιμον
562 2123 674 2164 εῖναι·
717 2123 851 2165 ἔπειτα
882 2123 1091 2177 μάρτυρας,
1124 2124 1175 2166 ὡς
1209 2122 1331 2176 ἀφῆκ’
1362 2123 1482 2164 αὐτὸν
1510 2125 1590 2163 τῶν

1611 526 1629 557 5

1615 864 1652 886 10

1613 1199 1649 1231 15

1612 1537 1652 1560 20

1611 1870 1650 1901 25

262 2190 533 2243 ἐγκλημάτων,
583 2190 809 2245 παρέσχετο
862 2194 1035 2244 ψευδεῖς,
1087 2192 1148 2232 καὶ
1199 2191 1436 2242 μισθώσεώς
1483 2205 1589 2231 τινος
1609 2206 1652 2238 30

304 2310 324 2339 3
349 2301 468 2333 ἐκείνου
486 2300 511 2331 F
525 2313 575 2342 γρ.
590 2300 620 2340 Q
638 2314 701 2342 γρ.,
722 2301 762 2333 cs.
783 2303 799 2339 ξ
818 2311 860 2339 40
875 2311 882 2331 ε
905 2301 1021 2333 τούτου
1039 2300 1099 2332 SF
1115 2300 1144 2340 Q
1158 2300 1187 2330 D
1374 2300 1395 2330 8
1417 2299 1535 2341 τρόπον
1553 2297 1589 2331 δὲ

261 2375 285 2408 S
302 2387 309 2408 z
334 2375 367 2408 δὲ
385 2375 503 2417 τρόπον
521 2375 589 2415 FQ
605 2376 634 2406 D
651 2376 738 2408 sicut
755 2376 812 2407 xix
832 2386 902 2416 139,
920 2376 998 2407 xlvii
1019 2377 1066 2415 18,
1082 2375 1138 2407 lvii
1156 2386 1209 2416 35,
1229 2385 1272 2414 40
1404 2384 1443 2405 12
1467 2351 1546 2406 argu
1563 2371 1587 2404 S

261 2422 296 2460 (τ
318 2431 337 2452 a
359 2431 399 2451 m.
417 2421 504 2460 aut.)
684 2431 721 2459 14
748 2424 774 2453 δ’
795 2421 1024 2462 ἐγγιγνομένου
1044 2421 1181 2455 Reiske.
1201 2421 1262 2451 sed
1282 2419 1322 2451 cs.
1339 2421 1398 2449 xix
1418 2420 1486 2458 163,
1509 2418 1587 2458 Lyc.

262 2466 278 2501 ξ
296 2474 334 2494 21
455 2465 492 2494 18
515 2463 612 2505 παρὰ]
630 2466 697 2505 περὶ
717 2464 740 2495 S
855 2475 894 2504 27
920 2466 1028 2497 οὑτοσὶ
1044 2470 1101 2498 Στ.
1119 2464 1218 2495 Blass
1330 2465 1370 2494 28
1395 2463 1433 2501 ἣν
1449 2485 1457 2493 .
1473 2485 1480 2493 .
1495 2486 1501 2493 .
1515 2468 1588 2504 Φορ-

257 2507 337 2549 μίων
353 2507 417 2538 del.
438 2507 620 2540 Huettner.
648 2509 787 2549 Φορμίων
803 2508 990 2539 secluserat
1010 2508 1108 2539 Blass
