1763 2778
142 122 206 177 Lx]
629 129 978 167 ΕΠΙΤΑΦΙΟΣ
1489 124 1636 180 [1399]

143 225 372 278 οἰκουμένης
397 225 441 267 τὸ
467 231 664 268 πλεῖστον
692 227 822 280 μέρος,
850 231 931 269 πῶς
961 227 1006 268 οὐ
1037 226 1114 280 χρὴ
1142 227 1303 271 τούτους
1337 228 1464 269 εὐδαί-

141 310 266 345 μονας
298 294 555 344 νομίζεσθαι;
607 294 673 336 οὓς
709 294 925 346 παρέδρους
960 295 1119 336 εἰκότως
1156 294 1203 334 ἄν
1239 312 1298 337 τις
1332 294 1465 348 φήσαι
1488 316 1531 350 34

142 364 224 402 τοῖς
249 359 351 400 κάτω
378 362 482 403 θεοῖς
508 362 618 408 εἶναι,
645 361 717 412 τὴν
749 361 870 411 αὐτὴν
901 360 1020 412 τάξιν,
1047 361 1215 414 ἔχοντας
1246 366 1330 404 τοῖς
1366 379 1462 414 προ-

141 426 269 479 τέροις
291 428 456 480 ἀγαθοῖς
479 428 669 480 ἀνδράσιν
695 429 737 469 ἐν
761 427 945 480 μακάρων
976 426 1128 479 νήσοις.
1200 428 1244 469 οὐ
1270 430 1345 481 γὰρ
1372 430 1464 469 ἰδών
1485 431 1632 486 [1400]

105 506 121 537 5
142 510 201 536 τις
224 493 313 535 οὐδὲ
337 494 428 546 περὶ
451 495 612 535 ἐκείνων
636 494 742 535 ταῦτ’
769 494 1036 548 ἀπήγγελκεν,
1060 494 1151 536 ἀλλ’
1173 495 1238 537 οὓς
1264 497 1300 536 οἱ
1327 496 1465 546 ζῶντες

143 559 272 611 ἀξίους
319 560 598 614 ὑπειλήφαμεν
645 566 724 602 τῶν
765 562 845 602 ἄνω
893 566 1028 613 τιμῶν,
1074 562 1232 604 τούτους
1274 569 1322 620 τῇ
1370 563 1465 620 δόξῃ

143 629 523 680 καταμαντευόμενοι
553 630 664 670 κάκεῖ
692 633 770 669 τῶν
804 629 932 670 αὐτῶν
964 633 1085 680 τιμῶν
1114 629 1302 682 ἡγούμεθ’
1327 630 1467 672 αὐτοὺς

141 694 366 748 τυγχάνειν.
439 696 526 736 ἔστι
563 698 635 747 μὲν
677 696 747 737 οὖν
790 698 888 738 ἴσως
930 696 1110 750 χαλεπὸν
1151 698 1222 739 τὰς
1263 698 1467 749 παρούσας
1489 709 1530 745 35

143 761 350 814 συμφορὰς
375 762 483 818 λόγῳ
517 764 720 815 κουφίσαι·
759 766 819 803 δεῖ
842 763 874 803 δ’
901 764 1005 814 ὅμως
1037 766 1250 815 πειρᾶσθαι
1282 765 1343 805 καὶ
1371 764 1467 816 πρὸς

84 845 122 868 10
141 830 189 869 τὰ
229 833 527 881 παρηγοροῦντα
561 829 719 882 τρέπειν
755 830 826 880 τὴν
862 829 1012 883 ψυχήν,
1053 831 1105 873 ὡς
1142 831 1231 873 τοὺς
1269 831 1467 874 τοιούτους

142 895 284 948 ἄνδρας
321 897 611 948 γεγεννηκότας
652 897 714 937 καὶ
753 898 979 950 πεφυκότας
1018 897 1158 939 αὐτοὺς
1199 899 1242 939 ἐκ
1280 899 1467 939 τοιούτων

142 962 285 1015 ἑτέρων
311 963 434 1004 καλόν
469 965 579 1004 ἐστιν
607 965 655 1004 τὰ
687 963 781 1005 δείν’
816 964 1188 1018 εὐσχημονέστερον
1221 969 1299 1006 τῶν
1330 965 1468 1007 ἄλλων

142 1029 335 1082 φέροντας
362 1031 531 1082 ὁρᾶσθαι
556 1031 619 1071 καὶ
646 1030 756 1088 πάσῃ
781 1031 881 1088 τύχῃ
907 1031 1134 1085 χρωμένους
1165 1033 1322 1083 ὁμοίους
1355 1033 1467 1074 εἶναι.

143 1097 205 1137 καὶ
230 1098 305 1150 γὰρ
327 1099 491 1140 ἐκείνοις
521 1098 626 1139 ταῦτ’
651 1098 700 1139 ἂν
732 1100 792 1149 εἵη
823 1098 989 1150 μάλιστ’
1015 1100 1057 1140 ἐν
1091 1099 1227 1154 κόσμῳ
1261 1099 1324 1140 καὶ
1359 1101 1466 1156 τιμῇ,
1489 1102 1533 1144 36

82 1180 120 1212 15
141 1165 206 1204 καὶ
246 1163 358 1223 πάσῃ
394 1166 441 1222 τῇ
483 1166 600 1207 πόλει
651 1165 714 1206 καὶ
761 1170 841 1207 τοῖς
892 1167 1012 1217 ζῶσιν
1059 1166 1166 1207 ταῦτ’
1214 1166 1263 1207 ἂν
1311 1166 1467 1219 ἐνέγκοι

140 1231 339 1283 πλείστην
386 1231 578 1283 εὐδοξίαν.
664 1233 844 1287 χαλεπὸν
893 1233 1010 1287 πατρὶ
1053 1233 1116 1274 καὶ
1157 1234 1273 1286 μητρὶ
1317 1236 1467 1274 παίδων

141 1301 380 1351 στερηθῆναι
405 1300 467 1340 καὶ
493 1299 651 1352 ἐρήμοις
677 1300 776 1341 εἶναι
801 1304 878 1342 τῶν
908 1300 1160 1342 οἰκειοτάτων
1193 1302 1466 1354 γηροτρόφων·

142 1370 289 1417 σεμνὸν
325 1366 369 1408 δέ
402 1366 440 1420 γ’
479 1367 633 1420 ἀγήρως
671 1369 785 1419 τιμὰς
825 1369 887 1409 καὶ
927 1366 1083 1419 μνήμην
1122 1369 1263 1420 ἀρετῆς
1297 1370 1466 1422 δημοσία

142 1433 412 1485 κτησαμένους
448 1436 610 1481 ἐπιδεῖν,
639 1435 701 1475 καὶ
738 1437 886 1475 θυσιῶν
924 1436 986 1475 καὶ
1025 1435 1190 1488 ἀγώνων
1227 1435 1466 1486 ἠξιωμένους

83 1517 122 1540 20
141 1500 362 1542 ἀθανάτων.
431 1501 607 1553 λυπηρὸν
633 1503 773 1542 παισὶν
806 1503 998 1555 ὀρφανοῖς
1030 1504 1273 1555 γεγενῆσθαι
1304 1503 1464 1555 πατρός·
1486 1516 1531 1553 37

141 1567 265 1608 καλὸν
289 1567 332 1610 δέ
355 1585 402 1621 γε
433 1573 691 1621 κληρονομεῖν
721 1567 905 1624 πατρῴας
939 1568 1128 1620 εὐδοξίας.
1201 1569 1263 1609 καὶ
1297 1573 1365 1609 τοῦ
1393 1572 1466 1620 μὲν

139 1639 317 1687 λυπηροῦ
364 1636 502 1676 τούτου
550 1636 618 1677 τὸν
666 1636 817 1687 δαίμον’
859 1638 984 1677 αἴτιον
1032 1635 1252 1689 εὑρήσομεν
1292 1638 1398 1682 ὄντα,
1439 1635 1468 1692 ᾧ

142 1701 294 1754 φύντας
312 1702 543 1754 ἀνθρώπους
568 1705 688 1744 εἴκειν
719 1703 884 1756 ἀνάγκη,
911 1707 980 1743 τοῦ
1010 1706 1050 1744 δὲ
1086 1705 1216 1755 τιμίου
1246 1704 1310 1745 καὶ
1343 1707 1467 1744 καλοῦ

140 1768 212 1819 τὴν
230 1773 308 1810 τῶν
334 1769 614 1821 ἐθελησάντων
640 1775 770 1813 καλῶς
795 1768 1060 1827 ἀποθνῄσκειν
1086 1772 1250 1822 αἵρεσιν.

82 1854 119 1886 25
207 1835 316 1888 Ἐγὼ
339 1838 412 1888 μὲν
437 1837 504 1878 οὖν
529 1838 603 1891 οὐχ
633 1839 737 1879 ὅπως
772 1840 906 1878 πολλὰ
941 1837 1059 1887 λέξω,
1086 1837 1189 1878 τοῦτ’
1214 1837 1463 1890 ἐσκεψάμην,

140 1902 232 1943 ἀλλ’
258 1904 364 1946 ὅπως
387 1905 553 1956 τάληθῆ.
624 1906 733 1956 ὑμεῖς
770 1905 802 1945 δ’
829 1904 1118 1957 ἀποδυράμενοι
1157 1906 1218 1946 καὶ
1253 1907 1302 1946 τὰ
1340 1922 1462 1957 προσ-

139 1968 273 2021 ήκονθ’
299 1971 351 2013 ὡς
374 1971 450 2025 χρὴ
478 1972 543 2012 καὶ
565 1972 712 2023 νόμιμα
736 1970 974 2022 ποιήσαντες
1003 1971 1130 2012 ἄπιτε.

184 2089 204 2109 2
228 2078 406 2119 νομίζεσθαι
423 2081 450 2111 F
460 2093 511 2122 γρ.
525 2079 555 2119 Q
567 2094 616 2121 γρ.
630 2080 661 2110 Y
673 2094 723 2121 γρ.
741 2091 748 2111 :
765 2091 828 2111 om.
849 2079 873 2111 S
884 2080 909 2110 F
922 2079 952 2118 Q
964 2079 995 2110 Y
1009 2091 1024 2110 ι·
1039 2091 1045 2111 ;
1065 2081 1142 2112 εἶναι
1159 2079 1297 2119 νομίζειν
1309 2079 1466 2110 Gebauer

140 2131 160 2161 5
177 2123 341 2163 ἤγγελκεν
357 2122 402 2153 Y¹
419 2135 436 2156 r
509 2134 544 2154 11
563 2124 799 2165 γεγεννηκότας
816 2134 882 2162 mg.
902 2124 981 2154 edit.
1003 2124 1107 2154 Paris.
1125 2123 1289 2164 (Dobree)
1308 2135 1316 2154 t
1331 2123 1464 2164 γεγονό-

139 2178 198 2198 τας
215 2166 313 2197 codd.
400 2177 438 2197 12
462 2169 512 2199 καὶ
532 2168 645 2209 ἑτέρων
662 2167 687 2198 S
705 2170 769 2203 (καὶ
787 2178 861 2198 cum
879 2168 986 2207 signis
1003 2167 1153 2207 delendi)
1246 2168 1284 2197 16
1299 2166 1462 2208 χαλεπὸν]

141 2210 266 2251 οἰκτρὸν
281 2208 452 2243 Alexand.
469 2211 608 2251 (Waltz.
628 2211 684 2241 viii
701 2215 779 2251 457)
923 2211 962 2241 18
986 2212 1078 2251 τιμὰς
1094 2211 1219 2252 ἀγήρως
1237 2209 1357 2240 Pollux
1375 2210 1407 2240 ii.
1428 2218 1465 2248 14

139 2265 221 2293 μ-νην
238 2252 276 2284 S¹
380 2263 418 2292 19
442 2254 572 2295 θυσιῶν]
591 2257 706 2287 οὐσιῶν
723 2254 761 2285 S¹
866 2264 909 2285 20
933 2254 1109 2295 ἀθανάτων]
1128 2257 1168 2286 ὡς
1185 2254 1359 2286 ἀθανάτους
1375 2253 1462 2284 coni.

141 2295 252 2335 Blass‚
268 2301 362 2328 recte
378 2297 468 2337 fort„
487 2298 530 2329 cf.
549 2298 630 2338 Lys.
650 2298 671 2328 ii
687 2299 730 2329 80
818 2300 915 2330 πᾶσιν
928 2298 954 2328 F

184 2349 222 2381 In
240 2350 266 2383 S
281 2351 505 2393 subscriptum

724 2401 917 2442 ΠῙΤΑΦῙΟΣ

762 2447 787 2473 H

684 2402 747 2473 1T¹E1Ti
801 2438 941 2473 sniis
