1763 2778
160 129 274 184 vau]
346 133 505 171 ΚΑΤΑ
555 134 759 171 ΕΎΕΡΓ.
809 134 911 171 ΚΑΙ
962 136 1222 174 ΜΝΗΣΙΒ.
1271 137 1450 175 ΨΕΎΔ.
1506 133 1638 189 [1162]

161 232 322 286 γένηται
347 232 409 274 καὶ
433 232 485 285 μὴ
507 232 736 286 καταφανὴς
756 231 1041 284 ἐπιβουλεύων,
1059 233 1277 287 ἡγούμενος
1295 235 1364 276 οὐκ
1386 235 1485 276 εἶναι

161 302 262 356 αὐτῷ
289 299 336 341 δι’
361 300 487 342 ἄλλου
511 301 658 354 τρόπου
679 300 769 342 τοὺς
793 299 989 354 μάρτυρας
1014 302 1212 354 ἀφεθῆναι
1235 307 1313 343 τῶν
1338 307 1482 356 ψευδο-

159 369 379 421 μαρτυρίων
404 365 427 419 ἢ
452 369 517 408 διὰ
540 372 608 408 τοῦ
639 365 885 419 ἐξαπατῆσαι
912 368 976 410 καὶ
997 360 1145 421 λαβεῖν
1169 387 1218 421 με
1243 369 1484 423 ὑπερήμερον

159 435 222 476 καὶ
249 433 550 488 ἐκφορήσασθαι
577 435 627 477 ὡς
652 439 836 477 πλεῖστα·
874 435 920 477 οὐ
942 438 1017 489 γὰρ
1034 438 1112 478 ὅσα
1132 438 1276 492 ἔχουσί
1293 455 1369 490 μου
1390 437 1484 494 ᾤετο

121 513 139 545 5
159 501 378 556 λήψεσθαι,
406 503 513 543 ἀλλὰ
536 505 676 559 πολλῷ
701 504 838 544 πλείω.
909 504 971 545 καὶ
997 504 1064 544 τὸν
1089 506 1164 555 μὲν
1183 505 1313 547 ἄλλου
1338 507 1483 559 χρόνον
1506 521 1550 563 76

159 569 345 621 ἀνέμενεν
368 569 417 627 ᾡς
441 570 485 610 οὗ
509 571 572 611 διὰ
594 569 751 624 ταχέων
775 588 824 622 με
849 574 1060 623 ποριοῦντα
1085 571 1187 627 αὐτῷ
1212 572 1257 612 τὸ
1284 573 1480 625 ἀργύριον,

157 638 404 689 βουλόμενος
438 637 504 678 ὑπ’
535 637 678 681 αὐτοὺς
708 638 798 680 τοὺς
835 638 990 690 ἀγῶνας
1026 643 1103 679 τῶν
1136 642 1483 693 ψευδομαρτυρίων

158 704 229 756 τὴν
269 705 533 759 ἐνεχυρασίαν
569 722 646 757 μου
685 703 943 756 ποιήσασθαι·
1000 706 1134 757 ἐπειδὴ
1178 709 1221 747 δὲ
1265 706 1483 761 ἐπήγγειλα

158 771 259 828 αὐτῷ
291 773 533 823 κομίσασθαι
568 771 638 822 τὴν
676 774 802 823 δίκην,
827 773 957 813 ἐλθών
993 790 1067 825 μου
1103 773 1151 813 τά
1187 791 1229 815 τε
1261 775 1381 826 σκεύη
1420 776 1482 816 καὶ

100 856 139 879 10
157 839 247 882 τοὺς
278 839 432 883 οἰκέτας
467 839 529 880 καὶ
564 841 612 880 τὰ
642 840 826 892 πρόβατα
859 840 1009 891 ἔλαβεν
1039 842 1127 882 ἀντὶ
1152 845 1219 882 τοῦ
1245 843 1480 894 ἀπολαβεῖν.

157 911 318 960 γεωργῶ
356 909 397 948 δὲ
430 906 526 959 πρὸς
553 911 606 962 τῷ
638 908 880 962 ἱπποδρόμῳ,
907 908 1012 948 ὥστε
1038 908 1081 948 οὐ
1108 910 1239 960 πόρρω
1265 910 1342 950 ἔδει
1367 909 1482 951 αὐτὸν

158 975 303 1015 ἐλθεῖν.
366 975 428 1015 ὅτι
453 973 486 1015 δ’
509 974 637 1025 ἀληθῆ
661 974 782 1027 λέγω,
808 974 911 1027 μέγα
936 973 1144 1027 τεκμήριον
1169 976 1259 1028 ὑμῖν
1283 977 1400 1017 ἔστω·
1437 983 1482 1034 τῇ
1503 996 1547 1032 77

156 1040 346 1097 ὑστεραία
367 1043 444 1095 γὰρ
469 1041 682 1093 ἐκομίσατο
705 1041 751 1082 τὸ
776 1042 962 1095 ἀργύριον
988 1045 1056 1093 τῆς
1081 1044 1189 1093 δίκης
1208 1040 1231 1094 ἢ
1250 1045 1298 1084 τὰ
1320 1044 1483 1097 ἐνέχυρα

156 1109 321 1160 ἔλαβεν.
392 1109 517 1149 καίτοι
554 1113 636 1150 πῶς
676 1108 735 1155 ἄν,
775 1110 808 1150 εἰ
845 1108 897 1160 μὴ
938 1110 1235 1163 πεπορισμένον
1272 1110 1332 1161 ἦν,
1373 1111 1483 1154 εὐθὺς

99 1194 135 1226 15
157 1175 339 1228 ἀπέλαβε
357 1175 401 1217 τὸ
419 1176 604 1229 ἀργύριον
620 1177 754 1230 χιλίας
770 1178 996 1230 τριακοσίας
1018 1177 1111 1218 δέκα
1129 1182 1234 1230 τρεῖς
1252 1178 1308 1219 δύ’
1325 1179 1481 1230 ὀβολώ,·

158 1244 220 1284 καὶ
245 1244 293 1284 τὰ
318 1242 484 1298 ἐνέχυρά
510 1261 580 1295 μοι
610 1243 679 1284 οὐκ
715 1245 912 1292 ἀπεδίδου,
941 1244 1034 1285 ἀλλ’
1060 1245 1117 1286 ἔτι
1143 1246 1205 1286 καὶ
1229 1249 1298 1287 νῦν
1324 1246 1408 1300 ἔχει
1434 1246 1483 1288 ὡς

155 1310 399 1363 ὑπερημέρου
421 1313 548 1354 ὄντος.
591 1312 650 1352 ὅτι
669 1310 702 1352 δ’
721 1311 789 1352 οὐκ
816 1311 863 1362 ἦν
882 1311 985 1367 αὐτῷ
1012 1311 1265 1365 ὑπερήμερος,
1284 1312 1487 1366 ἀνάγνωθί

155 1395 223 1430 μοι
241 1377 310 1419 τὸν
326 1379 447 1429 νόμον
463 1379 528 1419 καὶ
542 1378 613 1429 τὴν
628 1380 855 1431 μαρτυρίαν,
872 1377 914 1421 ὃς
936 1380 1086 1420 κελεύει
1105 1380 1214 1433 κύρια
1231 1380 1332 1421 εῖναι
1347 1382 1369 1421 ὅ
1383 1398 1419 1421 τι
1436 1380 1483 1421 ἂν

155 1446 285 1498 ἕτερος
311 1445 428 1501 ἑτέρῳ
448 1445 694 1503 ὁμολογήσῃ,
716 1447 820 1488 ὥστε
845 1446 973 1487 οὐκέτι
998 1446 1045 1498 ἦν
1065 1447 1167 1503 αὐτῷ
1192 1447 1316 1499 δήπου
1340 1447 1479 1501 ὑπερή-

95 1532 134 1555 20
153 1530 283 1565 μερος.

609 1588 764 1618 ΝΟΜΟΣ.
816 1590 1026 1618 ΜΑΡΤΎΡῘΑ.

220 1667 294 1711 ε,Ως
339 1671 413 1719 μὲν
453 1669 585 1710 τοίνυν
633 1670 869 1722 ὡμολόγησε
918 1670 981 1710 καὶ
1028 1669 1255 1722 ἀνεβάλετό
1300 1688 1367 1722 μοι
1413 1671 1484 1721 τὴν
1505 1685 1546 1727 78

154 1736 429 1788 ὑπερημερίαν,
471 1738 763 1789 μεμαρτύρηται
805 1739 909 1788 ὑμῖν·
966 1738 1016 1780 ὡς
1053 1741 1094 1780 δὲ
1129 1738 1424 1792 ἐτριηράρχουν,
1463 1739 1483 1778 ὁ

155 1802 466 1857 συντριήραρχός
497 1821 564 1855 μοι
595 1804 901 1857 μεμαρτύρηκεν,
931 1806 993 1846 καὶ
1023 1805 1073 1847 ὡς
1103 1805 1126 1856 ἡ
1151 1809 1244 1847 ναῦς
1270 1805 1484 1858 στρατηγὶς
1507 1810 1639 1865 [1163]

93 1889 133 1922 25
155 1870 449 1921 κατεσκευάσθη
476 1870 720 1926 Ἀλκιμάχῳ.
783 1871 880 1912 ὥστ’
899 1872 967 1912 οὐκ
993 1871 1039 1922 ἦν
1065 1872 1166 1927 αὐτῷ
1193 1872 1317 1923 δήπου
1339 1872 1481 1925 ὑπερή-

153 1955 271 1990 μερος
303 1938 591 1993 ἀναβαλομένῳ
608 1956 686 1990 μοι,
715 1939 772 1980 ἔτι
797 1942 838 1980 δὲ
864 1941 927 1980 καὶ
951 1941 1126 1980 ἐκτίνων.
1198 1941 1303 1980 ἀλλὰ
1328 1939 1433 1990 δεινὴ
1461 1940 1482 1991 ἡ

154 2003 366 2056 πλεονεξία
396 2009 466 2046 τοῦ
497 2006 655 2059 τρόπου,
683 2005 713 2047 ὦ
745 2006 883 2059 ἄνδρες
920 2009 1115 2054 δικασταί,
1155 2008 1242 2060 περὶ
1278 2007 1322 2047 τὸ
1359 2006 1483 2048 πλέον

156 2072 218 2113 καὶ
242 2071 286 2113 τὸ
311 2071 491 2114 ἔλαττον.
563 2075 625 2115 καὶ
658 2074 699 2115 εῧ
731 2074 880 2131 ᾔδεσαν
910 2076 982 2122 ὅτι,
1013 2076 1046 2116 εἰ
1073 2077 1145 2126 μὲν
1171 2074 1242 2125 τὴν
1275 2074 1483 2127 ἄνθρωπον

197 2182 217 2212 8
238 2182 420 2223 ἐπήγγειλα
434 2182 459 2213 F
471 2196 519 2224 γρ.
534 2182 564 2222 Q
575 2197 625 2225 γρ.
642 2184 685 2224 D,
698 2184 739 2215 cf.
759 2187 794 2223 ἓξ
809 2186 861 2224 66,
878 2186 916 2216 81
938 2196 944 2215 τ
970 2186 1117 2223 ἐπείσθην
1132 2184 1156 2215 S
1171 2185 1194 2215 F
1206 2184 1235 2223 Q
1326 2195 1364 2215 12
1383 2184 1481 2223 Z'oerw]

155 2228 213 2266 ἐρῶ
232 2225 360 2265 Seager·
375 2227 452 2258 coll.
471 2227 543 2257 xlix
560 2237 614 2267 45,
634 2230 675 2266 48
799 2239 835 2267 14
862 2228 1093 2271 πεπορισμένον
1110 2228 1228 2259 Wolf:
1252 2228 1483 2269 πεπορισμένος

154 2269 251 2300 codd.
358 2280 395 2309 15
420 2271 529 2312 χιλίας
547 2294 554 2302 .
573 2295 581 2303 .
603 2296 610 2304 .
630 2273 738 2309 ὀβολώ
754 2272 819 2303 del.
840 2273 1057 2303 Herwerden
1178 2274 1214 2303 18
1238 2274 1298 2310 τὴν
1314 2273 1484 2312 μαρτυρίαν

155 2313 205 2344 καὶ
222 2314 277 2345 τὸν
293 2312 389 2354 νόμον
408 2314 553 2353 Dobree,
572 2317 632 2346 sed
649 2316 689 2346 cf.
708 2316 828 2347 lemma
846 2321 880 2347 et
898 2316 1057 2347 Aeschin.
1076 2316 1097 2345 ii
1119 2317 1176 2354 184
1283 2317 1299 2347 ὅ
1315 2329 1345 2347 τι
1363 2315 1459 2345 codd.
1477 2326 1482 2344 :

156 2356 218 2388 ὅσα
234 2355 343 2396 Blass,
360 2357 421 2388 sed
439 2358 479 2389 cf.
497 2359 589 2389 xlviii
607 2361 649 2398 56
803 2370 844 2389 22
868 2373 920 2399 μοι
943 2360 995 2390 hic
1015 2360 1039 2390 S
1055 2371 1061 2390 z
1090 2365 1167 2399 post
1185 2359 1375 2399 ὡμολόγησε
1393 2358 1482 2396 vulg.

157 2410 198 2437 24
216 2402 392 2442 στρατηγὶς
410 2401 596 2433 Schaefer:
622 2403 641 2441 ἡ
658 2416 727 2444 στρ.
749 2404 846 2434 codd.
985 2412 1025 2442 25
1051 2405 1106 2434 οὐκ
1124 2402 1148 2433 S
1166 2413 1172 2432 :
1197 2402 1300 2434 οὐκέτι
1320 2402 1421 2441 vulg.,
1442 2402 1481 2431 cs.

159 2445 175 2481 ξ
193 2452 232 2482 77
321 2445 364 2475 26
387 2445 639 2487 ἀναβαλλομένῳ
659 2446 724 2484 FQ
740 2446 769 2476 D
865 2457 905 2485 27
931 2447 1032 2478 πλέον
1051 2446 1218 2477 Dindorf:
1243 2448 1353 2477 πλεῖον
1370 2445 1467 2475 codd.
