1763 2778
124 491 142 524 5

105 828 142 849 10

105 1165 141 1195 15

104 1533 143 1554 20

163 107 239 163 ux]
588 112 750 150 ΚΑΤΑ
798 113 1069 150 ΝΕΑΙΡΑΣ
1515 106 1653 160 [1362]

165 209 485 263 συνειλεγμένον,
520 211 589 250 οὐκ
618 211 813 261 ἠπίστατο
850 214 933 253 τοῖς
964 214 1032 252 τοῦ
1066 210 1297 262 Φράστορος
1333 211 1493 262 τρόποις

163 276 361 330 ἀρέσκειν,
388 277 480 318 ἀλλ’
506 277 632 328 ἐζήτει
656 280 703 318 τὰ
728 280 796 328 τῆς
819 277 966 329 μητρὸς
989 278 1057 327 ἕθη
1094 278 1156 317 καὶ
1184 277 1256 327 την
1288 277 1377 330 παρ’
1403 277 1496 334 αὐτῇ

164 345 396 391 ἀκολασίαν,
423 346 467 385 ἐν
489 345 649 401 τοιαύτῃ
674 344 782 396 οἶμαι
815 343 979 398 ἐξουσίᾳ
1006 343 1262 396 τεθραμμένη.
1327 345 1427 395 ὁρῶν
1451 346 1491 384 δὲ
1515 353 1554 389 51

164 410 360 463 Φράστωρ
385 411 506 462 αὐτὴν
539 412 627 452 οὔτε
659 413 828 463 κοσμίαν
861 411 986 452 οὖσαν
1017 411 1096 451 οὔτ’
1128 411 1347 451 ἐθέλουσαν
1377 412 1494 451 αὑτοῦ

163 478 393 530 ἀκροᾶσθαι,
420 478 500 530 ἅμα
525 481 566 520 δὲ
587 479 648 519 καὶ
672 478 923 530 πεπυσμένος
940 482 1081 530 σαφῶς
1105 478 1176 528 ἤδη
1203 479 1262 518 ὅτι
1288 478 1494 530 Στεφάνου

161 548 233 596 μὲν
261 546 330 586 οὐκ
354 547 411 596 εἴη
438 545 621 598 θυγάτηρ,
650 547 823 598 Νεαίρας
849 545 902 592 δέ,
929 545 974 586 τὸ
998 548 1039 586 δὲ
1073 549 1227 597 πρῶτον
1253 544 1491 596 ἐξηπατήθη,

162 611 220 652 ὅτ’
236 611 410 665 ἠγγυᾶτο
427 612 478 655 ὡς
494 612 701 665 Στεφάνου
717 612 911 666 θυγατέρα
925 611 1147 663 λαμβάνων
1166 613 1227 652 καὶ
1244 613 1288 651 οὐ
1305 614 1491 664 Νεαίρας,

162 680 269 719 ἀλλὰ
301 679 423 734 τούτῳ
450 679 496 731 ἐξ
517 681 642 731 ἀστῆς
673 679 794 730 αὐτὴν
819 679 1003 732 γυναικὸς
1037 680 1161 720 οὖσαν
1185 680 1378 732 πρότερον
1402 679 1494 732 πρὶν

162 746 283 802 ταύτῃ
324 750 573 798 συνοικῆσαι,
615 747 817 799 ὀργισθεὶς
856 746 888 787 δ’
929 747 992 787 ἐπὶ
1034 747 1186 788 τούτοις
1225 746 1388 793 ἅπασιν,
1430 747 1493 787 καὶ

161 813 351 865 ὑβρίσθαι
375 813 592 866 ἡγούμενος
616 814 679 854 καὶ
714 813 999 864 ἐξηπατῆσθαι,
1027 814 1223 865 ἐκβάλλει
1247 813 1317 864 τὴν
1343 813 1492 866 ἄνθρω-

162 896 237 920 πον
263 879 314 922 ὡς
337 880 514 921 ἐνιαυτὸν
540 880 783 931 συνοικήσας
817 881 925 937 αὐτῇ,
956 884 1138 927 κυοῦσαν,
1168 881 1228 920 καὶ
1257 881 1328 931 τὴν
1352 885 1494 932 προῖκα

162 946 231 987 οὐκ
264 947 520 988 ἀποδίδωσιν.
589 948 788 1001 λαχόντος
821 950 863 988 δὲ
896 952 965 988 τοῦ
1002 948 1209 1000 Στεφάνου
1242 948 1344 1002 αὐτῷ
1383 949 1493 998 δίκην
1516 963 1558 998 52

163 1015 275 1054 σίτου
301 1015 355 1056 εἰς
371 1014 547 1055 Ὠιδεῖον
573 1017 670 1054 κατὰ
695 1018 763 1055 τὸν
789 1016 912 1066 νόμον
931 1014 971 1056 ὃς
999 1015 1163 1061 κελεύει,
1184 1017 1253 1055 ἐὰν
1277 1014 1492 1070 ἀποπέμπῃ

162 1081 234 1131 τὴν
265 1086 442 1134 γυναῖκα,
469 1082 700 1122 ἀποδιδόναι
733 1082 805 1132 τὴν
838 1085 993 1133 προῖκα,
1021 1083 1090 1122 ἐὰν
1123 1084 1165 1122 δὲ
1193 1081 1259 1133 μή,
1298 1080 1358 1121 ἐπ’
1392 1081 1492 1122 ἐννέ’

161 1149 328 1199 ὀβολοῖς
351 1153 598 1201 τοκοφορεῖν,
627 1149 689 1189 καὶ
715 1150 828 1189 σίτου
854 1150 908 1190 εἷς
934 1149 1110 1189 Ὠιδεῖον
1127 1148 1227 1189 εἶναι
1252 1146 1494 1189 δικάσασθαι

160 1216 256 1267 ὑπὲρ
280 1218 348 1267 τῆς
373 1215 555 1268 γυναικὸς
578 1220 631 1271 τῷ
652 1216 781 1271 κυρίῳ,
803 1214 1000 1268 γράφεται
1025 1216 1045 1255 ὁ
1063 1214 1262 1268 Φράστωρ
1287 1215 1494 1267 Στέφανον

162 1283 315 1323 τουτονὶ
339 1283 500 1335 γραφὴν
524 1283 620 1335 πρὸς
644 1283 734 1325 τοὺς
764 1283 1020 1334 θεσμοθέτας,
1048 1282 1245 1338 Ἀθηναίῳ
1271 1284 1354 1323 ὄντι
1380 1281 1494 1332 ξένης
1516 1283 1655 1338 [1363]

162 1349 355 1402 θυγατέρα
383 1349 485 1405 αὐτῷ
520 1351 714 1403 ἐγγυῆσαι
749 1350 799 1392 ὡς
832 1351 934 1405 αὐτῷ
966 1349 1263 1402 προσήκουσαν,
1297 1351 1393 1390 κατὰ
1425 1349 1493 1390 τὸν

162 1417 284 1468 νόμον
308 1418 475 1458 τουτονί.
549 1418 617 1458 καί
636 1434 704 1469 μοι
728 1415 931 1469 ἀνίγνωθι
957 1417 1087 1458 αὐτόν.

740 1531 897 1560 ΝΟΜΟΣ.

215 1586 305 1626 Ἐὰν
337 1588 378 1626 δέ
407 1605 461 1629 τις
494 1588 584 1640 ἐκδῷ
618 1587 725 1637 ξένην
762 1590 917 1639 γυναῖκα
951 1587 1053 1637 ἀνδρὶ
1083 1586 1265 1638 Ἀθηναίῳ
1300 1589 1347 1627 ὡς
1381 1589 1494 1638 ἑαυτῷ

162 1643 439 1692 προσήκουσαν,
456 1644 584 1692 ἄτιμος
604 1644 714 1688 ἔστω,
736 1643 795 1680 καὶ
814 1644 837 1692 ἡ
859 1643 968 1680 οὐσία
989 1644 1100 1679 αὐτοῦ
1122 1643 1284 1691 δημοσία
1305 1643 1410 1687 ἔστω,
1434 1643 1494 1678 καὶ

161 1699 227 1735 τοῦ
247 1697 395 1736 ἑλόντος
413 1696 455 1735 τὸ
474 1698 597 1746 τρίτον
615 1698 736 1747 μέρος.
797 1697 1025 1748 γραφέσθων
1044 1697 1083 1735 δὲ
1102 1696 1193 1746 πρὸς
1212 1697 1296 1736 τοὺς
1317 1697 1493 1746 θεσμοθέ-

161 1768 226 1792 τας
245 1750 299 1791 οῗς
317 1752 470 1797 ἔξεστιν,
493 1752 658 1801 καθάπερ
677 1754 742 1800 τῆς
762 1752 891 1797 ξενίας.

226 1836 308 1877 Τὸν
344 1839 417 1889 μὲν
452 1837 583 1878 τοίνυν
631 1837 752 1889 νόμον
791 1836 943 1890 ἀνέγνω
980 1839 1082 1888 ὑμῖν,
1129 1835 1211 1877 καθ’
1249 1835 1295 1877 ὃν
1337 1835 1492 1889 ἐγράφη
1517 1851 1557 1887 53

163 1903 368 1957 Στέφανος
392 1905 529 1945 οὑτοσὶ
547 1904 625 1945 ὑπὸ
647 1908 717 1945 τοῦ
742 1903 975 1957 Φράστορος
1000 1904 1096 1957 πρὸς
1121 1904 1211 1945 τοὺς
1236 1903 1490 1955 θεσμοθέτας.

163 1971 280 2023 γνοὺς
305 1971 338 2011 δ’
358 1972 419 2012 ὅτι
439 1972 681 2012 κινδυνεύσει
705 1971 958 2025 ἐξελεγχθεὶς
983 1970 1098 2022 ξένης
1123 1970 1319 2024 θυγατέρα
1343 1970 1489 2023 ἠγγυη-

166 2037 274 2078 κέναι
307 2038 371 2078 καὶ
406 2042 491 2080 ταῖς
526 2036 717 2092 ἐσχάταις
750 2039 899 2090 ζημίαις
936 2042 1179 2091 περιπεσεῖν,
1215 2035 1494 2078 διαλλάττεται

209 2156 223 2177 Ι
249 2146 404 2189 Φράτορος
421 2146 459 2178 Sl
610 2158 629 2178 2
655 2146 774 2188 ἐζήτει]
795 2146 910 2187 ἐζήλου
927 2146 1034 2186 Wolf,
1052 2147 1227 2181 Hartman,
1249 2147 1309 2177 sed
1323 2145 1426 2185 ἐζήτει
1442 2150 1494 2177 est

166 2190 397 2222 ‘desiderabat
409 2190 428 2230 '‚
443 2191 482 2221 cf.
496 2190 553 2221 xiv
569 2200 612 2229 30
718 2191 815 2233 αὐτῇ]
827 2191 964 2233 ταύτῃῩ
1072 2201 1091 2228 3
1116 2191 1150 2222 δὲ
1168 2191 1192 2221 S
1205 2190 1230 2220 F
1247 2190 1276 2228 Q
1293 2202 1300 2221 :
1325 2190 1350 2221 δ’
1369 2192 1383 2220 ὁ
1400 2190 1489 2228 vulg.

163 2235 185 2264 6
209 2234 249 2266 τὸ
273 2234 306 2266 δὲ
333 2234 515 2266 Schaefer:
539 2235 576 2266 τὸ
600 2234 659 2274 μὲν
681 2235 780 2265 codd.
941 2245 959 2273 7
984 2239 1062 2274 post
1088 2233 1245 2276 θυγατέρα
1269 2238 1347 2264 octo
1372 2234 1432 2264 litt.
1457 2234 1490 2262 in

165 2277 189 2308 S
206 2287 323 2308 erasae
433 2279 454 2307 8
478 2279 579 2316 αὐτὴν
595 2278 660 2309 del.
680 2278 852 2317 Schaefer,
873 2283 965 2308 recte
982 2283 1063 2317 puto
1177 2288 1214 2317 13
1239 2276 1389 2317 Ὠιδεῖον]
1408 2279 1493 2308 οδιον

165 2320 189 2351 S
207 2320 260 2351 hic
277 2325 312 2351 et
329 2321 415 2352 infra
528 2326 606 2361 post
622 2321 756 2353 Ὠιδεῖον
772 2322 846 2352 add.
861 2324 918 2359 τῆς
933 2323 1060 2362 προικὸς
1077 2321 1174 2353 codd.
1193 2332 1200 2351 :
1224 2321 1288 2351 del.
1307 2320 1492 2350 Salmasius

167 2374 204 2403 17
215 2364 367 2405 Ἀθηναίῳ
378 2364 445 2396 ὄντι
455 2374 520 2403 mg.
533 2365 611 2395 edit.
627 2365 750 2396 Paris.:
767 2367 933 2403 Ἀθηναῖον
944 2365 1020 2397 ὄντα
1032 2365 1130 2396 codd.
1188 2374 1226 2394 21
1241 2366 1320 2403 ἐκδῷ
1332 2363 1355 2393 S
1368 2363 1398 2393 Y
1413 2373 1429 2392 r
1440 2363 1469 2392 D
1485 2374 1491 2393 :

165 2408 277 2447 ἐκδιδῷ
296 2408 319 2437 F
334 2408 364 2445 Q
497 2418 537 2447 27
563 2408 798 2448 ἐγγεγυηκέναι
817 2409 914 2439 codd.
1052 2410 1093 2438 28
1118 2409 1167 2439 καὶ
1184 2407 1251 2438 del.
1271 2407 1397 2437 Reiske
