1763 2778
122 113 259 171 [1091]

112 668 256 723 [1092]

211 726 254 769 38

209 1247 253 1283 39

206 1588 254 1622 40

207 2056 251 2090 41

655 115 1180 174 [ΔΗΜΟΣΘΕΝΟΥΣ]
1377 134 1382 139 ·
1497 119 1599 176 [xuv

275 221 434 273 ὀλίγους
459 221 523 261 καὶ
547 220 616 262 τὸν
640 219 844 275 δήμαρχον
869 222 1008 268 πείθει,
1035 223 1194 263 ἐπειδὰν
1219 223 1389 281 ἀνοιχθῇ
1413 223 1459 264 τὸ
1483 240 1601 276 γραμ-

274 291 448 338 ματεῖον,
488 287 687 341 ἐγγράψαι
723 289 854 329 αὑτόν.
926 290 989 330 καὶ
1021 288 1118 340 μετὰ
1154 293 1274 330 ταῦτα
1310 289 1380 341 ἧκε
1415 293 1601 342 Παναθη-

275 356 395 395 ναίων
431 357 555 395 ὄντων
586 359 664 396 τῶν
695 355 882 407 μεγάλων
914 361 962 413 τῇ
994 357 1172 398 διαδόσει
1194 361 1291 409 πρὸς
1323 356 1366 397 τὸ
1400 359 1599 410 θεωρικόν,

275 422 337 462 καὶ
374 422 506 472 ἐπειδὴ
545 424 582 463 οἱ
616 422 736 463 ἄλλοι
772 424 936 474 δημόται
973 423 1216 475 ἐλάμβανον,
1254 423 1363 475 ἠξίου
1401 425 1463 466 καὶ
1499 426 1602 480 αὐτῷ

274 489 454 530 δίδοσθαι
492 490 553 530 καὶ
590 491 840 543 ἐγγραφῆναι
875 492 931 533 εἷς
967 490 1011 531 τὸ
1047 494 1314 543 γραμματεῖον
1351 491 1414 532 ἐπὶ
1454 491 1499 532 τὸ
1534 496 1602 532 τοῦ

274 555 488 610 Ἀρχιάδου
535 559 670 608 ὄνομα.
742 557 1108 610 διαμαρτυρομένων
1155 561 1197 600 δὲ
1244 559 1366 610 ἡμῶν,
1416 559 1478 600 καὶ
1524 563 1603 600 τῶν

276 623 413 665 ἄλλων
438 627 567 673 δεινὸν
593 624 831 677 φασκόντων
857 624 956 666 εἶναι
981 625 1025 665 τὸ
1048 626 1298 678 γιγνόμενον,
1319 627 1498 677 ἀπῆλθεν
1523 626 1602 668 οὔτ’

276 692 491 744 ἐγγραφεὶς
537 692 627 733 οὔτε
668 691 711 732 τὸ
757 692 944 745 θεωρικὸν
989 693 1144 743 λαβών.
1214 693 1282 734 τὸν
1328 696 1373 736 δὲ
1411 695 1518 747 παρὰ
1557 693 1604 735 τὸ

275 757 472 811 ψήφισμα
496 758 540 799 τὸ
565 758 750 811 ὑμέτερον
777 759 960 811 ἀξιοῦντα
983 763 1026 800 τὸ
1053 760 1238 812 θεωρικὸν
1262 760 1487 812 λαμβάνειν
1511 761 1604 814 πρὶν

275 827 525 878 ἐγγραφῆναι
549 827 606 869 εἰς
628 827 719 869 τοὺς
744 826 970 878 Ὀτρυνέας,
997 829 1091 868 ὄντα
1114 827 1162 879 ἐξ
1182 827 1318 880 ἑτέρου
1344 827 1481 879 δήμου,
1513 832 1601 869 τοῦ-

275 910 342 934 τον
368 893 436 934 οὐκ
457 895 591 935 οἴεσθε
616 897 683 934 τοῦ
709 893 855 946 κλήρου
879 896 984 947 παρὰ
1008 895 1097 937 τοὺς
1131 895 1273 946 νόμους
1306 896 1601 948 ἀμφισβητεῖν,·

274 957 297 1011 ἢ
339 960 408 1002 τὸν
446 960 522 1013 πρὸ
557 963 627 1012 τῆς
661 964 732 1002 τοῦ
769 963 1025 1014 δικαστηρίου
1054 963 1242 1016 γνώσεως
1283 963 1405 1006 οὕτως
1447 964 1602 1007 ἀδίκους

273 1027 507 1079 πλεονεξίας
547 1029 827 1080 διοικούμενον,
870 1033 1010 1071 τοῦτον
1047 1033 1130 1072 πῶς
1169 1029 1273 1073 εἰκὸς
1306 1034 1360 1086 τῷ
1401 1030 1604 1083 πράγματι

273 1096 495 1143 πιστεύειν,·
535 1097 554 1135 ὁ
591 1098 666 1149 γὰρ
703 1096 748 1136 τὸ
776 1096 962 1148 θεωρικὸν
992 1098 1133 1139 ἀδίκως
1169 1096 1343 1148 ἀξιώσας
1378 1097 1603 1149 λαμβάνειν

274 1162 337 1203 καὶ
369 1163 457 1216 περὶ
485 1167 554 1204 τοῦ
587 1162 730 1216 κλήρου
760 1169 807 1221 τῇ
843 1164 939 1221 αὐτῇ
975 1165 1127 1219 διανοίᾳ
1163 1166 1284 1214 δῆλον
1319 1165 1380 1205 ὅτι
1415 1164 1603 1219 κέχρηται

273 1231 370 1271 νυνί.
442 1231 550 1271 ἀλλὰ
584 1230 661 1282 μὴν
699 1231 762 1271 καὶ
794 1230 864 1272 τὸν
899 1230 1075 1285 ἄρχοντά
1105 1248 1153 1285 γε
1189 1230 1440 1282 ἐξηπάτησεν
1478 1249 1602 1284 παρα-

274 1296 544 1349 καταβάλλων
575 1299 638 1338 καὶ
663 1298 776 1349 ἡμᾶς,
803 1299 867 1339 καὶ
892 1297 1172 1351 ἀντεγράψατο
1198 1298 1408 1351 Ὀτρυνεὺς
1432 1299 1532 1340 εἶναι
1558 1300 1602 1341 ἐν

273 1364 537 1407 Ἐλευσινίοις
561 1365 880 1416 δημοτευόμενος.
953 1365 1085 1416 ἐπειδὴ
1112 1366 1243 1406 τοίνυν
1266 1366 1414 1407 τούτων
1442 1366 1601 1408 πάντων

273 1432 557 1485 ἀπετύγχανεν,
584 1436 670 1475 ταῖς
694 1433 987 1484 παρελθούσαις
1007 1433 1281 1486 ἀρχαιρεσίαις
1299 1433 1460 1476 ταύταις
1473 1450 1598 1485 παρα-

274 1498 570 1550 σκευασάμενός
601 1517 711 1542 τινας
742 1504 821 1541 τῶν
848 1502 1026 1551 δημοτῶν
1052 1497 1164 1550 ἠξίου
1188 1500 1301 1543 οὗτος
1324 1499 1602 1554 ἐγγράφεσθαι

273 1566 432 1617 ποιητὸς
477 1567 560 1609 υἱὸς
606 1571 660 1622 τῷ
702 1566 909 1624 Ἀρχιάδῃ.
980 1568 1272 1619 ἀντιλεγόντων
1312 1567 1346 1608 δ’
1386 1568 1497 1619 ἡμῶν
1539 1568 1601 1608 καὶ

272 1633 500 1685 ἀξιούντων,
525 1636 689 1676 ἐπειδὰν
719 1638 788 1675 τοῦ
822 1633 968 1687 κλήρου
994 1635 1018 1686 ἡ
1044 1636 1271 1675 διαδικασία
1293 1634 1467 1687 γένηται,
1493 1652 1599 1686 τηνι-

273 1705 393 1742 καῦτα
419 1700 510 1743 τοὺς
546 1703 717 1752 δημότας
753 1701 825 1752 τὴν
861 1704 1004 1754 ψῆφον
1041 1701 1190 1754 φέρειν,
1230 1702 1421 1754 πρότερον
1453 1704 1498 1744 δὲ
1531 1701 1599 1754 μή,

271 1772 384 1808 τοῦτο
408 1771 479 1820 μὲν
507 1770 754 1820 ἐπείσθησαν
779 1769 824 1809 οὐ
848 1768 896 1810 δι’
922 1770 1072 1816 αὐτούς,
1101 1770 1208 1810 ἀλλὰ
1233 1771 1295 1810 διὰ
1323 1768 1414 1812 τοὺς
1445 1770 1600 1821 νόμους·

272 1835 400 1876 δεινὸν
425 1838 500 1888 γὰρ
527 1837 656 1878 ἐδόκει
675 1835 776 1878 εἶναι
800 1836 869 1877 τὸν
894 1837 1335 1888 παρακαταβεβληκότα
1358 1840 1427 1877 τοῦ
1456 1836 1602 1890 κλήρου

272 1904 466 1944 εἰσποιεῖν
499 1903 617 1943 αὑτὸν
653 1904 710 1944 ἔτι
743 1907 819 1944 τῶν
856 1903 1095 1956 πραγμάτων
1130 1904 1299 1955 ἀκρίτων
1328 1906 1465 1945 ὄντων·
1503 1903 1525 1946 ὃ
1555 1906 1600 1946 δὲ

272 1971 371 2021 μετὰ
406 1973 528 2011 ταῦτα
563 1973 767 2012 διοικεῖται
800 1970 1064 2024 Λεώστρατος
1099 1972 1250 2018 οὑτοσί,
1286 1974 1400 2012 τοῦτο
1442 1970 1600 2013 πάντων

274 2038 499 2079 δεινότατόν
545 2039 669 2079 ἐστιν.
742 2037 875 2090 ἐπειδὴ
924 2040 999 2092 γὰρ
1047 2038 1164 2081 αὐτὸς
1211 2038 1485 2093 ἀπετύγχανεν
1531 2042 1600 2079 τοῦ

320 2157 333 2177 1
362 2148 412 2179 καὶ
429 2147 496 2179 del.
515 2147 679 2179 Schaeser
818 2158 839 2187 3
862 2147 971 2190 (ἐν>τῇ
991 2148 1231 2180 Hemsterhuis
1357 2158 1376 2188 5
1401 2162 1601 2190 γραμμάτιον

274 2190 298 2221 S
389 2192 437 2222 ἐπὶ
455 2202 518 2222 om.
541 2192 564 2222 S
680 2202 718 2223 10
742 2192 913 2233 Ὀτρυνέας
930 2192 1095 2223 Dindorf:
1123 2194 1281 2232 Ὀτρυνεΐς
1293 2192 1390 2223 codd.
1484 2202 1518 2222 11
1545 2194 1601 2225 οὐκ

272 2233 344 2276 (ἂν)
358 2234 471 2265 Naber
483 2235 558 2266 coll.
574 2235 630 2265 xlv
646 2245 684 2275 13
776 2246 815 2265 12
842 2236 955 2268 ἀδίκως
970 2235 1007 2266 S¹
1101 2246 1138 2275 14
1156 2235 1208 2277 τὺ]
1222 2237 1277 2267 τὸν
1291 2236 1315 2266 S
1420 2245 1456 2275 15
1481 2235 1599 2277 κέχρη-

274 2292 326 2310 ται
344 2278 492 2316 δηλονότι
508 2278 539 2308 Α
674 2280 713 2309 16
737 2281 1018 2320 παρακαταλαβὼν
1034 2279 1065 2309 Α
1077 2279 1106 2317 Q
1122 2293 1175 2321 γρ.
1316 2289 1354 2318 17
1379 2281 1428 2312 καὶ
1452 2280 1532 2319 ἡμᾶς
1549 2280 1599 2312 καὶ

276 2321 413 2352 Dobrce
430 2333 437 2352 :
462 2324 511 2354 καὶ
529 2323 609 2362 ἡμᾶς
626 2324 723 2353 codd.
741 2334 747 2353 :
772 2324 847 2363 πρὸς
865 2324 945 2363 ἡμᾶς
963 2324 1013 2355 καὶ
1030 2322 1129 2352 Wolf
1209 2324 1247 2354 18
1272 2323 1491 2355 τούτωνΑεῖ-
1507 2325 1522 2360 ξ
1537 2333 1574 2361 41
1591 2333 1598 2353 1

277 2367 325 2397 ἐπὶ
343 2365 464 2397 τούτων
481 2371 559 2396 cett.
670 2377 712 2397 20
735 2368 832 2399 οὕτως
850 2366 881 2396 Α
993 2377 1033 2404 24
1058 2367 1173 2399 αὑτούς
1191 2368 1327 2407 Sauppe
1346 2378 1352 2397 ι
1378 2367 1490 2398 αὐτούς
1507 2366 1598 2405 vulg·

279 2409 368 2450 (sine
386 2410 506 2450 spiritu
524 2410 561 2449 S„
581 2422 587 2440 :
611 2410 745 2443 τούτους
762 2410 793 2440 Α
907 2420 949 2449 25
973 2409 1045 2452 τὸν]
1065 2412 1122 2442 τὸν
1139 2415 1200 2452 πμῖι
1216 2411 1248 2441 A
1337 2411 1378 2441 28
1403 2413 1460 2442 τοῦ
1475 2421 1541 2442 om.
1559 2410 1590 2441 A

1624 848 1665 870 10

1624 1178 1661 1211 15

1623 1519 1663 1540 20
