<?xml version="1.0" encoding="UTF-8"?>
<!DOCTYPE html PUBLIC "-//W3C//DTD XHTML 1.0 Transitional//EN"
    "http://www.w3.org/TR/xhtml1/DTD/xhtml1-transitional.dtd">
<html xmlns="http://www.w3.org/1999/xhtml" xml:lang="en" lang="en">
 <head>
  <title>
</title>
<meta http-equiv="Content-Type" content="text/html;charset=utf-8" />
  <meta name='ocr-system' content='tesseract 3.04.00' />
  <meta name='ocr-capabilities' content='ocr_page ocr_carea ocr_par ocr_line ocrx_word'/>
</head>
<body>
  <div class='ocr_page' id='page_1' title='image "./orationesrecog03demouoft_0083.png"; bbox 0 0 1763 2778; ppageno 0'>
   <div class='ocr_carea' id='block_1_1' title="bbox 109 509 126 539">
    <p class='ocr_par' dir='ltr' id='par_1_1' title="bbox 109 509 126 539">
     <span class='ocr_line' id='line_1_1' title="bbox 109 509 126 539; baseline 0 0"><span class='ocrx_word' id='word_1_1' title='bbox 109 509 126 539; x_wconf 86' lang='lat'>5</span> 
     </span>
    </p>
   </div>
   <div class='ocr_carea' id='block_1_2' title="bbox 89 843 126 866">
    <p class='ocr_par' dir='ltr' id='par_1_2' title="bbox 89 843 126 866">
     <span class='ocr_line' id='line_1_2' title="bbox 89 843 126 866; baseline 0.027 -1"><span class='ocrx_word' id='word_1_2' title='bbox 89 843 126 866; x_wconf 90' lang='lat'>10</span> 
     </span>
    </p>
   </div>
   <div class='ocr_carea' id='block_1_3' title="bbox 88 1518 126 1540">
    <p class='ocr_par' dir='ltr' id='par_1_3' title="bbox 88 1518 126 1540">
     <span class='ocr_line' id='line_1_3' title="bbox 88 1518 126 1540; baseline -0.026 0"><span class='ocrx_word' id='word_1_3' title='bbox 88 1518 126 1540; x_wconf 83' lang='lat'>20</span> 
     </span>
    </p>
   </div>
   <div class='ocr_carea' id='block_1_4' title="bbox 146 118 1637 173">
    <p class='ocr_par' dir='ltr' id='par_1_4' title="bbox 146 118 1637 173">
     <span class='ocr_line' id='line_1_4' title="bbox 146 118 1637 173; baseline 0.006 -16"><span class='ocrx_word' id='word_1_4' title='bbox 146 118 246 173; x_wconf 70' lang='lat' dir='ltr'>xm]</span> <span class='ocrx_word' id='word_1_5' title='bbox 556 124 593 160; x_wconf 81' lang='grc' dir='ltr'>Π</span> <span class='ocrx_word' id='word_1_6' title='bbox 606 124 676 161; x_wconf 78' lang='grc' dir='ltr'>ΡΟ</span> <span class='ocrx_word' id='word_1_7' title='bbox 687 124 717 161; x_wconf 75' lang='grc' dir='ltr'>Σ</span> <span class='ocrx_word' id='word_1_8' title='bbox 765 124 795 160; x_wconf 68' lang='lat' dir='ltr'>A</span> <span class='ocrx_word' id='word_1_9' title='bbox 810 124 840 160; x_wconf 85' lang='lat' dir='ltr'>E</span> <span class='ocrx_word' id='word_1_10' title='bbox 851 124 933 160; x_wconf 64' lang='grc' dir='ltr'>ΩΧ</span> <span class='ocrx_word' id='word_1_11' title='bbox 945 125 977 160; x_wconf 71' lang='grc' dir='ltr'>Α</span> <span class='ocrx_word' id='word_1_12' title='bbox 989 125 1016 160; x_wconf 77' lang='grc' dir='ltr'>Ρ</span> <span class='ocrx_word' id='word_1_13' title='bbox 1027 125 1063 161; x_wconf 84' lang='lat' dir='ltr'><strong>H</strong></span> <span class='ocrx_word' id='word_1_14' title='bbox 1496 118 1637 172; x_wconf 60' lang='lat'>[1094]</span> 
     </span>
    </p>
   </div>
   <div class='ocr_carea' id='block_1_5' title="bbox 146 220 1473 345">
    <p class='ocr_par' dir='ltr' id='par_1_5' title="bbox 146 220 1473 345">
     <span class='ocr_line' id='line_1_5' title="bbox 148 220 1473 274; baseline 0 -12"><span class='ocrx_word' id='word_1_15' title='bbox 148 239 232 270; x_wconf 83' lang='grc' dir='ltr'>κεν,·</span> <span class='ocrx_word' id='word_1_16' title='bbox 276 221 414 263; x_wconf 77' lang='grc' dir='ltr'>οὐκοῦν</span> <span class='ocrx_word' id='word_1_17' title='bbox 453 220 603 274; x_wconf 83' lang='grc' dir='ltr'>ἀνάγκη</span> <span class='ocrx_word' id='word_1_18' title='bbox 645 221 713 262; x_wconf 85' lang='grc' dir='ltr'>τὸν</span> <span class='ocrx_word' id='word_1_19' title='bbox 756 222 864 262; x_wconf 78' lang='grc' dir='ltr'>οἶκον</span> <span class='ocrx_word' id='word_1_20' title='bbox 906 222 1049 274; x_wconf 80' lang='grc' dir='ltr'>ἔρημον</span> <span class='ocrx_word' id='word_1_21' title='bbox 1088 222 1200 263; x_wconf 73' lang='grc' dir='ltr'>εἶναι.</span> <span class='ocrx_word' id='word_1_22' title='bbox 1272 223 1390 263; x_wconf 80' lang='grc' dir='ltr'>ὁπότε</span> <span class='ocrx_word' id='word_1_23' title='bbox 1432 224 1473 262; x_wconf 81' lang='grc' dir='ltr'>δὲ</span> 
     </span>
     <span class='ocr_line' id='line_1_6' title="bbox 146 288 1472 345; baseline -0.001 -15"><span class='ocrx_word' id='word_1_24' title='bbox 146 290 288 342; x_wconf 84' lang='grc' dir='ltr'>ἕρημος</span> <span class='ocrx_word' id='word_1_25' title='bbox 324 290 344 328; x_wconf 87' lang='grc' dir='ltr'>ὁ</span> <span class='ocrx_word' id='word_1_26' title='bbox 380 288 499 335; x_wconf 77' lang='grc' dir='ltr'>οἶκος,</span> <span class='ocrx_word' id='word_1_27' title='bbox 538 289 606 329; x_wconf 85' lang='grc' dir='ltr'>οὐκ</span> <span class='ocrx_word' id='word_1_28' title='bbox 643 288 690 329; x_wconf 76' lang='grc' dir='ltr'>ἂν</span> <span class='ocrx_word' id='word_1_29' title='bbox 728 290 868 339; x_wconf 87' lang='grc' dir='ltr'>εἴησαν</span> <span class='ocrx_word' id='word_1_30' title='bbox 903 290 998 331; x_wconf 74' lang='grc' dir='ltr'>υἱεῖς</span> <span class='ocrx_word' id='word_1_31' title='bbox 1035 289 1091 330; x_wconf 84' lang='grc' dir='ltr'>ἔτι</span> <span class='ocrx_word' id='word_1_32' title='bbox 1128 289 1263 345; x_wconf 86' lang='grc' dir='ltr'>ἐκείνῳ</span> <span class='ocrx_word' id='word_1_33' title='bbox 1300 288 1472 342; x_wconf 88' lang='grc' dir='ltr'>γνήσιοι.</span> 
     </span>
    </p>
   </div>
   <div class='ocr_carea' id='block_1_6' title="bbox 146 353 1638 408">
    <p class='ocr_par' dir='ltr' id='par_1_6' title="bbox 146 353 1638 408">
     <span class='ocr_line' id='line_1_7' title="bbox 146 353 1638 408; baseline -0.001 -11"><span class='ocrx_word' id='word_1_34' title='bbox 146 358 283 397; x_wconf 82' lang='grc' dir='ltr'>οὑτοσὶ</span> <span class='ocrx_word' id='word_1_35' title='bbox 319 357 450 397; x_wconf 81' lang='grc' dir='ltr'>τοίνυν</span> <span class='ocrx_word' id='word_1_36' title='bbox 486 357 841 408; x_wconf 71' lang='grc' dir='ltr'>διαμεμαρτύρηκεν</span> <span class='ocrx_word' id='word_1_37' title='bbox 878 355 967 398; x_wconf 83' lang='grc' dir='ltr'>τοὺς</span> <span class='ocrx_word' id='word_1_38' title='bbox 1003 356 1071 396; x_wconf 83' lang='grc' dir='ltr'>οὐκ</span> <span class='ocrx_word' id='word_1_39' title='bbox 1107 358 1224 398; x_wconf 80' lang='grc' dir='ltr'>ὄντας</span> <span class='ocrx_word' id='word_1_40' title='bbox 1259 357 1372 404; x_wconf 76' lang='grc' dir='ltr'>εἶναι,</span> <span class='ocrx_word' id='word_1_41' title='bbox 1411 356 1472 396; x_wconf 86' lang='grc' dir='ltr'>καὶ</span> <span class='ocrx_word' id='word_1_42' title='bbox 1494 353 1638 408; x_wconf 85' lang='lat'>[1095]</span> 
     </span>
    </p>
   </div>
   <div class='ocr_carea' id='block_1_7' title="bbox 145 423 1540 2407">
    <p class='ocr_par' dir='ltr' id='par_1_7' title="bbox 145 423 1540 1961">
     <span class='ocr_line' id='line_1_8' title="bbox 145 423 1473 480; baseline -0.001 -16"><span class='ocrx_word' id='word_1_43' title='bbox 145 423 348 478; x_wconf 82' lang='grc' dir='ltr'>γέγραφεν</span> <span class='ocrx_word' id='word_1_44' title='bbox 377 424 419 464; x_wconf 85' lang='grc' dir='ltr'>ἐν</span> <span class='ocrx_word' id='word_1_45' title='bbox 443 424 488 480; x_wconf 85' lang='grc' dir='ltr'>τῇ</span> <span class='ocrx_word' id='word_1_46' title='bbox 519 424 773 478; x_wconf 76' lang='grc' dir='ltr'>διαμαρτυρίᾳ</span> <span class='ocrx_word' id='word_1_47' title='bbox 805 424 957 464; x_wconf 69' lang='grc' dir='ltr'>’ὄντων</span> <span class='ocrx_word' id='word_1_48' title='bbox 990 423 1177 474; x_wconf 86' lang='grc' dir='ltr'>παίδων’,</span> <span class='ocrx_word' id='word_1_49' title='bbox 1210 424 1280 464; x_wconf 87' lang='grc' dir='ltr'>ἕνα</span> <span class='ocrx_word' id='word_1_50' title='bbox 1304 423 1473 477; x_wconf 83' lang='grc' dir='ltr'>φάσκων</span> 
     </span>
     <span class='ocr_line' id='line_1_9' title="bbox 147 489 1539 548; baseline 0.002 -17"><span class='ocrx_word' id='word_1_51' title='bbox 147 490 265 532; x_wconf 85' lang='grc' dir='ltr'>αὑτὸν</span> <span class='ocrx_word' id='word_1_52' title='bbox 303 490 415 531; x_wconf 79' lang='grc' dir='ltr'>εἶναι.</span> <span class='ocrx_word' id='word_1_53' title='bbox 488 492 594 531; x_wconf 79' lang='grc' dir='ltr'>ἀλλὰ</span> <span class='ocrx_word' id='word_1_54' title='bbox 634 489 712 542; x_wconf 76' lang='grc' dir='ltr'>μὴν</span> <span class='ocrx_word' id='word_1_55' title='bbox 761 492 772 508; x_wconf 87' lang='lat'><em>‘</em></span> <span class='ocrx_word' id='word_1_56' title='bbox 790 491 969 543; x_wconf 83' lang='grc' dir='ltr'>γνησίων</span> <span class='ocrx_word' id='word_1_57' title='bbox 986 490 995 505; x_wconf 93' lang='grc'><strong>’</strong></span> <span class='ocrx_word' id='word_1_58' title='bbox 1043 490 1081 544; x_wconf 87' lang='grc' dir='ltr'>γ’</span> <span class='ocrx_word' id='word_1_59' title='bbox 1129 491 1224 532; x_wconf 82' lang='grc' dir='ltr'>ὅταν</span> <span class='ocrx_word' id='word_1_60' title='bbox 1269 490 1370 548; x_wconf 87' lang='grc' dir='ltr'>λέγῃ</span> <span class='ocrx_word' id='word_1_61' title='bbox 1414 490 1474 531; x_wconf 85' lang='grc' dir='ltr'>καὶ</span> <span class='ocrx_word' id='word_1_62' title='bbox 1493 499 1539 534; x_wconf 91' lang='grc'>49</span> 
     </span>
     <span class='ocr_line' id='line_1_10' title="bbox 148 557 1470 611; baseline -0.001 -12"><span class='ocrx_word' id='word_1_63' title='bbox 148 561 159 576; x_wconf 90' lang='lat'><em>‘</em></span> <span class='ocrx_word' id='word_1_64' title='bbox 176 559 312 611; x_wconf 83' lang='grc' dir='ltr'>κυρίως</span> <span class='ocrx_word' id='word_1_65' title='bbox 339 558 436 599; x_wconf 80' lang='grc' dir='ltr'>κατὰ</span> <span class='ocrx_word' id='word_1_66' title='bbox 460 557 529 598; x_wconf 85' lang='grc' dir='ltr'>τὸν</span> <span class='ocrx_word' id='word_1_67' title='bbox 554 558 704 609; x_wconf 87' lang='grc' dir='ltr'>θεσμόν</span> <span class='ocrx_word' id='word_1_68' title='bbox 723 557 746 605; x_wconf 87' lang='grc'>’,</span> <span class='ocrx_word' id='word_1_69' title='bbox 767 558 1055 610; x_wconf 85' lang='grc' dir='ltr'>παρακρούεται</span> <span class='ocrx_word' id='word_1_70' title='bbox 1080 560 1184 610; x_wconf 80' lang='grc' dir='ltr'>παρὰ</span> <span class='ocrx_word' id='word_1_71' title='bbox 1203 557 1292 600; x_wconf 81' lang='grc' dir='ltr'>τοὺς</span> <span class='ocrx_word' id='word_1_72' title='bbox 1316 558 1470 610; x_wconf 88' lang='grc' dir='ltr'>νόμους.</span> 
     </span>
     <span class='ocr_line' id='line_1_11' title="bbox 145 623 1475 682; baseline -0.001 -16"><span class='ocrx_word' id='word_1_73' title='bbox 145 624 190 666; x_wconf 82' lang='grc' dir='ltr'>τὸ</span> <span class='ocrx_word' id='word_1_74' title='bbox 229 627 303 677; x_wconf 78' lang='grc' dir='ltr'>μὲν</span> <span class='ocrx_word' id='word_1_75' title='bbox 337 626 412 678; x_wconf 74' lang='grc' dir='ltr'>γὰρ</span> <span class='ocrx_word' id='word_1_76' title='bbox 449 623 613 677; x_wconf 89' lang='grc' dir='ltr'>γνήσιόν</span> <span class='ocrx_word' id='word_1_77' title='bbox 649 626 772 671; x_wconf 85' lang='grc' dir='ltr'>ἐστιν,</span> <span class='ocrx_word' id='word_1_78' title='bbox 811 626 906 666; x_wconf 85' lang='grc' dir='ltr'>ὅταν</span> <span class='ocrx_word' id='word_1_79' title='bbox 938 624 964 682; x_wconf 80' lang='grc' dir='ltr'><em>ᾗ</em></span> <span class='ocrx_word' id='word_1_80' title='bbox 1000 626 1104 681; x_wconf 88' lang='grc' dir='ltr'>γόνῳ</span> <span class='ocrx_word' id='word_1_81' title='bbox 1141 626 1319 678; x_wconf 85' lang='grc' dir='ltr'>γεγονός·</span> <span class='ocrx_word' id='word_1_82' title='bbox 1357 626 1419 666; x_wconf 88' lang='grc' dir='ltr'>καὶ</span> <span class='ocrx_word' id='word_1_83' title='bbox 1456 626 1475 665; x_wconf 87' lang='grc' dir='ltr'>ὁ</span> 
     </span>
     <span class='ocr_line' id='line_1_12' title="bbox 145 689 1474 750; baseline -0.002 -16"><span class='ocrx_word' id='word_1_84' title='bbox 145 693 264 744; x_wconf 89' lang='grc' dir='ltr'>νόμος</span> <span class='ocrx_word' id='word_1_85' title='bbox 304 695 425 732; x_wconf 82' lang='grc' dir='ltr'>ταῦτα</span> <span class='ocrx_word' id='word_1_86' title='bbox 464 696 650 745; x_wconf 84' lang='grc' dir='ltr'>μαρτυρεῖ</span> <span class='ocrx_word' id='word_1_87' title='bbox 687 691 831 745; x_wconf 83' lang='grc' dir='ltr'>λέγων,</span> <span class='ocrx_word' id='word_1_88' title='bbox 874 692 947 743; x_wconf 68' lang='grc' dir='ltr'>’ἣν</span> <span class='ocrx_word' id='word_1_89' title='bbox 985 692 1033 734; x_wconf 80' lang='grc' dir='ltr'>ἂν</span> <span class='ocrx_word' id='word_1_90' title='bbox 1075 692 1252 750; x_wconf 80' lang='grc' dir='ltr'>ἐγγυήσῃ</span> <span class='ocrx_word' id='word_1_91' title='bbox 1289 692 1416 746; x_wconf 74' lang='grc' dir='ltr'>πατὴρ</span> <span class='ocrx_word' id='word_1_92' title='bbox 1450 689 1474 744; x_wconf 85' lang='grc' dir='ltr'>ἢ</span> 
     </span>
     <span class='ocr_line' id='line_1_13' title="bbox 146 756 1475 813; baseline 0.001 -13"><span class='ocrx_word' id='word_1_93' title='bbox 146 759 320 813; x_wconf 82' lang='grc' dir='ltr'>ἀδελφὸς</span> <span class='ocrx_word' id='word_1_94' title='bbox 354 756 376 810; x_wconf 82' lang='grc' dir='ltr'>ἢ</span> <span class='ocrx_word' id='word_1_95' title='bbox 407 759 580 806; x_wconf 80' lang='grc' dir='ltr'>πάππος,</span> <span class='ocrx_word' id='word_1_96' title='bbox 607 761 651 800; x_wconf 85' lang='grc' dir='ltr'>ἐκ</span> <span class='ocrx_word' id='word_1_97' title='bbox 680 760 823 810; x_wconf 78' lang='grc' dir='ltr'>ταύτης</span> <span class='ocrx_word' id='word_1_98' title='bbox 856 759 957 801; x_wconf 75' lang='grc' dir='ltr'>εἶναι</span> <span class='ocrx_word' id='word_1_99' title='bbox 980 764 1122 801; x_wconf 83' lang='grc' dir='ltr'>παῖδας</span> <span class='ocrx_word' id='word_1_100' title='bbox 1147 759 1361 813; x_wconf 84' lang='grc' dir='ltr'>γνησίους.’</span> <span class='ocrx_word' id='word_1_101' title='bbox 1431 759 1475 801; x_wconf 82' lang='grc' dir='ltr'>τὸ</span> 
     </span>
     <span class='ocr_line' id='line_1_14' title="bbox 146 826 1472 880; baseline 0 -12"><span class='ocrx_word' id='word_1_102' title='bbox 146 830 188 868; x_wconf 81' lang='grc' dir='ltr'>δὲ</span> <span class='ocrx_word' id='word_1_103' title='bbox 215 829 225 845; x_wconf 86' lang='lat'><em>‘</em></span> <span class='ocrx_word' id='word_1_104' title='bbox 242 827 380 880; x_wconf 85' lang='grc' dir='ltr'>κυρίως</span> <span class='ocrx_word' id='word_1_105' title='bbox 399 826 409 842; x_wconf 86' lang='grc'><strong><em>’</em></strong></span> <span class='ocrx_word' id='word_1_106' title='bbox 438 829 536 867; x_wconf 78' lang='grc' dir='ltr'>κατὰ</span> <span class='ocrx_word' id='word_1_107' title='bbox 567 831 646 867; x_wconf 84' lang='grc' dir='ltr'>τῶν</span> <span class='ocrx_word' id='word_1_108' title='bbox 669 826 870 878; x_wconf 85' lang='grc' dir='ltr'>ποιήσεων</span> <span class='ocrx_word' id='word_1_109' title='bbox 901 828 921 867; x_wconf 87' lang='grc' dir='ltr'>ὁ</span> <span class='ocrx_word' id='word_1_110' title='bbox 945 827 1161 878; x_wconf 84' lang='grc' dir='ltr'>νομοθέτης</span> <span class='ocrx_word' id='word_1_111' title='bbox 1186 828 1350 879; x_wconf 78' lang='grc' dir='ltr'>ἔλαβεν,</span> <span class='ocrx_word' id='word_1_112' title='bbox 1377 829 1472 868; x_wconf 80' lang='grc' dir='ltr'>ὑπο-</span> 
     </span>
     <span class='ocr_line' id='line_1_15' title="bbox 145 893 1476 947; baseline 0.001 -13"><span class='ocrx_word' id='word_1_113' title='bbox 145 893 367 946; x_wconf 83' lang='grc' dir='ltr'>λαμβάνων</span> <span class='ocrx_word' id='word_1_114' title='bbox 400 897 494 941; x_wconf 82' lang='grc' dir='ltr'>δεῖν,</span> <span class='ocrx_word' id='word_1_115' title='bbox 530 895 625 935; x_wconf 84' lang='grc' dir='ltr'>ὅταν</span> <span class='ocrx_word' id='word_1_116' title='bbox 652 912 711 936; x_wconf 87' lang='grc' dir='ltr'>τις</span> <span class='ocrx_word' id='word_1_117' title='bbox 740 894 793 935; x_wconf 82' lang='grc' dir='ltr'>ὢν</span> <span class='ocrx_word' id='word_1_118' title='bbox 819 894 936 937; x_wconf 83' lang='grc' dir='ltr'>ἄπαις</span> <span class='ocrx_word' id='word_1_119' title='bbox 966 894 1028 935; x_wconf 84' lang='grc' dir='ltr'>καὶ</span> <span class='ocrx_word' id='word_1_120' title='bbox 1063 895 1190 947; x_wconf 87' lang='grc' dir='ltr'>κύριος</span> <span class='ocrx_word' id='word_1_121' title='bbox 1222 899 1301 936; x_wconf 83' lang='grc' dir='ltr'>τῶν</span> <span class='ocrx_word' id='word_1_122' title='bbox 1338 897 1476 936; x_wconf 80' lang='grc' dir='ltr'>ἑαυτοῦ</span> 
     </span>
     <span class='ocr_line' id='line_1_16' title="bbox 146 960 1474 1017; baseline 0.001 -14"><span class='ocrx_word' id='word_1_123' title='bbox 146 960 359 1012; x_wconf 86' lang='grc' dir='ltr'>ποιήσηται</span> <span class='ocrx_word' id='word_1_124' title='bbox 382 962 481 1008; x_wconf 76' lang='grc' dir='ltr'>υἱόν,</span> <span class='ocrx_word' id='word_1_125' title='bbox 507 965 628 1002; x_wconf 84' lang='grc' dir='ltr'>ταῦτα</span> <span class='ocrx_word' id='word_1_126' title='bbox 655 961 765 1015; x_wconf 86' lang='grc' dir='ltr'>κύρια</span> <span class='ocrx_word' id='word_1_127' title='bbox 790 962 902 1003; x_wconf 75' lang='grc' dir='ltr'>εἶναι.</span> <span class='ocrx_word' id='word_1_128' title='bbox 974 962 1083 1003; x_wconf 76' lang='grc' dir='ltr'>οὗτος</span> <span class='ocrx_word' id='word_1_129' title='bbox 1109 963 1241 1003; x_wconf 86' lang='grc' dir='ltr'>τοίνυν</span> <span class='ocrx_word' id='word_1_130' title='bbox 1270 962 1373 1017; x_wconf 87' lang='grc' dir='ltr'>γόνῳ</span> <span class='ocrx_word' id='word_1_131' title='bbox 1402 965 1474 1014; x_wconf 80' lang='grc' dir='ltr'>μὲν</span> 
     </span>
     <span class='ocr_line' id='line_1_17' title="bbox 146 1028 1475 1086; baseline 0.002 -17"><span class='ocrx_word' id='word_1_132' title='bbox 146 1028 286 1070; x_wconf 82' lang='grc' dir='ltr'>οὐδένα</span> <span class='ocrx_word' id='word_1_133' title='bbox 318 1029 445 1082; x_wconf 84' lang='grc' dir='ltr'>φησὶν</span> <span class='ocrx_word' id='word_1_134' title='bbox 474 1028 666 1086; x_wconf 73' lang='grc' dir='ltr'>Ἀρχιάδῃ</span> <span class='ocrx_word' id='word_1_135' title='bbox 696 1028 885 1082; x_wconf 84' lang='grc' dir='ltr'>γενέσθαι</span> <span class='ocrx_word' id='word_1_136' title='bbox 913 1030 1012 1076; x_wconf 82' lang='grc' dir='ltr'>υἱόν,</span> <span class='ocrx_word' id='word_1_137' title='bbox 1043 1030 1399 1082; x_wconf 82' lang='grc' dir='ltr'>διαμεμαρτύρηται</span> <span class='ocrx_word' id='word_1_138' title='bbox 1432 1032 1475 1071; x_wconf 78' lang='grc' dir='ltr'>δὲ</span> 
     </span>
     <span class='ocr_line' id='line_1_18' title="bbox 148 1096 1476 1153; baseline 0 -16"><span class='ocrx_word' id='word_1_139' title='bbox 148 1097 350 1150; x_wconf 49' lang='grc' dir='ltr'>(γνησίων</span> <span class='ocrx_word' id='word_1_140' title='bbox 383 1096 546 1144; x_wconf 82' lang='grc' dir='ltr'>ὄντων’,</span> <span class='ocrx_word' id='word_1_141' title='bbox 582 1097 764 1138; x_wconf 85' lang='grc' dir='ltr'>ἐναντίαν</span> <span class='ocrx_word' id='word_1_142' title='bbox 792 1101 846 1153; x_wconf 80' lang='grc' dir='ltr'>τῷ</span> <span class='ocrx_word' id='word_1_143' title='bbox 876 1096 1077 1151; x_wconf 86' lang='grc' dir='ltr'>πράγματι</span> <span class='ocrx_word' id='word_1_144' title='bbox 1099 1097 1172 1148; x_wconf 65' lang='grc' dir='ltr'>τὴν</span> <span class='ocrx_word' id='word_1_145' title='bbox 1195 1098 1476 1150; x_wconf 87' lang='grc' dir='ltr'>διαμαρτυρίαν</span> 
     </span>
     <span class='ocr_line' id='line_1_19' title="bbox 146 1163 1540 1217; baseline -0.001 -12"><span class='ocrx_word' id='word_1_146' title='bbox 146 1163 428 1215; x_wconf 85' lang='grc' dir='ltr'>ποιησάμενος.</span> <span class='ocrx_word' id='word_1_147' title='bbox 499 1164 658 1215; x_wconf 85' lang='grc' dir='ltr'>ποιητὸς</span> <span class='ocrx_word' id='word_1_148' title='bbox 695 1167 737 1206; x_wconf 79' lang='grc' dir='ltr'>δὲ</span> <span class='ocrx_word' id='word_1_149' title='bbox 771 1165 981 1217; x_wconf 84' lang='grc' dir='ltr'>ὁμολογῶν</span> <span class='ocrx_word' id='word_1_150' title='bbox 1024 1164 1136 1211; x_wconf 76' lang='grc' dir='ltr'>εἶναι,</span> <span class='ocrx_word' id='word_1_151' title='bbox 1181 1166 1366 1217; x_wconf 85' lang='grc' dir='ltr'>φαίνεται</span> <span class='ocrx_word' id='word_1_152' title='bbox 1407 1164 1474 1204; x_wconf 87' lang='grc' dir='ltr'>οὐκ</span> <span class='ocrx_word' id='word_1_153' title='bbox 1496 1171 1540 1209; x_wconf 90' lang='grc'>50</span> 
     </span>
     <span class='ocr_line' id='line_1_20' title="bbox 146 1231 1475 1283; baseline 0 -11"><span class='ocrx_word' id='word_1_154' title='bbox 146 1232 392 1283; x_wconf 81' lang='grc' dir='ltr'>εἰσποιηθεὶς</span> <span class='ocrx_word' id='word_1_155' title='bbox 423 1231 499 1272; x_wconf 77' lang='grc' dir='ltr'>’ὑπὸ</span> <span class='ocrx_word' id='word_1_156' title='bbox 536 1235 604 1272; x_wconf 81' lang='grc' dir='ltr'>τοῦ</span> <span class='ocrx_word' id='word_1_157' title='bbox 630 1233 957 1283; x_wconf 87' lang='grc' dir='ltr'>τετελευτηκότος</span> <span class='ocrx_word' id='word_1_158' title='bbox 992 1232 1122 1278; x_wconf 78' lang='grc' dir='ltr'>αὐτοῦ,</span> <span class='ocrx_word' id='word_1_159' title='bbox 1161 1233 1266 1273; x_wconf 83' lang='grc' dir='ltr'>ὥστε</span> <span class='ocrx_word' id='word_1_160' title='bbox 1302 1236 1383 1273; x_wconf 85' lang='grc' dir='ltr'>πῶς</span> <span class='ocrx_word' id='word_1_161' title='bbox 1419 1232 1475 1272; x_wconf 79' lang='grc' dir='ltr'>ἔτι</span> 
     </span>
     <span class='ocr_line' id='line_1_21' title="bbox 147 1298 1473 1352; baseline 0 -13"><span class='ocrx_word' id='word_1_162' title='bbox 147 1316 214 1339; x_wconf 88' lang='grc' dir='ltr'>σοι</span> <span class='ocrx_word' id='word_1_163' title='bbox 243 1299 354 1351; x_wconf 88' lang='grc' dir='ltr'>κύρια</span> <span class='ocrx_word' id='word_1_164' title='bbox 381 1298 485 1339; x_wconf 81' lang='grc' dir='ltr'>ταῦτ’</span> <span class='ocrx_word' id='word_1_165' title='bbox 520 1298 569 1340; x_wconf 78' lang='grc' dir='ltr'>ἂν</span> <span class='ocrx_word' id='word_1_166' title='bbox 594 1300 652 1350; x_wconf 85' lang='grc' dir='ltr'>εἴη</span> <span class='ocrx_word' id='word_1_167' title='bbox 680 1301 776 1340; x_wconf 82' lang='grc' dir='ltr'>κατὰ</span> <span class='ocrx_word' id='word_1_168' title='bbox 806 1299 876 1341; x_wconf 85' lang='grc' dir='ltr'>τὸν</span> <span class='ocrx_word' id='word_1_169' title='bbox 899 1301 1068 1351; x_wconf 88' lang='grc' dir='ltr'>θεσμόν;</span> <span class='ocrx_word' id='word_1_170' title='bbox 1096 1301 1155 1340; x_wconf 84' lang='grc' dir='ltr'>ὅτι</span> <span class='ocrx_word' id='word_1_171' title='bbox 1182 1300 1228 1350; x_wconf 79' lang='grc' dir='ltr'>νὴ</span> <span class='ocrx_word' id='word_1_172' title='bbox 1256 1300 1335 1340; x_wconf 81' lang='grc' dir='ltr'>Δία</span> <span class='ocrx_word' id='word_1_173' title='bbox 1359 1298 1473 1352; x_wconf 86' lang='grc' dir='ltr'>ἐγγέ-</span> 
     </span>
     <span class='ocr_line' id='line_1_22' title="bbox 146 1365 1471 1423; baseline 0.001 -17"><span class='ocrx_word' id='word_1_174' title='bbox 146 1382 316 1419; x_wconf 89' lang='grc' dir='ltr'>γραπται</span> <span class='ocrx_word' id='word_1_175' title='bbox 356 1365 550 1423; x_wconf 79' lang='grc' dir='ltr'>Ἀρχιάδῃ</span> <span class='ocrx_word' id='word_1_176' title='bbox 589 1367 683 1408; x_wconf 83' lang='grc' dir='ltr'>υῖός.</span> <span class='ocrx_word' id='word_1_177' title='bbox 754 1368 832 1408; x_wconf 87' lang='grc' dir='ltr'>ὑπό</span> <span class='ocrx_word' id='word_1_178' title='bbox 870 1384 919 1420; x_wconf 90' lang='grc' dir='ltr'>γε</span> <span class='ocrx_word' id='word_1_179' title='bbox 956 1367 1118 1408; x_wconf 82' lang='grc' dir='ltr'>τουτωνὶ</span> <span class='ocrx_word' id='word_1_180' title='bbox 1156 1365 1287 1422; x_wconf 78' lang='grc' dir='ltr'>πρῴην</span> <span class='ocrx_word' id='word_1_181' title='bbox 1323 1371 1471 1418; x_wconf 85' lang='grc' dir='ltr'>βιασα-</span> 
     </span>
     <span class='ocr_line' id='line_1_23' title="bbox 145 1432 1473 1486; baseline 0.002 -13"><span class='ocrx_word' id='word_1_182' title='bbox 145 1432 287 1485; x_wconf 82' lang='grc' dir='ltr'>μένων,</span> <span class='ocrx_word' id='word_1_183' title='bbox 327 1432 399 1484; x_wconf 82' lang='grc' dir='ltr'>ἤδη</span> <span class='ocrx_word' id='word_1_184' title='bbox 438 1436 507 1484; x_wconf 85' lang='grc' dir='ltr'>τῆς</span> <span class='ocrx_word' id='word_1_185' title='bbox 543 1437 611 1474; x_wconf 83' lang='grc' dir='ltr'>τοῦ</span> <span class='ocrx_word' id='word_1_186' title='bbox 649 1432 794 1486; x_wconf 82' lang='grc' dir='ltr'>κλήρου</span> <span class='ocrx_word' id='word_1_187' title='bbox 828 1435 1076 1476; x_wconf 84' lang='grc' dir='ltr'>διαδικασίας</span> <span class='ocrx_word' id='word_1_188' title='bbox 1114 1435 1381 1485; x_wconf 84' lang='grc' dir='ltr'>ἐνεστηκυίας·</span> <span class='ocrx_word' id='word_1_189' title='bbox 1429 1435 1473 1476; x_wconf 83' lang='grc' dir='ltr'>οὗ</span> 
     </span>
     <span class='ocr_line' id='line_1_24' title="bbox 146 1500 1534 1556; baseline 0.001 -16"><span class='ocrx_word' id='word_1_190' title='bbox 146 1500 191 1551; x_wconf 77' lang='grc' dir='ltr'>δὴ</span> <span class='ocrx_word' id='word_1_191' title='bbox 218 1502 369 1541; x_wconf 89' lang='grc' dir='ltr'>δίκαιον</span> <span class='ocrx_word' id='word_1_192' title='bbox 391 1501 434 1541; x_wconf 79' lang='grc' dir='ltr'>ἐν</span> <span class='ocrx_word' id='word_1_193' title='bbox 458 1501 651 1556; x_wconf 78' lang='grc' dir='ltr'>τεκμηρίῳ</span> <span class='ocrx_word' id='word_1_194' title='bbox 676 1504 874 1542; x_wconf 83' lang='grc' dir='ltr'>ποιεῖσθαι</span> <span class='ocrx_word' id='word_1_195' title='bbox 900 1503 1104 1553; x_wconf 77' lang='grc' dir='ltr'>τάδίκημα.</span> <span class='ocrx_word' id='word_1_196' title='bbox 1159 1502 1224 1542; x_wconf 79' lang='grc' dir='ltr'>καὶ</span> <span class='ocrx_word' id='word_1_197' title='bbox 1248 1503 1323 1555; x_wconf 74' lang='grc' dir='ltr'>γὰρ</span> <span class='ocrx_word' id='word_1_198' title='bbox 1349 1503 1474 1542; x_wconf 82' lang='grc' dir='ltr'>ἐκεῖνο</span> <span class='ocrx_word' id='word_1_199' title='bbox 1495 1511 1534 1550; x_wconf 85' lang='grc'>51</span> 
     </span>
     <span class='ocr_line' id='line_1_25' title="bbox 145 1566 1475 1622; baseline 0 -14"><span class='ocrx_word' id='word_1_200' title='bbox 145 1571 228 1610; x_wconf 83' lang='grc' dir='ltr'>πῶς</span> <span class='ocrx_word' id='word_1_201' title='bbox 253 1566 300 1608; x_wconf 85' lang='grc' dir='ltr'>οὐ</span> <span class='ocrx_word' id='word_1_202' title='bbox 321 1568 451 1609; x_wconf 90' lang='grc' dir='ltr'>δεινόν</span> <span class='ocrx_word' id='word_1_203' title='bbox 478 1569 600 1615; x_wconf 85' lang='grc' dir='ltr'>ἐστιν,</span> <span class='ocrx_word' id='word_1_204' title='bbox 629 1567 658 1608; x_wconf 72' lang='grc' dir='ltr'><em>ὦ</em></span> <span class='ocrx_word' id='word_1_205' title='bbox 683 1568 821 1620; x_wconf 81' lang='grc' dir='ltr'>ἄνδρες</span> <span class='ocrx_word' id='word_1_206' title='bbox 843 1570 1040 1616; x_wconf 89' lang='grc' dir='ltr'>δικασταί,</span> <span class='ocrx_word' id='word_1_207' title='bbox 1069 1569 1132 1610; x_wconf 83' lang='grc' dir='ltr'>ἐπὶ</span> <span class='ocrx_word' id='word_1_208' title='bbox 1157 1571 1229 1620; x_wconf 79' lang='grc' dir='ltr'>μὲν</span> <span class='ocrx_word' id='word_1_209' title='bbox 1254 1572 1323 1609; x_wconf 79' lang='grc' dir='ltr'>τοῦ</span> <span class='ocrx_word' id='word_1_210' title='bbox 1351 1570 1475 1622; x_wconf 88' lang='grc' dir='ltr'>λόγου</span> 
     </span>
     <span class='ocr_line' id='line_1_26' title="bbox 147 1633 1473 1693; baseline 0.001 -18"><span class='ocrx_word' id='word_1_211' title='bbox 147 1634 286 1676; x_wconf 81' lang='grc' dir='ltr'>αὐτίκα</span> <span class='ocrx_word' id='word_1_212' title='bbox 318 1633 428 1687; x_wconf 86' lang='grc' dir='ltr'>μάλα</span> <span class='ocrx_word' id='word_1_213' title='bbox 466 1634 613 1688; x_wconf 87' lang='grc' dir='ltr'>φήσειν</span> <span class='ocrx_word' id='word_1_214' title='bbox 649 1635 812 1686; x_wconf 83' lang='grc' dir='ltr'>ποιητὸν</span> <span class='ocrx_word' id='word_1_215' title='bbox 849 1637 962 1683; x_wconf 75' lang='grc' dir='ltr'>εἶναι,</span> <span class='ocrx_word' id='word_1_216' title='bbox 998 1637 1042 1677; x_wconf 80' lang='grc' dir='ltr'>ἐν</span> <span class='ocrx_word' id='word_1_217' title='bbox 1075 1638 1117 1678; x_wconf 81' lang='grc' dir='ltr'>δὲ</span> <span class='ocrx_word' id='word_1_218' title='bbox 1145 1642 1192 1693; x_wconf 80' lang='grc' dir='ltr'>τῇ</span> <span class='ocrx_word' id='word_1_219' title='bbox 1219 1637 1473 1691; x_wconf 74' lang='grc' dir='ltr'>διαμαρτυρίᾳ</span> 
     </span>
     <span class='ocr_line' id='line_1_27' title="bbox 146 1701 1472 1760; baseline 0.002 -19"><span class='ocrx_word' id='word_1_220' title='bbox 146 1705 262 1742; x_wconf 76' lang='grc' dir='ltr'>τοῦτο</span> <span class='ocrx_word' id='word_1_221' title='bbox 289 1701 341 1754; x_wconf 79' lang='grc' dir='ltr'>μὴ</span> <span class='ocrx_word' id='word_1_222' title='bbox 372 1704 572 1754; x_wconf 82' lang='grc' dir='ltr'>τολμῆσαι</span> <span class='ocrx_word' id='word_1_223' title='bbox 600 1702 768 1756; x_wconf 80' lang='grc' dir='ltr'>γράψαι,</span> <span class='ocrx_word' id='word_1_224' title='bbox 801 1705 908 1744; x_wconf 81' lang='grc' dir='ltr'>ἀλλὰ</span> <span class='ocrx_word' id='word_1_225' title='bbox 939 1704 987 1744; x_wconf 76' lang='grc' dir='ltr'>τὰ</span> <span class='ocrx_word' id='word_1_226' title='bbox 1012 1705 1084 1755; x_wconf 81' lang='grc' dir='ltr'>μὲν</span> <span class='ocrx_word' id='word_1_227' title='bbox 1114 1705 1156 1744; x_wconf 85' lang='grc' dir='ltr'>ἐν</span> <span class='ocrx_word' id='word_1_228' title='bbox 1189 1704 1307 1760; x_wconf 85' lang='grc' dir='ltr'>ταύτῃ</span> <span class='ocrx_word' id='word_1_229' title='bbox 1339 1706 1472 1755; x_wconf 76' lang='grc' dir='ltr'>διαμε·</span> 
     </span>
     <span class='ocr_line' id='line_1_28' title="bbox 145 1768 1473 1826; baseline 0.003 -18"><span class='ocrx_word' id='word_1_230' title='bbox 145 1768 423 1822; x_wconf 85' lang='grc' dir='ltr'>μαρτυρημένα</span> <span class='ocrx_word' id='word_1_231' title='bbox 462 1769 564 1810; x_wconf 77' lang='grc' dir='ltr'>εἶναι</span> <span class='ocrx_word' id='word_1_232' title='bbox 600 1770 651 1812; x_wconf 83' lang='grc' dir='ltr'>ὡς</span> <span class='ocrx_word' id='word_1_233' title='bbox 676 1771 773 1823; x_wconf 82' lang='grc' dir='ltr'>ὑπὲρ</span> <span class='ocrx_word' id='word_1_234' title='bbox 812 1773 897 1811; x_wconf 81' lang='grc' dir='ltr'>υἱοῦ</span> <span class='ocrx_word' id='word_1_235' title='bbox 938 1771 1041 1826; x_wconf 87' lang='grc' dir='ltr'>γόνῳ</span> <span class='ocrx_word' id='word_1_236' title='bbox 1085 1772 1308 1824; x_wconf 88' lang='grc' dir='ltr'>γεγονότος,</span> <span class='ocrx_word' id='word_1_237' title='bbox 1352 1772 1400 1811; x_wconf 76' lang='grc' dir='ltr'>τὰ</span> <span class='ocrx_word' id='word_1_238' title='bbox 1441 1770 1473 1812; x_wconf 83' lang='grc' dir='ltr'>δ’</span> 
     </span>
     <span class='ocr_line' id='line_1_29' title="bbox 147 1836 1472 1889; baseline 0.002 -13"><span class='ocrx_word' id='word_1_239' title='bbox 147 1836 284 1876; x_wconf 83' lang='grc' dir='ltr'>αὐτίκα</span> <span class='ocrx_word' id='word_1_240' title='bbox 318 1836 427 1888; x_wconf 86' lang='grc' dir='ltr'>μάλα</span> <span class='ocrx_word' id='word_1_241' title='bbox 461 1837 715 1889; x_wconf 87' lang='grc' dir='ltr'>ῥηθησόμενα</span> <span class='ocrx_word' id='word_1_242' title='bbox 752 1837 803 1880; x_wconf 82' lang='grc' dir='ltr'>ὡς</span> <span class='ocrx_word' id='word_1_243' title='bbox 841 1839 1086 1889; x_wconf 54' lang='lat' dir='ltr'>flmmeum&amp;</span> <span class='ocrx_word' id='word_1_244' title='bbox 1127 1840 1160 1879; x_wconf 85' lang='grc' dir='ltr'>εἰ</span> <span class='ocrx_word' id='word_1_245' title='bbox 1196 1840 1238 1879; x_wconf 81' lang='grc' dir='ltr'>δὲ</span> <span class='ocrx_word' id='word_1_246' title='bbox 1274 1838 1346 1889; x_wconf 78' lang='grc' dir='ltr'>τὴν</span> <span class='ocrx_word' id='word_1_247' title='bbox 1376 1838 1472 1879; x_wconf 82' lang='grc' dir='ltr'>ἀπο-</span> 
     </span>
     <span class='ocr_line' id='line_1_30' title="bbox 146 1902 1473 1961; baseline 0.001 -17"><span class='ocrx_word' id='word_1_248' title='bbox 146 1904 289 1956; x_wconf 91' lang='grc' dir='ltr'>λογίαν</span> <span class='ocrx_word' id='word_1_249' title='bbox 314 1904 497 1945; x_wconf 83' lang='grc' dir='ltr'>ἐναντίαν</span> <span class='ocrx_word' id='word_1_250' title='bbox 520 1905 567 1961; x_wconf 76' lang='grc' dir='ltr'>τῇ</span> <span class='ocrx_word' id='word_1_251' title='bbox 596 1907 850 1960; x_wconf 73' lang='grc' dir='ltr'>διαμαρτυρία</span> <span class='ocrx_word' id='word_1_252' title='bbox 876 1905 1124 1956; x_wconf 82' lang='grc' dir='ltr'>ποιήσονται,</span> <span class='ocrx_word' id='word_1_253' title='bbox 1150 1909 1232 1949; x_wconf 85' lang='grc' dir='ltr'>πῶς</span> <span class='ocrx_word' id='word_1_254' title='bbox 1257 1905 1324 1946; x_wconf 85' lang='grc' dir='ltr'>οὐκ</span> <span class='ocrx_word' id='word_1_255' title='bbox 1348 1902 1372 1957; x_wconf 81' lang='grc' dir='ltr'>ἢ</span> <span class='ocrx_word' id='word_1_256' title='bbox 1405 1905 1473 1946; x_wconf 81' lang='grc' dir='ltr'>τὸν</span> 
     </span>
    </p>

    <p class='ocr_par' dir='ltr' id='par_1_8' title="bbox 146 2013 1473 2407">
     <span class='ocr_line' id='line_1_31' title="bbox 195 2013 1473 2057; baseline 0.001 -12"><span class='ocrx_word' id='word_1_257' title='bbox 195 2023 208 2042; x_wconf 94' lang='lat'>1</span> <span class='ocrx_word' id='word_1_258' title='bbox 236 2015 351 2055; x_wconf 81' lang='grc' dir='ltr'>ἔρημον</span> <span class='ocrx_word' id='word_1_259' title='bbox 368 2013 445 2046; x_wconf 75' lang='grc' dir='ltr'>εἶναι</span> <span class='ocrx_word' id='word_1_260' title='bbox 466 2014 530 2044; x_wconf 84' lang='lat' dir='ltr'>SA</span> <span class='ocrx_word' id='word_1_261' title='bbox 548 2025 555 2045; x_wconf 78' lang='grc' dir='ltr'>τ</span> <span class='ocrx_word' id='word_1_262' title='bbox 581 2017 775 2056; x_wconf 82' lang='grc' dir='ltr'>ἐρημωθῆναι</span> <span class='ocrx_word' id='word_1_263' title='bbox 787 2015 813 2046; x_wconf 85' lang='lat' dir='ltr'>F</span> <span class='ocrx_word' id='word_1_264' title='bbox 826 2015 855 2054; x_wconf 82' lang='lat' dir='ltr'>Q</span> <span class='ocrx_word' id='word_1_265' title='bbox 871 2016 899 2046; x_wconf 93' lang='lat' dir='ltr'>D</span> <span class='ocrx_word' id='word_1_266' title='bbox 1034 2026 1053 2046; x_wconf 84' lang='lat'><em>2</em></span> <span class='ocrx_word' id='word_1_267' title='bbox 1079 2017 1191 2057; x_wconf 79' lang='grc' dir='ltr'>ἔρημος</span> <span class='ocrx_word' id='word_1_268' title='bbox 1208 2018 1224 2048; x_wconf 83' lang='grc' dir='ltr'>ὁ</span> <span class='ocrx_word' id='word_1_269' title='bbox 1242 2016 1325 2048; x_wconf 77' lang='grc' dir='ltr'>οἶκος</span> <span class='ocrx_word' id='word_1_270' title='bbox 1342 2015 1406 2055; x_wconf 85' lang='lat' dir='ltr'>FQ</span> <span class='ocrx_word' id='word_1_271' title='bbox 1420 2016 1449 2046; x_wconf 94' lang='lat' dir='ltr'>D</span> <span class='ocrx_word' id='word_1_272' title='bbox 1465 2026 1473 2047; x_wconf 89' lang='lat'>:</span> 
     </span>
     <span class='ocr_line' id='line_1_32' title="bbox 148 2057 1473 2101; baseline 0.002 -13"><span class='ocrx_word' id='word_1_273' title='bbox 148 2057 262 2098; x_wconf 79' lang='grc' dir='ltr'>ἔρημός</span> <span class='ocrx_word' id='word_1_274' title='bbox 290 2059 378 2089; x_wconf 86' lang='grc' dir='ltr'>ἐστιν</span> <span class='ocrx_word' id='word_1_275' title='bbox 403 2060 420 2089; x_wconf 81' lang='grc' dir='ltr'><em>ὃ</em></span> <span class='ocrx_word' id='word_1_276' title='bbox 445 2058 530 2090; x_wconf 80' lang='grc' dir='ltr'>οἶκος</span> <span class='ocrx_word' id='word_1_277' title='bbox 559 2058 608 2089; x_wconf 86' lang='lat' dir='ltr'>S:</span> <span class='ocrx_word' id='word_1_278' title='bbox 633 2060 724 2090; x_wconf 79' lang='grc' dir='ltr'>ἐστὶν</span> <span class='ocrx_word' id='word_1_279' title='bbox 752 2061 769 2091; x_wconf 85' lang='grc' dir='ltr'>ὁ</span> <span class='ocrx_word' id='word_1_280' title='bbox 797 2060 882 2092; x_wconf 79' lang='grc' dir='ltr'>οἶκος</span> <span class='ocrx_word' id='word_1_281' title='bbox 910 2060 1023 2101; x_wconf 82' lang='grc' dir='ltr'>ἔρημος</span> <span class='ocrx_word' id='word_1_282' title='bbox 1046 2060 1078 2090; x_wconf 90' lang='grc' dir='ltr'>Α</span> <span class='ocrx_word' id='word_1_283' title='bbox 1211 2069 1231 2098; x_wconf 87' lang='grc'>3</span> <span class='ocrx_word' id='word_1_284' title='bbox 1256 2059 1346 2092; x_wconf 70' lang='grc' dir='ltr'>οὗτος</span> <span class='ocrx_word' id='word_1_285' title='bbox 1376 2060 1473 2090; x_wconf 78' lang='lat' dir='ltr'>Blass</span> 
     </span>
     <span class='ocr_line' id='line_1_33' title="bbox 148 2100 1472 2144; baseline 0.002 -12"><span class='ocrx_word' id='word_1_286' title='bbox 148 2111 165 2140; x_wconf 95' lang='lat'><strong>7</strong></span> <span class='ocrx_word' id='word_1_287' title='bbox 189 2101 324 2142; x_wconf 75' lang='grc' dir='ltr'>’γεγονός</span> <span class='ocrx_word' id='word_1_288' title='bbox 341 2101 365 2132; x_wconf 89' lang='lat' dir='ltr'>S</span> <span class='ocrx_word' id='word_1_289' title='bbox 377 2100 407 2140; x_wconf 83' lang='lat' dir='ltr'><strong>Q</strong></span> <span class='ocrx_word' id='word_1_290' title='bbox 423 2100 452 2130; x_wconf 92' lang='lat' dir='ltr'>D</span> <span class='ocrx_word' id='word_1_291' title='bbox 468 2113 474 2132; x_wconf 92' lang='lat'>:</span> <span class='ocrx_word' id='word_1_292' title='bbox 499 2103 641 2143; x_wconf 72' lang='grc' dir='ltr'>’γεγονώς</span> <span class='ocrx_word' id='word_1_293' title='bbox 656 2102 688 2132; x_wconf 92' lang='grc' dir='ltr'><strong>Α</strong></span> <span class='ocrx_word' id='word_1_294' title='bbox 702 2102 728 2133; x_wconf 83' lang='lat' dir='ltr'><strong><em>F</em></strong></span> <span class='ocrx_word' id='word_1_295' title='bbox 882 2114 916 2133; x_wconf 87' lang='lat'>11</span> <span class='ocrx_word' id='word_1_296' title='bbox 944 2103 1036 2144; x_wconf 83' lang='grc' dir='ltr'>ὅταν]</span> <span class='ocrx_word' id='word_1_297' title='bbox 1056 2105 1095 2136; x_wconf 75' lang='grc' dir='ltr'>ἂν</span> <span class='ocrx_word' id='word_1_298' title='bbox 1112 2105 1143 2134; x_wconf 92' lang='grc' dir='ltr'><strong>Α</strong></span> <span class='ocrx_word' id='word_1_299' title='bbox 1299 2113 1336 2141; x_wconf 83' lang='lat'>13</span> <span class='ocrx_word' id='word_1_300' title='bbox 1361 2103 1472 2136; x_wconf 81' lang='grc' dir='ltr'>οὐδένα</span> 
     </span>
     <span class='ocr_line' id='line_1_34' title="bbox 147 2144 1469 2189; baseline 0 -12"><span class='ocrx_word' id='word_1_301' title='bbox 147 2149 222 2183; x_wconf 68' lang='lat' dir='ltr'>post</span> <span class='ocrx_word' id='word_1_302' title='bbox 238 2144 390 2187; x_wconf 82' lang='grc' dir='ltr'>Ἀρχιάδῃ</span> <span class='ocrx_word' id='word_1_303' title='bbox 404 2145 499 2184; x_wconf 84' lang='lat' dir='ltr'>ponit</span> <span class='ocrx_word' id='word_1_304' title='bbox 515 2145 547 2175; x_wconf 91' lang='lat' dir='ltr'><strong>A</strong></span> <span class='ocrx_word' id='word_1_305' title='bbox 643 2146 808 2188; x_wconf 71' lang='grc' dir='ltr'>γενέσθαι]</span> <span class='ocrx_word' id='word_1_306' title='bbox 827 2147 904 2180; x_wconf 80' lang='grc' dir='ltr'>εἶναι</span> <span class='ocrx_word' id='word_1_307' title='bbox 921 2147 953 2178; x_wconf 91' lang='grc' dir='ltr'><strong>Α</strong></span> <span class='ocrx_word' id='word_1_308' title='bbox 1054 2147 1340 2189; x_wconf 80' lang='grc' dir='ltr'>διαμεμαρτύρηται</span> <span class='ocrx_word' id='word_1_309' title='bbox 1360 2148 1469 2183; x_wconf 62' lang='lat' dir='ltr'>codd„</span> 
     </span>
     <span class='ocr_line' id='line_1_35' title="bbox 147 2188 1471 2233; baseline 0.002 -14"><span class='ocrx_word' id='word_1_310' title='bbox 147 2188 188 2218; x_wconf 89' lang='lat' dir='ltr'>cf.</span> <span class='ocrx_word' id='word_1_311' title='bbox 209 2188 312 2227; x_wconf 82' lang='lat' dir='ltr'>Lipsii</span> <span class='ocrx_word' id='word_1_312' title='bbox 329 2188 399 2219; x_wconf 73' lang='lat' dir='ltr'>Att.</span> <span class='ocrx_word' id='word_1_313' title='bbox 420 2189 572 2228; x_wconf 82' lang='lat' dir='ltr'>Rechtp.</span> <span class='ocrx_word' id='word_1_314' title='bbox 587 2191 651 2229; x_wconf 82' lang='lat'>842</span> <span class='ocrx_word' id='word_1_315' title='bbox 668 2202 674 2221; x_wconf 93' lang='lat'>:</span> <span class='ocrx_word' id='word_1_316' title='bbox 700 2192 972 2233; x_wconf 83' lang='grc' dir='ltr'>διαμεμαρτύρηκε</span> <span class='ocrx_word' id='word_1_317' title='bbox 987 2191 1086 2222; x_wconf 81' lang='lat' dir='ltr'>Blass</span> <span class='ocrx_word' id='word_1_318' title='bbox 1245 2202 1281 2230; x_wconf 89' lang='lat'>17</span> <span class='ocrx_word' id='word_1_319' title='bbox 1306 2193 1400 2223; x_wconf 79' lang='grc' dir='ltr'>ταῦτ’</span> <span class='ocrx_word' id='word_1_320' title='bbox 1416 2190 1471 2231; x_wconf 74' lang='grc' dir='ltr'>ἂν]</span> 
     </span>
     <span class='ocr_line' id='line_1_36' title="bbox 146 2231 1472 2275; baseline 0.002 -12"><span class='ocrx_word' id='word_1_321' title='bbox 146 2233 250 2264; x_wconf 80' lang='grc' dir='ltr'>’ταῦτα</span> <span class='ocrx_word' id='word_1_322' title='bbox 267 2231 291 2262; x_wconf 87' lang='lat' dir='ltr'>S</span> <span class='ocrx_word' id='word_1_323' title='bbox 442 2234 481 2263; x_wconf 90' lang='lat'>18</span> <span class='ocrx_word' id='word_1_324' title='bbox 505 2233 628 2266; x_wconf 83' lang='grc' dir='ltr'>τούτων</span> <span class='ocrx_word' id='word_1_325' title='bbox 642 2233 674 2264; x_wconf 90' lang='grc' dir='ltr'><strong>Α</strong></span> <span class='ocrx_word' id='word_1_326' title='bbox 822 2245 863 2265; x_wconf 90' lang='grc' dir='ltr'>2ο</span> <span class='ocrx_word' id='word_1_327' title='bbox 888 2238 978 2267; x_wconf 86' lang='grc' dir='ltr'>ἐστιν</span> <span class='ocrx_word' id='word_1_328' title='bbox 994 2241 1070 2275; x_wconf 83' lang='lat' dir='ltr'>post</span> <span class='ocrx_word' id='word_1_329' title='bbox 1089 2236 1208 2267; x_wconf 85' lang='grc' dir='ltr'>δίκαιον</span> <span class='ocrx_word' id='word_1_330' title='bbox 1227 2236 1253 2265; x_wconf 90' lang='lat' dir='ltr'>F</span> <span class='ocrx_word' id='word_1_331' title='bbox 1268 2235 1298 2274; x_wconf 83' lang='lat' dir='ltr'>Q</span> <span class='ocrx_word' id='word_1_332' title='bbox 1314 2247 1320 2266; x_wconf 72' lang='grc' dir='ltr'>ε</span> <span class='ocrx_word' id='word_1_333' title='bbox 1346 2240 1421 2274; x_wconf 82' lang='lat' dir='ltr'><strong>post</strong></span> <span class='ocrx_word' id='word_1_334' title='bbox 1439 2236 1472 2266; x_wconf 85' lang='grc' dir='ltr'>ἐν</span> 
     </span>
     <span class='ocr_line' id='line_1_37' title="bbox 148 2274 1469 2320; baseline 0.002 -15"><span class='ocrx_word' id='word_1_335' title='bbox 148 2274 209 2314; x_wconf 84' lang='lat' dir='ltr'>SQ</span> <span class='ocrx_word' id='word_1_336' title='bbox 220 2286 286 2315; x_wconf 69' lang='lat' dir='ltr'>7p.:</span> <span class='ocrx_word' id='word_1_337' title='bbox 302 2280 378 2315; x_wconf 85' lang='lat' dir='ltr'>post</span> <span class='ocrx_word' id='word_1_338' title='bbox 388 2278 545 2308; x_wconf 82' lang='grc' dir='ltr'>ποιεῖσθαι</span> <span class='ocrx_word' id='word_1_339' title='bbox 558 2277 608 2308; x_wconf 85' lang='lat' dir='ltr'>A:</span> <span class='ocrx_word' id='word_1_340' title='bbox 625 2277 690 2308; x_wconf 83' lang='lat' dir='ltr'>del.</span> <span class='ocrx_word' id='word_1_341' title='bbox 707 2277 804 2309; x_wconf 78' lang='lat' dir='ltr'>BlaSS</span> <span class='ocrx_word' id='word_1_342' title='bbox 852 2281 887 2310; x_wconf 89' lang='grc' dir='ltr'>ἐν</span> <span class='ocrx_word' id='word_1_343' title='bbox 898 2281 1056 2320; x_wconf 82' lang='grc' dir='ltr'>τεκμηρίῳ</span> <span class='ocrx_word' id='word_1_344' title='bbox 1067 2280 1188 2318; x_wconf 76' lang='lat' dir='ltr'>Scripsi</span> <span class='ocrx_word' id='word_1_345' title='bbox 1202 2289 1277 2310; x_wconf 88' lang='lat' dir='ltr'>cum</span> <span class='ocrx_word' id='word_1_346' title='bbox 1292 2278 1392 2317; x_wconf 80' lang='lat' dir='ltr'>SAQ</span> <span class='ocrx_word' id='word_1_347' title='bbox 1405 2291 1469 2319; x_wconf 77' lang='lat' dir='ltr'><strong>7p.‚</strong></span> 
     </span>
     <span class='ocr_line' id='line_1_38' title="bbox 147 2318 1471 2362; baseline 0.004 -14"><span class='ocrx_word' id='word_1_348' title='bbox 147 2318 189 2348; x_wconf 89' lang='lat' dir='ltr'>cf.</span> <span class='ocrx_word' id='word_1_349' title='bbox 202 2319 224 2348; x_wconf 91' lang='lat' dir='ltr'>ii</span> <span class='ocrx_word' id='word_1_350' title='bbox 243 2329 292 2357; x_wconf 88' lang='lat'>14,</span> <span class='ocrx_word' id='word_1_351' title='bbox 307 2318 439 2350; x_wconf 90' lang='lat' dir='ltr'>Andoc.</span> <span class='ocrx_word' id='word_1_352' title='bbox 454 2319 463 2348; x_wconf 86' lang='lat' dir='ltr'>i</span> <span class='ocrx_word' id='word_1_353' title='bbox 477 2330 496 2357; x_wconf 93' lang='lat'>4</span> <span class='ocrx_word' id='word_1_354' title='bbox 512 2330 519 2350; x_wconf 73' lang='grc' dir='ltr'><strong><em>ε</em></strong></span> <span class='ocrx_word' id='word_1_355' title='bbox 545 2322 577 2353; x_wconf 84' lang='grc' dir='ltr'>ἐν</span> <span class='ocrx_word' id='word_1_356' title='bbox 589 2322 760 2362; x_wconf 82' lang='grc' dir='ltr'>τεκμηρίου</span> <span class='ocrx_word' id='word_1_357' title='bbox 771 2321 858 2362; x_wconf 79' lang='grc' dir='ltr'>μέρει</span> <span class='ocrx_word' id='word_1_358' title='bbox 871 2323 960 2361; x_wconf 84' lang='lat' dir='ltr'>vulg.</span> <span class='ocrx_word' id='word_1_359' title='bbox 1054 2333 1092 2352; x_wconf 85' lang='lat'>21</span> <span class='ocrx_word' id='word_1_360' title='bbox 1112 2322 1207 2354; x_wconf 72' lang='grc' dir='ltr'>πωιδ</span> <span class='ocrx_word' id='word_1_361' title='bbox 1297 2332 1404 2360; x_wconf 81' lang='lat'><strong>21-23</strong></span> <span class='ocrx_word' id='word_1_362' title='bbox 1422 2323 1471 2353; x_wconf 80' lang='grc' dir='ltr'>ἐπὶ</span> 
     </span>
     <span class='ocr_line' id='line_1_39' title="bbox 148 2362 1471 2407; baseline 0.005 -15"><span class='ocrx_word' id='word_1_363' title='bbox 148 2385 156 2392; x_wconf 91' lang='grc'><strong>.</strong></span> <span class='ocrx_word' id='word_1_364' title='bbox 175 2385 182 2392; x_wconf 94' lang='grc'><strong>.</strong></span> <span class='ocrx_word' id='word_1_365' title='bbox 203 2385 210 2392; x_wconf 94' lang='grc'><strong>.</strong></span> <span class='ocrx_word' id='word_1_366' title='bbox 233 2363 350 2403; x_wconf 77' lang='grc' dir='ltr'>φήσειν</span> <span class='ocrx_word' id='word_1_367' title='bbox 374 2362 526 2403; x_wconf 74' lang='grc' dir='ltr'>(φάσκειν</span> <span class='ocrx_word' id='word_1_368' title='bbox 548 2364 586 2395; x_wconf 79' lang='lat' dir='ltr'>Fl</span> <span class='ocrx_word' id='word_1_369' title='bbox 601 2365 646 2403; x_wconf 83' lang='lat' dir='ltr'>Q)</span> <span class='ocrx_word' id='word_1_370' title='bbox 666 2388 672 2395; x_wconf 93' lang='lat'>.</span> <span class='ocrx_word' id='word_1_371' title='bbox 693 2387 702 2395; x_wconf 89' lang='lat'><strong>.</strong></span> <span class='ocrx_word' id='word_1_372' title='bbox 723 2389 729 2395; x_wconf 90' lang='lat'>.</span> <span class='ocrx_word' id='word_1_373' title='bbox 749 2369 912 2405; x_wconf 80' lang='grc' dir='ltr'>τολμῆσαι</span> <span class='ocrx_word' id='word_1_374' title='bbox 929 2366 954 2395; x_wconf 87' lang='lat' dir='ltr'>F</span> <span class='ocrx_word' id='word_1_375' title='bbox 971 2366 1024 2404; x_wconf 82' lang='lat' dir='ltr'>Q:</span> <span class='ocrx_word' id='word_1_376' title='bbox 1050 2369 1078 2398; x_wconf 83' lang='grc' dir='ltr'>εἰ</span> <span class='ocrx_word' id='word_1_377' title='bbox 1104 2368 1152 2398; x_wconf 77' lang='grc' dir='ltr'>ἐπὶ</span> <span class='ocrx_word' id='word_1_378' title='bbox 1180 2389 1188 2398; x_wconf 83' lang='grc'><strong>.</strong></span> <span class='ocrx_word' id='word_1_379' title='bbox 1214 2390 1223 2399; x_wconf 90' lang='grc'><strong>.</strong></span> <span class='ocrx_word' id='word_1_380' title='bbox 1248 2390 1256 2398; x_wconf 89' lang='grc'><strong>.</strong></span> <span class='ocrx_word' id='word_1_381' title='bbox 1284 2367 1379 2407; x_wconf 79' lang='grc' dir='ltr'>φήσει</span> <span class='ocrx_word' id='word_1_382' title='bbox 1404 2388 1412 2396; x_wconf 88' lang='grc'><strong>.</strong></span> <span class='ocrx_word' id='word_1_383' title='bbox 1433 2388 1442 2397; x_wconf 90' lang='grc'><strong>.</strong></span> <span class='ocrx_word' id='word_1_384' title='bbox 1461 2389 1471 2398; x_wconf 86' lang='grc'><em>.</em></span> 
     </span>
    </p>
   </div>
   <div class='ocr_carea' id='block_1_8' title="bbox 145 2405 1473 2489">
    <p class='ocr_par' dir='ltr' id='par_1_9' title="bbox 145 2405 1473 2489">
     <span class='ocr_line' id='line_1_40' title="bbox 145 2405 1473 2489; baseline 0.003 -52"><span class='ocrx_word' id='word_1_385' title='bbox 145 2405 304 2489; x_wconf 50' lang='grc' dir='ltr'>ἦοὲμρήσει</span> <span class='ocrx_word' id='word_1_386' title='bbox 322 2406 391 2479; x_wconf 44' lang='lat' dir='ltr'>§gx</span> <span class='ocrx_word' id='word_1_387' title='bbox 570 2419 611 2447; x_wconf 84' lang='lat'>25</span> <span class='ocrx_word' id='word_1_388' title='bbox 636 2412 768 2446; x_wconf 79' lang='grc' dir='ltr'>ποιητοῦ</span> <span class='ocrx_word' id='word_1_389' title='bbox 788 2409 818 2437; x_wconf 87' lang='grc' dir='ltr'>Α</span> <span class='ocrx_word' id='word_1_390' title='bbox 996 2411 1036 2438; x_wconf 81' lang='lat'>26</span> <span class='ocrx_word' id='word_1_391' title='bbox 1061 2412 1116 2440; x_wconf 82' lang='grc' dir='ltr'>οὐκ</span> <span class='ocrx_word' id='word_1_392' title='bbox 1141 2412 1160 2448; x_wconf 75' lang='grc' dir='ltr'>ἢ</span> <span class='ocrx_word' id='word_1_393' title='bbox 1177 2409 1201 2440; x_wconf 88' lang='lat' dir='ltr'>S</span> <span class='ocrx_word' id='word_1_394' title='bbox 1220 2422 1226 2440; x_wconf 89' lang='lat'>:</span> <span class='ocrx_word' id='word_1_395' title='bbox 1251 2412 1323 2450; x_wconf 76' lang='grc' dir='ltr'>οὐχὶ</span> <span class='ocrx_word' id='word_1_396' title='bbox 1339 2410 1392 2440; x_wconf 79' lang='lat' dir='ltr'>A:</span> <span class='ocrx_word' id='word_1_397' title='bbox 1418 2409 1473 2441; x_wconf 71' lang='grc' dir='ltr'>οὖν</span> 
     </span>
     <span class='ocr_line' id='line_1_41' title="bbox 270 2461 334 2481; baseline 0 -1"><span class='ocrx_word' id='word_1_398' title='bbox 270 2461 277 2480; x_wconf 88' lang='lat'><strong>:</strong></span> <span class='ocrx_word' id='word_1_399' title='bbox 301 2463 334 2481; x_wconf 88' lang='grc' dir='ltr'>ου</span> 
     </span>
    </p>
   </div>
  </div>
 </body>
</html>
