1763 2778
103 116 240 172 [1367]
671 109 1187 166 [ΔΙΙΜΟΣΘΕΝΟὙΣ]
1514 111 1590 166 [ux

264 215 326 255 καὶ
362 214 433 265 τὴν
470 215 663 267 ἐργασίαν
696 215 842 265 ταύτην
877 214 988 261 εἶναι,
1035 213 1098 255 καὶ
1139 215 1218 255 ἀπὸ
1258 214 1408 254 τούτων
1447 212 1588 256 αὐτοὺς

99 261 242 362 [Ῑῧδὲῗ
263 282 443 334 εὐπορεῖν
475 282 668 333 μάλιστα.
737 282 897 323 τούτους
929 284 972 322 δὲ
1003 281 1093 323 τοὺς
1125 282 1270 333 λόγους
1302 279 1490 333 λέγοντος
1517 283 1586 321 τοῦ

261 348 495 390 Ἐπαινέτου
526 349 587 389 καὶ
616 349 688 399 τὴν
721 349 880 402 γραφὴν
913 348 1198 401 γεγραμμένου,
1231 347 1347 400 γνοὺς
1378 347 1586 400 Στέφανος

261 417 398 457 οὑτοσὶ
432 417 491 456 ὅτι
522 415 858 470 ἐξελεγχθήσεται
890 419 1180 467 πορνοβοσκῶν
1214 414 1277 455 καὶ
1309 418 1582 467 συκοφαντῶν,

261 483 413 523 δίαιταν
445 482 645 536 ἐπιτρέπει
675 482 773 535 πρὸς
805 482 875 523 τὸν
905 482 1139 523 Ἐπαίνετον
1172 482 1303 524 αὐτοῖς
1330 485 1411 524 τοῖς
1444 483 1585 533 ἐγγυη-
1605 493 1623 524 5

260 554 357 597 ταῖς,
384 550 488 591 ὥστε
512 552 582 600 τῆς
605 552 676 601 μὲν
701 550 845 602 ἐγγύης
869 549 1007 592 αὐτοὺς
1031 550 1236 602 ἀφεῖσθαι,
1263 548 1334 599 τὴν
1360 550 1401 588 δὲ
1426 548 1585 601 γραφὴν

195 622 241 665 69
261 617 474 658 ἀνελέσθαι
506 616 575 658 τὸν
609 616 856 658 Ἐπαίνετον.
927 616 1159 658 πεισθέντος
1190 618 1233 656 δὲ
1260 619 1328 655 τοῦ
1353 615 1585 656 Ἐπαινέτου

261 685 326 724 ἐπὶ
349 685 502 726 τούτοις
522 684 584 724 καὶ
601 684 843 735 ἀνελομένου
862 683 933 734 τὴν
953 683 1113 736 γραφὴν
1131 682 1180 733 ἣν
1199 683 1334 723 ἐδίωκε
1361 681 1582 735 Στέφανον,

261 751 474 804 γενομένης
506 752 675 792 συνόδου
705 751 837 793 αὐτοῖς
871 751 933 791 καὶ
965 750 1232 801 καθεζομένων
1269 753 1475 800 διαιτητῶν
1507 753 1584 789 τῶν

260 819 474 871 ἐγγυητῶν,
515 820 665 859 δίκαιον
705 821 776 870 μὲν
818 818 931 858 οὐδὲν
972 817 1056 871 εἶχε
1096 817 1231 869 λέγειν
1273 816 1490 869 Στέφανος,
1530 817 1584 858 εἷς
1607 829 1644 851 10

261 886 419 926 ἔκδοσιν
455 886 488 926 δ’
523 885 634 936 ἠξίου
670 885 739 926 τὸν
771 885 1005 926 Ἐπαίνετον
1041 885 1086 941 τῇ
1119 887 1188 935 τῆς
1218 885 1389 936 Νεαίρας
1424 883 1584 936 θυγατρὶ

261 952 557 1004 συμβαλέσθαι,
605 952 738 1006 λέγων
783 952 856 1003 τὴν
907 953 1073 1004 ἀπορίαν
1121 951 1191 1001 τὴν
1239 952 1356 991 αὑτοῦ
1403 950 1467 991 καὶ
1511 950 1584 1001 τὴν

258 1021 424 1073 ἀτυχίαν
465 1020 538 1071 τὴν
572 1020 765 1072 πρότερον
804 1019 1022 1072 γενομένην
1061 1019 1108 1076 τῇ
1147 1019 1338 1073 ἀνθρώπῳ
1380 1017 1478 1070 πρὸς
1512 1017 1584 1059 τὸν

259 1086 485 1140 Φράστορα,
512 1089 574 1128 καὶ
603 1088 664 1128 ὅτι
694 1088 960 1129 ἀπολωλεκὼς
993 1088 1051 1137 εἵη
1081 1086 1151 1136 τὴν
1177 1089 1330 1138 προῖκα,
1353 1085 1415 1125 καὶ
1441 1084 1510 1125 οὐκ
1535 1084 1585 1126 ἂν

192 1164 239 1199 70
259 1153 415 1195 δύναιτο
451 1154 574 1195 πάλιν
606 1154 727 1204 αὐτὴν
759 1156 950 1194 ἐκδοῦναι·
991 1154 1061 1193 ίσύ
1093 1155 1136 1195 δὲ
1169 1153 1231 1193 καὶ
1255 1152 1450 1206 κέχρησαι
1469 1151 1479 1166 ’
1503 1152 1584 1205 ἔφη
1608 1175 1645 1208 ¹5

260 1223 333 1279 ’τῇ
369 1222 573 1276 ἀνθρώπῳ,
613 1223 674 1262 καὶ
712 1222 858 1263 δίκαιος
896 1221 933 1262 εἶ
965 1221 1117 1274 ἀγαθόν
1150 1237 1188 1260 τι
1223 1222 1386 1270 ποιῆσαι
1422 1218 1582 1270 αὐτήν’,

259 1290 322 1329 καὶ
363 1288 510 1331 ἄλλους
551 1288 780 1342 ἐπαγωγοὺς
821 1288 979 1340 λόγους,
1022 1288 1091 1330 οὓς
1130 1286 1178 1328 ἂν
1219 1304 1278 1329 τις
1319 1287 1501 1338 δεόμενος
1540 1287 1585 1326 ἐκ

258 1359 441 1407 πονηρῶν
472 1355 715 1409 πραγμάτων
748 1357 852 1396 εἴποι
883 1355 943 1396 ἄν.
1014 1355 1253 1396 ἀκούσαντες
1286 1353 1318 1394 δ’
1349 1352 1584 1406 ἀμφοτέρων

258 1422 384 1464 αὐτῶν
418 1424 455 1464 οἱ
478 1423 670 1474 διαιτηταὶ
694 1422 1004 1463 διαλλάττουσιν
1028 1422 1180 1468 αὐτούς,
1209 1422 1272 1462 καὶ
1302 1422 1486 1462 πείθουσι
1515 1424 1584 1461 τὸν

258 1489 495 1531 Ἐπαίνετον
525 1491 662 1544 χιλίας
693 1491 871 1544 δραχμὰς
904 1491 1145 1542 εἰσενεγκεῖν
1178 1490 1233 1530 εἷς
1255 1487 1328 1538 τὴν
1354 1489 1513 1528 ἔκδοσιν
1536 1487 1584 1544 τῇ
1606 1505 1647 1529 20

258 1557 419 1610 θυγατρὶ
448 1557 495 1614 τῇ
524 1558 711 1610 Νεαίρας.
783 1558 845 1597 καὶ
882 1558 944 1598 ὅτι
978 1556 1106 1598 πάντα
1140 1559 1262 1596 ταῦτα
1298 1556 1425 1606 ἀληθῆ
1462 1553 1583 1607 λέγω,

256 1625 405 1665 τούτων
437 1626 530 1676 ὑμῖν
558 1624 755 1678 μάρτυρας
788 1624 928 1666 αὐτοὺς
960 1624 1052 1666 τοὺς
1081 1625 1273 1676 ἐγγυητὰς
1300 1622 1361 1662 καὶ
1387 1623 1585 1672 διαιτητὰς

258 1691 492 1744 γενομένους
518 1696 637 1733 καλῶ.

799 1798 1016 1828 ΜΑΡΤὟῬΕΣ.

192 1871 234 1905 71
312 1858 553 1906 Ναυσίφιλος
574 1857 812 1906 Κεφαλῆθεν,
835 1856 1110 1906 Ἀριστόμαχος
1131 1854 1361 1904 Κεφαλῆθεν
1379 1856 1585 1904 μαρτυροῦ-
1607 1870 1646 1902 25

257 1930 319 1951 σιν
338 1913 515 1965 ἐγγυηταὶ
533 1912 708 1964 γενέσθαι
727 1911 944 1949 Ἐπαινέτου
957 1912 1023 1949 τοῦ
1037 1909 1216 1959 Ἀνδρίου,
1235 1910 1289 1947 ὅτ’
1306 1910 1379 1958 ἔφη
1396 1910 1587 1957 Στέφανος

256 1968 389 2018 μοιχὸν
405 1968 598 2016 εἰληφέναι
615 1967 842 2005 Ἐπαίνετον·
872 1966 930 2003 καὶ
947 1965 1070 2013 ἐπειδὴ
1087 1964 1242 2013 ἐξῆλθεν
1254 1963 1467 2003 Ἐπαίνετος
1486 1964 1587 2012 παρὰ

94 2019 237 2074 [1369]
258 2022 451 2071 Στεφάνου
471 2022 531 2059 καὶ
551 2023 671 2070 κύριος
691 2022 834 2072 ἐγένετο
855 2022 975 2064 αὑτοῦ,
993 2019 1213 2070 ’γράψασθαι
1227 2018 1379 2070 γραφὴν
1395 2019 1587 2065 Στέφανον

257 2076 348 2126 πρὸς
373 2076 458 2116 τοὺς
484 2076 721 2125 θεσμοθέτας,
751 2075 807 2113 ὅτι
835 2075 944 2113 αὐτὸν
971 2074 1101 2114 ἀδίκως
1124 2073 1250 2123 εἷρξεν·
1281 2073 1341 2110 καὶ
1361 2073 1463 2110 αὐτοὶ
1484 2072 1586 2110 διαλ-

257 2131 393 2169 λακταὶ
420 2131 611 2182 γενόμενοι
640 2129 838 2174 διαλλάξαι
864 2129 1080 2166 Ἐπαίνετον
1110 2128 1169 2165 καὶ
1202 2128 1406 2178 Στέφανον·
1449 2127 1514 2167 τὰς
1547 2125 1586 2164 δὲ
1605 2141 1647 2173 30

258 2185 464 2237 διαλλαγὰς
484 2185 573 2223 εἶναι
593 2185 635 2225 ἃς
654 2185 854 2236 παρέχεται
871 2181 1168 2232 Ἀπολλόδωρος.

304 2299 318 2320 1
343 2289 403 2327 τὴν
419 2293 497 2318 ante
516 2288 670 2329 ἐργασίαν
685 2287 749 2319 del.
765 2287 900 2317 Dobree
1035 2287 1056 2316 6
1080 2286 1192 2318 αὐτοὺς
1204 2283 1351 2315 Reiske:
1378 2284 1474 2315 αὐτὸν
1484 2283 1581 2315 codd.

261 2342 298 2371 15
322 2333 372 2364 καὶ
389 2342 454 2362 orn.
475 2331 523 2370 Sl,
546 2336 636 2362 recte
653 2331 728 2362 sort.
827 2332 866 2360 16
885 2329 998 2369 αὐτήν]
1018 2331 1119 2367 αὐτὴν
1135 2329 1303 2368 δυνάμενος
1320 2328 1350 2358 D
1443 2328 1480 2357 18
1504 2329 1583 2358 εἴποι

257 2376 366 2406 codex
383 2375 487 2406 Coisl.
505 2385 570 2414 339
585 2384 592 2404 ε
618 2377 734 2406 εἴποιεν
750 2385 766 2404 r
779 2374 826 2404 D:
852 2374 938 2405 εἶπεν
955 2373 978 2402 F
995 2372 1025 2411 Q
1041 2384 1047 2403 :
1071 2375 1186 2404 εἴπειεν
1204 2372 1228 2402 S
1309 2381 1344 2400 21
1372 2373 1414 2412 τῇ
1427 2370 1581 2400 Bekker:

256 2422 314 2457 τῆς
337 2419 432 2450 codd.
458 2420 538 2459 (om.
556 2418 586 2459 r)
720 2419 763 2448 26
787 2418 927 2458 ἀνδρείου
944 2416 968 2447 S
981 2416 1006 2447 F
1138 2416 1180 2445 28
1203 2414 1367 2456 Στέφανον
1381 2416 1509 2455 ’γραφὴν
1523 2424 1541 2444 r
