1763 2778
84 114 218 171 [1133]

181 664 223 702 15

186 1263 227 1297 16

96 1587 227 1643 [1134]

187 1669 229 1706 17

632 113 1153 171 [ΔΗΜΟΣΘΕΝΟΎΣ]
1463 115 1565 170 [κινι

824 243 980 272 ΝΟΜΟΣ.

287 318 403 357 Ὅσοι
422 318 474 368 μὴ
496 318 722 366 ἐπεποίηντο,
745 318 843 356 ὥστε
860 318 953 367 μήτε
973 319 1140 356 ἀπειπεῖν
1164 316 1249 367 μήτ’
1268 317 1566 362 ἐπιδικάσασθαι,

241 374 301 412 ὅτε
322 374 452 414 Σόλων
471 371 586 423 εἰσῄει
606 372 674 421 τὴν
694 373 822 424 ἀρχήν,
843 373 888 410 τὰ
915 375 1045 410 ἑαυτοῦ
1071 372 1265 411 διαθέσθαι
1291 371 1383 410 εἶναι
1409 373 1505 412 ὅπως
1525 372 1569 410 ἂν

242 426 404 478 ἐθέλῃ,
386 445 430 466 αν
448 427 501 477 μὴ
520 426 692 467 παῖδες’
670 444 741 465 ωσι
765 427 914 479 γνήσιοι
938 427 1092 476 ἄρρενες,
1116 426 1160 464 ἂν
1179 427 1230 476 μὴ
1250 429 1388 476 μανιῶν
1407 426 1430 476 ἢ
1449 427 1569 478 γήρως

241 483 498 532 ηφαρμάκων
526 480 550 531 ἢ
578 480 692 520 νόσου
722 482 835 529 ἕνεκα,
861 480 884 531 ἢ
912 482 1056 533 γυναικὶ
1084 481 1307 531 πειθόμενος,
1334 482 1405 519 ἱπὸ
1433 483 1570 519 τούτων

241 554 306 576 του
325 539 528 586 παρανοῶν,
549 535 573 586 ἢ
592 536 650 575 υπ’
673 537 833 588 ἀνάγκης
852 535 875 586 ἦ
895 537 965 574 υ-τὸ
986 536 1126 586 δεσμοῦ
1146 535 1408 585 καταληφθεις

308 650 389 688 Τοῦ
411 649 484 698 μὲν
507 646 629 698 νόμου
653 647 784 687 τοίνυν
809 646 1014 697 ἀκηκόατε,
1042 645 1084 690 ὃς
1115 646 1182 687 οὐκ
1209 648 1252 702 ἐᾷ
1275 646 1461 697 διαθήκας
1485 650 1567 688 δια-

243 714 399 764 θέσθαι,
443 715 513 755 ἐᾶν
551 717 688 756 παῖδες
729 712 805 754 ῶσι
846 713 1016 766 γνήσιοι.
1088 714 1193 755 οὗτοι
1232 714 1274 755 δέ
1311 720 1414 767 φασι
1450 717 1571 755 ταῦτα

245 781 449 823 διαθέσθαι
474 780 544 822 τὸν
569 780 730 832 πατέρα,
758 781 810 824 ὡς
844 783 886 822 δὲ
913 780 1176 834 παρεγένοντο
1202 781 1269 821 οὐκ
1295 782 1461 834 ἔχουσιν
1486 783 1568 822 ἐπι-

245 848 380 900 δεῖξαι.
454 847 565 899 ἄξιον
589 850 631 888 δὲ
666 849 727 889 καὶ
752 849 843 889 τόδε
868 850 1145 900 ἐνθυμηθῆναι,
1180 849 1240 889 ὅτι
1272 850 1362 890 ὅσοι
1389 848 1442 900 μὴ
1481 850 1569 890 ἐπε-

245 918 409 967 ποίηντο
448 914 540 956 ἀλλ’
584 913 689 966 ἦσαν
730 916 950 968 πεφυκότες
989 915 1162 968 γνήσιοι,
1205 916 1356 959 τούτοις
1399 916 1418 955 ὁ
1455 916 1572 967 νόμος

245 985 419 1031 δίδωσιν,
448 984 518 1024 ἐὰν
532 982 696 1025 ἄπαιδες
720 981 831 1029 ῶσιν,
850 982 1058 1024 διαθέσθαι
1082 982 1130 1023 τὰ
1163 986 1323 1024 ἑαυτῶν.
1395 984 1415 1023 ὁ
1439 984 1572 1024 τοίνυν

246 1051 373 1102 πατὴρ
405 1051 515 1101 ἡμῶν
541 1052 751 1101 ἐπεποίητο
781 1049 856 1090 ὑπὸ
893 1054 962 1091 τοῦ
990 1049 1113 1101 δήμου
1142 1052 1318 1101 πολίτης,
1346 1051 1452 1091 ὥστε
1482 1050 1571 1091 οὐδὲ

247 1117 344 1158 κατὰ
368 1121 484 1157 τοῦτο
505 1117 597 1168 ἐξῆν
620 1117 722 1172 αὐτῷ
743 1116 947 1159 διαθέσθαι
966 1117 1165 1168 διαθήκην,
1184 1117 1319 1160 ἄλλως
1342 1135 1384 1158 τε
1404 1118 1466 1158 καὶ
1484 1117 1572 1169 περὶ

246 1188 316 1236 τῆς
346 1185 541 1238 γυναικός,
567 1184 612 1236 ἧς
643 1185 732 1226 οὐδὲ
766 1185 895 1237 κύριος
923 1186 964 1225 ἐκ
992 1189 1072 1226 τῶν
1101 1185 1232 1235 νόμων
1264 1184 1324 1235 ἦν,
1358 1184 1494 1226 παῖδές
1530 1201 1573 1225 τε

247 1252 351 1304 ἦσαν
380 1252 496 1307 αὐτῷ.
568 1251 782 1304 σκέψασθε
809 1254 851 1292 δὲ
883 1252 945 1292 καὶ
974 1252 1073 1292 διότι
1102 1251 1181 1292 οὐδ’
1215 1251 1264 1292 ἂν
1291 1251 1409 1294 ἄπαις
1440 1268 1500 1294 τις
1534 1249 1570 1308 ᾗ,

248 1320 378 1371 κύριός
405 1320 492 1360 ἐστι
515 1320 564 1359 τὰ
589 1319 707 1358 αὑτοῦ
723 1318 941 1365 διαθέσθαι,
963 1321 1030 1359 ἐὰν
1052 1318 1105 1370 μὴ
1131 1319 1172 1360 εὖ
1199 1324 1340 1376 φρονῇ·
1380 1321 1575 1360 νοσοῦντα

247 1389 291 1428 δὲ
313 1383 337 1437 ἢ
361 1389 632 1439 φαρμακῶντα
654 1383 677 1436 ἢ
704 1386 858 1439 γυναικὶ
881 1387 1118 1438 πειθόμενον
1140 1383 1164 1437 ἢ
1189 1385 1266 1427 ὑπὸ
1288 1385 1419 1440 γήρως
1449 1382 1474 1437 ἢ
1497 1386 1574 1426 ὑπὸ

246 1457 395 1506 μανιῶν
441 1450 465 1504 ἢ
511 1453 588 1494 ὑπὸ
627 1452 801 1506 ἀνάγκης
836 1453 943 1495 τινὸς
980 1452 1289 1507 καταληφθέντα
1326 1454 1471 1505 ἄκυρον
1513 1470 1572 1494 κε-

247 1521 437 1562 λεύουσιν
460 1520 563 1562 εἶναι
586 1522 622 1561 οἱ
647 1521 773 1572 νόμοι.
844 1523 1031 1561 σκοπεῖτε
1055 1519 1115 1571 δή,
1144 1522 1178 1562 εἰ
1202 1523 1386 1561 δοκοῦσιν
1411 1522 1502 1571 ὑμῖν
1534 1519 1575 1561 εὖ

248 1592 492 1641 φρονοῦντος
528 1588 669 1640 ἀνδρὸς
705 1587 806 1629 εἶναι
840 1590 880 1629 αἱ
916 1590 1109 1638 διαθῆκαι,
1148 1587 1195 1631 ἅς
1229 1593 1334 1641 φασι
1370 1586 1578 1628 διαθέσθαι

249 1656 359 1696 οὗτοι
389 1655 458 1695 τὸν
486 1655 647 1707 πατέρα.
717 1654 770 1706 μὴ
800 1654 898 1707 πρὸς
931 1655 1035 1695 ἄλλο
1062 1654 1106 1696 δέ
1130 1672 1167 1695 τι
1200 1654 1450 1707 παράδειγμα
1483 1653 1574 1695 σκέ-

248 1724 386 1775 ψησθε
410 1718 434 1772 ἢ
460 1721 558 1773 πρὸς
580 1722 652 1773 τὴν
678 1723 893 1773 μίσθωσιν,
921 1723 954 1762 εἷ
980 1725 1088 1763 δοκεῖ
1107 1723 1198 1773 ὑμῖν
1226 1723 1446 1763 ἀκόλουθον
1478 1721 1577 1762 εἶναι

250 1794 302 1845 τῷ
327 1788 399 1840 τὴν
422 1788 568 1843 τέχνην
598 1788 652 1840 μὴ
683 1788 872 1840 ἐξουσίαν
897 1792 1031 1829 δοῦναι
1068 1791 1102 1829 εἰ
1125 1789 1178 1840 μὴ
1204 1790 1247 1829 ἐν
1278 1793 1333 1844 τῷ
1357 1788 1460 1844 αὐτῷ
1483 1788 1578 1840 ἡμῖν

252 1855 501 1909 ἐργάζεσθαι,
535 1856 660 1910 τούτῳ
692 1855 766 1906 τὴν
799 1860 966 1908 γυναῖκα
991 1858 1126 1897 δοῦναι
1153 1855 1226 1906 τὴν
1252 1857 1371 1895 αὑτοῦ
1400 1856 1465 1896 καὶ
1498 1859 1578 1895 τῶν

252 1924 401 1964 παίδων
427 1925 544 1964 ἐᾶσαι
570 1925 756 1964 κοινωνὸν
780 1924 882 1978 αὑτῷ
907 1921 1109 1975 γενέσθαι.
1182 1923 1244 1963 καὶ
1267 1921 1321 1974 μὴ
1347 1921 1576 1974 θαυμάζετε,

253 1992 286 2031 εἶ
319 1988 449 2030 τᾶλλα
483 1989 824 2042 σκευωρουμένους
857 1989 996 2033 αὐτοὺς
1020 1991 1068 2030 τὰ
1093 1991 1135 2030 ἐν
1167 1995 1214 2047 τῇ
1241 1989 1440 2041 μισθώσει
1464 1993 1579 2030 τοῦτο

254 2057 490 2109 παρέλαθεν.
561 2059 658 2100 ἴσως
693 2060 765 2109 μὲν
801 2058 877 2110 γὰρ
902 2057 992 2099 οὐδὲ
1013 2061 1235 2111 προσεῖχον
1262 2057 1375 2112 ἄλλῳ
1399 2056 1527 2097 οὐδενὶ
1555 2051 1579 2106 ἢ

297 2178 316 2206 4
340 2170 447 2216 γηρῶν
463 2166 583 2197 Kaibel
673 2176 692 2206 5
717 2166 826 2199 ἕνεκεν
837 2167 935 2198 codd.
1024 2167 1046 2197 6
1068 2180 1126 2198 του
1138 2170 1304 2207 παρανοῶν
1316 2165 1520 2205 wesseling,
1537 2165 1579 2196 cf.

256 2211 338 2242 Isae.
359 2211 450 2251 vi9.
474 2223 531 2242 του
549 2210 738 2251 παρανόμων
761 2211 860 2244 codd.
961 2221 983 2250 9
1007 2213 1046 2243 ὡς
1063 2209 1097 2243 δὲ
1114 2210 1328 2252 παρεγένοντο
1345 2210 1465 2241 VVols.
1457 2221 1464 2227 ·
1489 2212 1529 2242 ὡς
1545 2208 1581 2241 δὲ

255 2287 449 2329 παρεγένετο
461 2289 583 2319 codd··
576 2312 583 2320 .
605 2289 640 2321 ὃς
657 2287 692 2320 δὲ
707 2288 902 2330 παρεγένετο
920 2287 1050 2327 Seager
1116 2302 1179 2330 ουχ
1166 2264 1322 2320 ἐεἶὊυσιν
1334 2285 1359 2318 S
1378 2287 1454 2320 «litt.
1474 2299 1493 2318 κ
1505 2290 1539 2316 et
1556 2299 1582 2327 χ

254 2344 274 2364 a
289 2341 338 2372 pr.
359 2332 420 2370 m.)
489 2333 644 2373 ὑποδεῖξαι
661 2331 699 2363 S¹
803 2342 841 2362 12
866 2333 922 2364 ἐὰν
934 2357 941 2364 .
961 2355 968 2362 .
983 2356 990 2363 .
1003 2332 1082 2364 ὦσιν
1097 2342 1164 2363 om.
1182 2331 1207 2363 S
1307 2341 1350 2362 20
1373 2332 1411 2368 δὴ
1429 2330 1452 2360 S
1469 2340 1553 2361 corr.

256 2375 291 2408 δὲ
308 2374 347 2407 S1
363 2375 452 2416 vulg.
561 2386 599 2406 21
626 2376 657 2407 αἱ
672 2379 815 2414 διαθῆκαι
832 2375 857 2407 S
868 2375 899 2415 Q
916 2389 967 2416 γρ.
986 2387 993 2407 :
1017 2375 1167 2414 διαθήκας
1183 2375 1207 2405 F
1220 2374 1250 2413 Q
1264 2375 1293 2405 D
1404 2384 1446 2404 22
1468 2387 1501 2405 τι
1516 2383 1581 2404 om.

257 2419 282 2451 F
295 2419 325 2459 Q
341 2419 372 2450 D
504 2429 545 2459 24
570 2421 675 2452 δοῦναι
692 2422 720 2452 εἱ
734 2421 778 2460 μὴ
795 2419 891 2451 Blass
907 2419 982 2451 coll.
1003 2421 1058 2450 xlv
1072 2429 1127 2459 31,
1144 2429 1185 2459 34
1201 2430 1208 2449 :
1237 2418 1324 2451 δόντι
1340 2418 1436 2449 codd.

1589 499 1606 530 5

1594 865 1632 887 10

1595 1204 1633 1237 15

1597 1538 1637 1562 20

1600 1873 1637 1904 ²5
