<?xml version="1.0" encoding="UTF-8"?>
<!DOCTYPE html PUBLIC "-//W3C//DTD XHTML 1.0 Transitional//EN"
    "http://www.w3.org/TR/xhtml1/DTD/xhtml1-transitional.dtd">
<html xmlns="http://www.w3.org/1999/xhtml" xml:lang="en" lang="en">
 <head>
  <title>
</title>
<meta http-equiv="Content-Type" content="text/html;charset=utf-8" />
  <meta name='ocr-system' content='tesseract 3.04.00' />
  <meta name='ocr-capabilities' content='ocr_page ocr_carea ocr_par ocr_line ocrx_word'/>
</head>
<body>
  <div class='ocr_page' id='page_1' title='image "./orationesrecog03demouoft_0403.png"; bbox 0 0 1763 2778; ppageno 0'>
   <div class='ocr_carea' id='block_1_1' title="bbox 65 831 105 854">
    <p class='ocr_par' dir='ltr' id='par_1_1' title="bbox 65 831 105 854">
     <span class='ocr_line' id='line_1_1' title="bbox 65 831 105 854; baseline 0.025 -1"><span class='ocrx_word' id='word_1_1' title='bbox 65 831 105 854; x_wconf 93' lang='lat'>10</span> 
     </span>
    </p>
   </div>
   <div class='ocr_carea' id='block_1_2' title="bbox 71 1318 107 1351">
    <p class='ocr_par' dir='ltr' id='par_1_2' title="bbox 71 1318 107 1351">
     <span class='ocr_line' id='line_1_2' title="bbox 71 1318 107 1351; baseline 0 0"><span class='ocrx_word' id='word_1_2' title='bbox 71 1318 107 1351; x_wconf 88' lang='lat'>15</span> 
     </span>
    </p>
   </div>
   <div class='ocr_carea' id='block_1_3' title="bbox 71 1652 110 1673">
    <p class='ocr_par' dir='ltr' id='par_1_3' title="bbox 71 1652 110 1673">
     <span class='ocr_line' id='line_1_3' title="bbox 71 1652 110 1673; baseline 0 0"><span class='ocrx_word' id='word_1_3' title='bbox 71 1652 110 1673; x_wconf 83' lang='lat'>20</span> 
     </span>
    </p>
   </div>
   <div class='ocr_carea' id='block_1_4' title="bbox 412 112 1617 165">
    <p class='ocr_par' dir='ltr' id='par_1_4' title="bbox 412 112 1617 165">
     <span class='ocr_line' id='line_1_4' title="bbox 412 112 1617 165; baseline -0.006 -9"><span class='ocrx_word' id='word_1_4' title='bbox 412 119 654 156; x_wconf 81' lang='lat' dir='ltr'>HPOOIM</span> <span class='ocrx_word' id='word_1_5' title='bbox 668 117 740 154; x_wconf 86' lang='grc' dir='ltr'>ΙΑ.</span> <span class='ocrx_word' id='word_1_6' title='bbox 811 119 1130 157; x_wconf 86' lang='lat' dir='ltr'><strong>XXVIII—XXX</strong></span> <span class='ocrx_word' id='word_1_7' title='bbox 1477 112 1617 165; x_wconf 89' lang='lat'><strong>[1439]</strong></span> 
     </span>
    </p>
   </div>
   <div class='ocr_carea' id='block_1_5' title="bbox 123 214 1495 1074">
    <p class='ocr_par' dir='ltr' id='par_1_5' title="bbox 123 214 1495 1074">
     <span class='ocr_line' id='line_1_5' title="bbox 123 214 1450 269; baseline -0.002 -13"><span class='ocrx_word' id='word_1_8' title='bbox 123 215 299 268; x_wconf 87' lang='grc' dir='ltr'>μήσειεν,</span> <span class='ocrx_word' id='word_1_9' title='bbox 321 216 458 269; x_wconf 79' lang='grc' dir='ltr'>ἄνδρες</span> <span class='ocrx_word' id='word_1_10' title='bbox 482 216 699 267; x_wconf 89' lang='grc' dir='ltr'>Ἀθηναῖοι,</span> <span class='ocrx_word' id='word_1_11' title='bbox 721 215 782 256; x_wconf 85' lang='grc' dir='ltr'>ὅτι</span> <span class='ocrx_word' id='word_1_12' title='bbox 808 215 957 256; x_wconf 84' lang='grc' dir='ltr'>ὁπόταν</span> <span class='ocrx_word' id='word_1_13' title='bbox 981 216 1074 268; x_wconf 88' lang='grc' dir='ltr'>περί</span> <span class='ocrx_word' id='word_1_14' title='bbox 1094 231 1163 255; x_wconf 89' lang='grc' dir='ltr'>του</span> <span class='ocrx_word' id='word_1_15' title='bbox 1185 214 1450 266; x_wconf 81' lang='grc' dir='ltr'>βουλεύησθε,</span> 
     </span>
     <span class='ocr_line' id='line_1_6' title="bbox 125 280 1452 336; baseline -0.002 -13"><span class='ocrx_word' id='word_1_16' title='bbox 125 284 193 324; x_wconf 84' lang='grc' dir='ltr'>οὐκ</span> <span class='ocrx_word' id='word_1_17' title='bbox 227 285 318 326; x_wconf 78' lang='grc' dir='ltr'>ἐᾶτε</span> <span class='ocrx_word' id='word_1_18' title='bbox 350 283 487 336; x_wconf 88' lang='grc' dir='ltr'>λέγειν</span> <span class='ocrx_word' id='word_1_19' title='bbox 518 283 688 324; x_wconf 84' lang='grc' dir='ltr'>ἕκαστον</span> <span class='ocrx_word' id='word_1_20' title='bbox 720 283 745 324; x_wconf 79' lang='grc' dir='ltr'><strong><em>ἃ</em></strong></span> <span class='ocrx_word' id='word_1_21' title='bbox 780 283 1009 335; x_wconf 80' lang='grc' dir='ltr'>γιγνώσκει,</span> <span class='ocrx_word' id='word_1_22' title='bbox 1044 280 1138 322; x_wconf 83' lang='grc' dir='ltr'>ἀλλ’</span> <span class='ocrx_word' id='word_1_23' title='bbox 1164 280 1212 321; x_wconf 80' lang='grc' dir='ltr'>ἂν</span> <span class='ocrx_word' id='word_1_24' title='bbox 1241 283 1368 333; x_wconf 85' lang='grc' dir='ltr'>ἕτεροι</span> <span class='ocrx_word' id='word_1_25' title='bbox 1399 285 1452 336; x_wconf 77' lang='grc' dir='ltr'>τῷ</span> 
     </span>
     <span class='ocr_line' id='line_1_7' title="bbox 123 348 1451 405; baseline -0.002 -15"><span class='ocrx_word' id='word_1_26' title='bbox 123 351 232 405; x_wconf 82' lang='grc' dir='ltr'>λόγῳ</span> <span class='ocrx_word' id='word_1_27' title='bbox 265 350 531 403; x_wconf 89' lang='grc' dir='ltr'>προλάβωσιν</span> <span class='ocrx_word' id='word_1_28' title='bbox 562 351 674 401; x_wconf 80' lang='grc' dir='ltr'>ὑμᾶς,</span> <span class='ocrx_word' id='word_1_29' title='bbox 713 350 826 390; x_wconf 80' lang='grc' dir='ltr'>οὐδὲν</span> <span class='ocrx_word' id='word_1_30' title='bbox 856 349 905 390; x_wconf 80' lang='grc' dir='ltr'>ἂν</span> <span class='ocrx_word' id='word_1_31' title='bbox 937 353 1028 404; x_wconf 29' lang='grc' dir='ltr'>τῶν,</span> <span class='ocrx_word' id='word_1_32' title='bbox 1050 348 1193 401; x_wconf 79' lang='grc' dir='ltr'>ἑτέρων</span> <span class='ocrx_word' id='word_1_33' title='bbox 1228 349 1451 389; x_wconf 83' lang='grc' dir='ltr'>ἀκούσαιτε.</span> 
     </span>
     <span class='ocr_line' id='line_1_8' title="bbox 125 415 1454 469; baseline -0.001 -12"><span class='ocrx_word' id='word_1_34' title='bbox 125 419 167 457; x_wconf 89' lang='grc' dir='ltr'>ἐκ</span> <span class='ocrx_word' id='word_1_35' title='bbox 193 419 237 459; x_wconf 82' lang='grc' dir='ltr'>δὲ</span> <span class='ocrx_word' id='word_1_36' title='bbox 259 417 399 458; x_wconf 87' lang='grc' dir='ltr'>τούτου</span> <span class='ocrx_word' id='word_1_37' title='bbox 432 418 649 469; x_wconf 75' lang='grc' dir='ltr'>συμβαίνει</span> <span class='ocrx_word' id='word_1_38' title='bbox 679 416 823 469; x_wconf 75' lang='grc' dir='ltr'>πρᾶγμ’</span> <span class='ocrx_word' id='word_1_39' title='bbox 851 418 965 467; x_wconf 79' lang='grc' dir='ltr'>ἀηδὲς</span> <span class='ocrx_word' id='word_1_40' title='bbox 997 417 1103 466; x_wconf 81' lang='grc' dir='ltr'>ὑμῖν.</span> <span class='ocrx_word' id='word_1_41' title='bbox 1161 416 1220 458; x_wconf 76' lang='grc' dir='ltr'>οἷς</span> <span class='ocrx_word' id='word_1_42' title='bbox 1252 415 1328 468; x_wconf 83' lang='grc' dir='ltr'>γὰρ</span> <span class='ocrx_word' id='word_1_43' title='bbox 1362 417 1454 469; x_wconf 85' lang='grc' dir='ltr'>πρὶν</span> 
     </span>
     <span class='ocr_line' id='line_1_9' title="bbox 125 483 1450 536; baseline -0.002 -12"><span class='ocrx_word' id='word_1_44' title='bbox 125 486 312 536; x_wconf 76' lang='grc' dir='ltr'>ἁμαρτεῖν</span> <span class='ocrx_word' id='word_1_45' title='bbox 328 485 417 536; x_wconf 84' lang='grc' dir='ltr'>ὑμῖν</span> <span class='ocrx_word' id='word_1_46' title='bbox 439 485 531 536; x_wconf 80' lang='grc' dir='ltr'>ἐξῆν</span> <span class='ocrx_word' id='word_1_47' title='bbox 551 484 899 535; x_wconf 80' lang='grc' dir='ltr'>συμβουλεύουσιν</span> <span class='ocrx_word' id='word_1_48' title='bbox 920 485 1141 532; x_wconf 84' lang='grc' dir='ltr'>πείθεσθαι,</span> <span class='ocrx_word' id='word_1_49' title='bbox 1161 483 1322 525; x_wconf 79' lang='grc' dir='ltr'>τούτους</span> <span class='ocrx_word' id='word_1_50' title='bbox 1336 484 1450 523; x_wconf 85' lang='grc' dir='ltr'>ὕστε-</span> 
     </span>
     <span class='ocr_line' id='line_1_10' title="bbox 123 550 1495 604; baseline -0.001 -13"><span class='ocrx_word' id='word_1_51' title='bbox 123 567 193 604; x_wconf 91' lang='grc' dir='ltr'>ρον</span> <span class='ocrx_word' id='word_1_52' title='bbox 226 555 539 604; x_wconf 79' lang='grc' dir='ltr'>κατηγοροῦντας</span> <span class='ocrx_word' id='word_1_53' title='bbox 572 553 781 592; x_wconf 81' lang='grc' dir='ltr'>ἐπαινεῖτε.</span> <span class='ocrx_word' id='word_1_54' title='bbox 847 550 965 591; x_wconf 81' lang='grc' dir='ltr'>ταύτὸ</span> <span class='ocrx_word' id='word_1_55' title='bbox 999 550 1045 601; x_wconf 74' lang='grc' dir='ltr'>δὴ</span> <span class='ocrx_word' id='word_1_56' title='bbox 1078 551 1195 591; x_wconf 80' lang='grc' dir='ltr'>τοῦτό</span> <span class='ocrx_word' id='word_1_57' title='bbox 1230 567 1296 602; x_wconf 89' lang='grc' dir='ltr'>μοι</span> <span class='ocrx_word' id='word_1_58' title='bbox 1332 550 1453 590; x_wconf 87' lang='grc' dir='ltr'>πάλιν</span> <span class='ocrx_word' id='word_1_59' title='bbox 1474 562 1495 597; x_wconf 87' lang='lat'>3</span> 
     </span>
     <span class='ocr_line' id='line_1_11' title="bbox 124 616 1452 672; baseline -0.001 -14"><span class='ocrx_word' id='word_1_60' title='bbox 124 621 274 659; x_wconf 89' lang='grc' dir='ltr'>δοκεῖτε</span> <span class='ocrx_word' id='word_1_61' title='bbox 298 619 523 665; x_wconf 87' lang='grc' dir='ltr'>πείσεσθαι,</span> <span class='ocrx_word' id='word_1_62' title='bbox 550 620 584 659; x_wconf 85' lang='grc' dir='ltr'>εἰ</span> <span class='ocrx_word' id='word_1_63' title='bbox 607 618 659 670; x_wconf 77' lang='grc' dir='ltr'>μὴ</span> <span class='ocrx_word' id='word_1_64' title='bbox 692 618 969 672; x_wconf 76' lang='grc' dir='ltr'>παρασχόντες</span> <span class='ocrx_word' id='word_1_65' title='bbox 995 620 1104 660; x_wconf 80' lang='grc' dir='ltr'>ἴσους</span> <span class='ocrx_word' id='word_1_66' title='bbox 1137 619 1330 669; x_wconf 79' lang='grc' dir='ltr'>ἀκροατὰς</span> <span class='ocrx_word' id='word_1_67' title='bbox 1355 616 1452 657; x_wconf 86' lang='grc' dir='ltr'>πάν-</span> 
     </span>
     <span class='ocr_line' id='line_1_12' title="bbox 124 684 1454 740; baseline -0.001 -15"><span class='ocrx_word' id='word_1_68' title='bbox 124 702 203 726; x_wconf 91' lang='grc' dir='ltr'>των</span> <span class='ocrx_word' id='word_1_69' title='bbox 243 686 342 737; x_wconf 78' lang='grc' dir='ltr'>ὑμᾶς</span> <span class='ocrx_word' id='word_1_70' title='bbox 383 685 523 727; x_wconf 83' lang='grc' dir='ltr'>αὐτοὺς</span> <span class='ocrx_word' id='word_1_71' title='bbox 565 687 607 726; x_wconf 85' lang='grc' dir='ltr'>ἐν</span> <span class='ocrx_word' id='word_1_72' title='bbox 640 689 694 740; x_wconf 83' lang='grc' dir='ltr'>τῷ</span> <span class='ocrx_word' id='word_1_73' title='bbox 733 686 911 738; x_wconf 77' lang='grc' dir='ltr'>παρόντι,</span> <span class='ocrx_word' id='word_1_74' title='bbox 953 685 1015 725; x_wconf 86' lang='grc' dir='ltr'>καὶ</span> <span class='ocrx_word' id='word_1_75' title='bbox 1053 687 1192 725; x_wconf 84' lang='grc' dir='ltr'>τοῦτον</span> <span class='ocrx_word' id='word_1_76' title='bbox 1227 684 1295 725; x_wconf 82' lang='grc' dir='ltr'>τὸν</span> <span class='ocrx_word' id='word_1_77' title='bbox 1331 685 1454 725; x_wconf 86' lang='grc' dir='ltr'>πόνον</span> 
     </span>
     <span class='ocr_line' id='line_1_13' title="bbox 124 752 1451 805; baseline 0 -13"><span class='ocrx_word' id='word_1_78' title='bbox 124 753 417 803; x_wconf 85' lang='grc' dir='ltr'>ὑπομείναντες,</span> <span class='ocrx_word' id='word_1_79' title='bbox 439 753 623 804; x_wconf 83' lang='grc' dir='ltr'>ἑλόμενοι</span> <span class='ocrx_word' id='word_1_80' title='bbox 647 754 695 793; x_wconf 77' lang='grc' dir='ltr'>τὰ</span> <span class='ocrx_word' id='word_1_81' title='bbox 721 753 911 805; x_wconf 89' lang='grc' dir='ltr'>κράτιστα</span> <span class='ocrx_word' id='word_1_82' title='bbox 935 753 1025 794; x_wconf 85' lang='grc' dir='ltr'>τοὺς</span> <span class='ocrx_word' id='word_1_83' title='bbox 1051 753 1181 792; x_wconf 82' lang='grc' dir='ltr'>ὁτιοῦν</span> <span class='ocrx_word' id='word_1_84' title='bbox 1198 753 1349 793; x_wconf 83' lang='grc' dir='ltr'>τούτοις</span> <span class='ocrx_word' id='word_1_85' title='bbox 1369 752 1451 792; x_wconf 83' lang='grc' dir='ltr'>ἐπι-</span> 
     </span>
     <span class='ocr_line' id='line_1_14' title="bbox 125 819 1456 878; baseline -0.001 -19"><span class='ocrx_word' id='word_1_86' title='bbox 125 823 319 878; x_wconf 69' lang='grc' dir='ltr'>τιμῷντας</span> <span class='ocrx_word' id='word_1_87' title='bbox 342 820 521 872; x_wconf 88' lang='grc' dir='ltr'>φαύλους</span> <span class='ocrx_word' id='word_1_88' title='bbox 546 824 730 870; x_wconf 80' lang='grc' dir='ltr'>νομιεῖτε.</span> <span class='ocrx_word' id='word_1_89' title='bbox 806 821 883 873; x_wconf 85' lang='grc' dir='ltr'>ἐγὼ</span> <span class='ocrx_word' id='word_1_90' title='bbox 908 822 980 871; x_wconf 82' lang='grc' dir='ltr'>μὲν</span> <span class='ocrx_word' id='word_1_91' title='bbox 1005 819 1050 870; x_wconf 81' lang='grc' dir='ltr'>δὴ</span> <span class='ocrx_word' id='word_1_92' title='bbox 1076 821 1226 859; x_wconf 88' lang='grc' dir='ltr'>δίκαιον</span> <span class='ocrx_word' id='word_1_93' title='bbox 1250 819 1456 871; x_wconf 86' lang='grc' dir='ltr'>ὑπείληφα</span> 
     </span>
     <span class='ocr_line' id='line_1_15' title="bbox 126 886 1454 940; baseline -0.001 -14"><span class='ocrx_word' id='word_1_94' title='bbox 126 890 281 938; x_wconf 85' lang='grc' dir='ltr'>πρῶτον</span> <span class='ocrx_word' id='word_1_95' title='bbox 314 887 498 927; x_wconf 82' lang='grc' dir='ltr'>ἁπάντων</span> <span class='ocrx_word' id='word_1_96' title='bbox 522 886 638 929; x_wconf 80' lang='grc' dir='ltr'>αὐτὸς</span> <span class='ocrx_word' id='word_1_97' title='bbox 670 889 807 933; x_wconf 77' lang='grc' dir='ltr'>εἰπεῖν,</span> <span class='ocrx_word' id='word_1_98' title='bbox 859 888 899 927; x_wconf 91' lang='grc' dir='ltr'>τί</span> <span class='ocrx_word' id='word_1_99' title='bbox 927 905 994 938; x_wconf 87' lang='grc' dir='ltr'>μοι</span> <span class='ocrx_word' id='word_1_100' title='bbox 1026 890 1134 926; x_wconf 88' lang='grc' dir='ltr'>δοκεῖ</span> <span class='ocrx_word' id='word_1_101' title='bbox 1163 886 1252 940; x_wconf 84' lang='grc' dir='ltr'>περὶ</span> <span class='ocrx_word' id='word_1_102' title='bbox 1280 887 1334 926; x_wconf 77' lang='grc' dir='ltr'>ὧν</span> <span class='ocrx_word' id='word_1_103' title='bbox 1360 903 1454 925; x_wconf 91' lang='grc' dir='ltr'>σκο-</span> 
     </span>
     <span class='ocr_line' id='line_1_16' title="bbox 126 951 1457 1010; baseline 0.001 -17"><span class='ocrx_word' id='word_1_104' title='bbox 126 956 278 1000; x_wconf 87' lang='grc' dir='ltr'>πεῖσθε,</span> <span class='ocrx_word' id='word_1_105' title='bbox 307 954 383 1000; x_wconf 87' lang='grc' dir='ltr'>ἵνα,</span> <span class='ocrx_word' id='word_1_106' title='bbox 410 953 457 993; x_wconf 76' lang='grc' dir='ltr'>ἂν</span> <span class='ocrx_word' id='word_1_107' title='bbox 482 956 553 1005; x_wconf 82' lang='grc' dir='ltr'>μὲν</span> <span class='ocrx_word' id='word_1_108' title='bbox 578 955 668 1005; x_wconf 86' lang='grc' dir='ltr'>ὑμῖν</span> <span class='ocrx_word' id='word_1_109' title='bbox 694 954 856 1010; x_wconf 82' lang='grc' dir='ltr'>ἀρέσκῃ,</span> <span class='ocrx_word' id='word_1_110' title='bbox 884 954 948 994; x_wconf 84' lang='grc' dir='ltr'>καὶ</span> <span class='ocrx_word' id='word_1_111' title='bbox 977 955 1024 994; x_wconf 82' lang='grc' dir='ltr'>τὰ</span> <span class='ocrx_word' id='word_1_112' title='bbox 1056 952 1179 994; x_wconf 78' lang='grc' dir='ltr'>λοιπὰ</span> <span class='ocrx_word' id='word_1_113' title='bbox 1209 951 1395 999; x_wconf 89' lang='grc' dir='ltr'>διδάσκω,</span> <span class='ocrx_word' id='word_1_114' title='bbox 1423 953 1457 994; x_wconf 83' lang='grc' dir='ltr'>εἰ</span> 
     </span>
     <span class='ocr_line' id='line_1_17' title="bbox 126 1019 1150 1074; baseline 0 -14"><span class='ocrx_word' id='word_1_115' title='bbox 126 1021 168 1060; x_wconf 82' lang='grc' dir='ltr'>δὲ</span> <span class='ocrx_word' id='word_1_116' title='bbox 191 1019 257 1072; x_wconf 87' lang='grc' dir='ltr'>μή,</span> <span class='ocrx_word' id='word_1_117' title='bbox 283 1019 374 1072; x_wconf 85' lang='grc' dir='ltr'>μήθ’</span> <span class='ocrx_word' id='word_1_118' title='bbox 399 1021 491 1072; x_wconf 83' lang='grc' dir='ltr'>ὑμῖν</span> <span class='ocrx_word' id='word_1_119' title='bbox 516 1022 672 1074; x_wconf 78' lang='grc' dir='ltr'>ἐνοχλῶ</span> <span class='ocrx_word' id='word_1_120' title='bbox 697 1020 786 1072; x_wconf 89' lang='grc' dir='ltr'>μήτ’</span> <span class='ocrx_word' id='word_1_121' title='bbox 812 1021 980 1072; x_wconf 83' lang='grc' dir='ltr'>ἐμαυτὸν</span> <span class='ocrx_word' id='word_1_122' title='bbox 1006 1021 1150 1061; x_wconf 84' lang='grc' dir='ltr'>κόπτω.</span> 
     </span>
    </p>
   </div>
   <div class='ocr_carea' id='block_1_6' title="bbox 769 1209 803 1246">
    <p class='ocr_par' dir='ltr' id='par_1_6' title="bbox 769 1209 803 1246">
     <span class='ocr_line' id='line_1_18' title="bbox 769 1209 803 1246; baseline -0.029 0"><span class='ocrx_word' id='word_1_123' title='bbox 769 1209 803 1246; x_wconf 85' lang='grc' dir='ltr'><strong>Λ</strong></span> 
     </span>
    </p>
   </div>
   <div class='ocr_carea' id='block_1_7' title="bbox 128 1305 1621 2236">
    <p class='ocr_par' dir='ltr' id='par_1_7' title="bbox 128 1305 1621 2097">
     <span class='ocr_line' id='line_1_19' title="bbox 190 1305 1457 1359; baseline -0.002 -13"><span class='ocrx_word' id='word_1_124' title='bbox 190 1306 303 1348; x_wconf 81' lang='grc' dir='ltr'>’Έδει</span> <span class='ocrx_word' id='word_1_125' title='bbox 326 1305 410 1358; x_wconf 89' lang='grc' dir='ltr'>μέν,</span> <span class='ocrx_word' id='word_1_126' title='bbox 429 1305 458 1347; x_wconf 73' lang='grc' dir='ltr'><em>ὦ</em></span> <span class='ocrx_word' id='word_1_127' title='bbox 477 1306 615 1359; x_wconf 84' lang='grc' dir='ltr'>ἄνδρες</span> <span class='ocrx_word' id='word_1_128' title='bbox 631 1307 848 1357; x_wconf 86' lang='grc' dir='ltr'>Ἀθηναῖοι,</span> <span class='ocrx_word' id='word_1_129' title='bbox 867 1306 943 1358; x_wconf 85' lang='grc' dir='ltr'>πρὸ</span> <span class='ocrx_word' id='word_1_130' title='bbox 968 1310 1035 1346; x_wconf 84' lang='grc' dir='ltr'>τοῦ</span> <span class='ocrx_word' id='word_1_131' title='bbox 1056 1310 1246 1356; x_wconf 85' lang='grc' dir='ltr'>πολεμεῖν</span> <span class='ocrx_word' id='word_1_132' title='bbox 1263 1305 1457 1357; x_wconf 85' lang='grc' dir='ltr'>ἐσκέφθαι</span> 
     </span>
     <span class='ocr_line' id='line_1_20' title="bbox 129 1371 1458 1428; baseline -0.002 -14"><span class='ocrx_word' id='word_1_133' title='bbox 129 1375 187 1416; x_wconf 87' lang='grc' dir='ltr'>τίς</span> <span class='ocrx_word' id='word_1_134' title='bbox 211 1372 373 1426; x_wconf 83' lang='grc' dir='ltr'>ὑπάρξει</span> <span class='ocrx_word' id='word_1_135' title='bbox 403 1374 631 1427; x_wconf 76' lang='grc' dir='ltr'>παρασκευὴ</span> <span class='ocrx_word' id='word_1_136' title='bbox 668 1378 721 1428; x_wconf 82' lang='grc' dir='ltr'>τῷ</span> <span class='ocrx_word' id='word_1_137' title='bbox 750 1373 1007 1428; x_wconf 81' lang='grc' dir='ltr'>γενησομένῳ</span> <span class='ocrx_word' id='word_1_138' title='bbox 1040 1372 1215 1427; x_wconf 78' lang='grc' dir='ltr'>πολέμῳ·</span> <span class='ocrx_word' id='word_1_139' title='bbox 1254 1374 1287 1413; x_wconf 79' lang='grc' dir='ltr'>εἰ</span> <span class='ocrx_word' id='word_1_140' title='bbox 1320 1372 1352 1411; x_wconf 88' lang='grc' dir='ltr'>δ’</span> <span class='ocrx_word' id='word_1_141' title='bbox 1384 1371 1458 1425; x_wconf 78' lang='grc' dir='ltr'>ἄρα</span> 
     </span>
     <span class='ocr_line' id='line_1_21' title="bbox 128 1440 1456 1493; baseline 0 -13"><span class='ocrx_word' id='word_1_142' title='bbox 128 1441 180 1493; x_wconf 77' lang='grc' dir='ltr'>μὴ</span> <span class='ocrx_word' id='word_1_143' title='bbox 207 1442 405 1493; x_wconf 87' lang='grc' dir='ltr'>πρόδηλος</span> <span class='ocrx_word' id='word_1_144' title='bbox 429 1440 489 1491; x_wconf 80' lang='grc' dir='ltr'>ἦν,</span> <span class='ocrx_word' id='word_1_145' title='bbox 516 1442 581 1482; x_wconf 84' lang='grc' dir='ltr'>ὅτε</span> <span class='ocrx_word' id='word_1_146' title='bbox 606 1445 760 1493; x_wconf 86' lang='grc' dir='ltr'>πρῶτον</span> <span class='ocrx_word' id='word_1_147' title='bbox 786 1440 1046 1492; x_wconf 83' lang='grc' dir='ltr'>ἐβουλεύεσθ’</span> <span class='ocrx_word' id='word_1_148' title='bbox 1071 1442 1167 1492; x_wconf 80' lang='grc' dir='ltr'>ὑπὲρ</span> <span class='ocrx_word' id='word_1_149' title='bbox 1193 1440 1308 1479; x_wconf 83' lang='grc' dir='ltr'>αὐτοῦ</span> <span class='ocrx_word' id='word_1_150' title='bbox 1333 1444 1456 1491; x_wconf 85' lang='grc' dir='ltr'>φανε-</span> 
     </span>
     <span class='ocr_line' id='line_1_22' title="bbox 130 1505 1458 1561; baseline 0 -14"><span class='ocrx_word' id='word_1_151' title='bbox 130 1512 199 1561; x_wconf 84' lang='grc' dir='ltr'>ροῦ</span> <span class='ocrx_word' id='word_1_152' title='bbox 223 1507 450 1561; x_wconf 86' lang='grc' dir='ltr'>γενομένου,</span> <span class='ocrx_word' id='word_1_153' title='bbox 478 1509 568 1549; x_wconf 88' lang='grc' dir='ltr'>τότε</span> <span class='ocrx_word' id='word_1_154' title='bbox 594 1509 656 1549; x_wconf 85' lang='grc' dir='ltr'>καὶ</span> <span class='ocrx_word' id='word_1_155' title='bbox 681 1508 768 1560; x_wconf 83' lang='grc' dir='ltr'>περὶ</span> <span class='ocrx_word' id='word_1_156' title='bbox 794 1510 863 1558; x_wconf 82' lang='grc' dir='ltr'>τῆς</span> <span class='ocrx_word' id='word_1_157' title='bbox 889 1510 1141 1559; x_wconf 83' lang='grc' dir='ltr'>παρασκευῆς</span> <span class='ocrx_word' id='word_1_158' title='bbox 1167 1505 1376 1547; x_wconf 83' lang='grc' dir='ltr'>ἐσκέφθαι.</span> <span class='ocrx_word' id='word_1_159' title='bbox 1424 1508 1458 1547; x_wconf 84' lang='grc' dir='ltr'>εἶ</span> 
     </span>
     <span class='ocr_line' id='line_1_23' title="bbox 130 1572 1460 1628; baseline -0.001 -14"><span class='ocrx_word' id='word_1_160' title='bbox 130 1577 171 1616; x_wconf 79' lang='grc' dir='ltr'>δὲ</span> <span class='ocrx_word' id='word_1_161' title='bbox 204 1575 359 1628; x_wconf 83' lang='grc' dir='ltr'>φήσετε</span> <span class='ocrx_word' id='word_1_162' title='bbox 390 1577 545 1617; x_wconf 77' lang='grc' dir='ltr'>πολλὰς</span> <span class='ocrx_word' id='word_1_163' title='bbox 578 1575 885 1628; x_wconf 85' lang='grc' dir='ltr'>ἐγκεχειρικέναι</span> <span class='ocrx_word' id='word_1_164' title='bbox 914 1573 1107 1625; x_wconf 88' lang='grc' dir='ltr'>δυνάμεις,</span> <span class='ocrx_word' id='word_1_165' title='bbox 1136 1574 1180 1615; x_wconf 71' lang='grc' dir='ltr'>ἃς</span> <span class='ocrx_word' id='word_1_166' title='bbox 1212 1572 1460 1625; x_wconf 81' lang='grc' dir='ltr'>λελυμάνθαι</span> 
     </span>
     <span class='ocr_line' id='line_1_24' title="bbox 130 1639 1460 1694; baseline -0.001 -12"><span class='ocrx_word' id='word_1_167' title='bbox 130 1642 221 1684; x_wconf 80' lang='grc' dir='ltr'>τοὺς</span> <span class='ocrx_word' id='word_1_168' title='bbox 245 1641 494 1688; x_wconf 84' lang='grc' dir='ltr'>ἐπιστάντας,</span> <span class='ocrx_word' id='word_1_169' title='bbox 524 1642 592 1682; x_wconf 83' lang='grc' dir='ltr'>οὐκ</span> <span class='ocrx_word' id='word_1_170' title='bbox 618 1641 849 1692; x_wconf 81' lang='grc' dir='ltr'>ἀποδέξεται</span> <span class='ocrx_word' id='word_1_171' title='bbox 875 1641 981 1682; x_wconf 79' lang='grc' dir='ltr'>τοῦθ’</span> <span class='ocrx_word' id='word_1_172' title='bbox 1006 1643 1113 1692; x_wconf 84' lang='grc' dir='ltr'>ὑμῶν</span> <span class='ocrx_word' id='word_1_173' title='bbox 1139 1641 1276 1682; x_wconf 79' lang='grc' dir='ltr'>οὐδείς·</span> <span class='ocrx_word' id='word_1_174' title='bbox 1315 1641 1358 1681; x_wconf 82' lang='grc' dir='ltr'>οὐ</span> <span class='ocrx_word' id='word_1_175' title='bbox 1384 1639 1460 1694; x_wconf 87' lang='grc' dir='ltr'>γάρ</span> 
     </span>
     <span class='ocr_line' id='line_1_25' title="bbox 131 1705 1458 1762; baseline -0.002 -13"><span class='ocrx_word' id='word_1_176' title='bbox 131 1710 219 1749; x_wconf 86' lang='grc' dir='ltr'>ε’στι</span> <span class='ocrx_word' id='word_1_177' title='bbox 242 1713 322 1749; x_wconf 87' lang='grc' dir='ltr'>τῶν</span> <span class='ocrx_word' id='word_1_178' title='bbox 347 1709 474 1749; x_wconf 82' lang='grc' dir='ltr'>αὐτῶν</span> <span class='ocrx_word' id='word_1_179' title='bbox 499 1710 588 1751; x_wconf 85' lang='grc' dir='ltr'>τούς</span> <span class='ocrx_word' id='word_1_180' title='bbox 613 1705 683 1762; x_wconf 85' lang='grc' dir='ltr'>&lt;τ’&gt;</span> <span class='ocrx_word' id='word_1_181' title='bbox 705 1710 769 1750; x_wconf 87' lang='grc' dir='ltr'>ἐπὶ</span> <span class='ocrx_word' id='word_1_182' title='bbox 788 1713 865 1749; x_wconf 81' lang='grc' dir='ltr'>τῶν</span> <span class='ocrx_word' id='word_1_183' title='bbox 891 1708 1134 1761; x_wconf 83' lang='grc' dir='ltr'>πραγμάτων</span> <span class='ocrx_word' id='word_1_184' title='bbox 1160 1708 1365 1756; x_wconf 79' lang='grc' dir='ltr'>ἀπολύειν,</span> <span class='ocrx_word' id='word_1_185' title='bbox 1396 1708 1458 1748; x_wconf 85' lang='grc' dir='ltr'>καὶ</span> 
     </span>
     <span class='ocr_line' id='line_1_26' title="bbox 129 1775 1498 1828; baseline -0.001 -12"><span class='ocrx_word' id='word_1_186' title='bbox 129 1775 265 1828; x_wconf 88' lang='grc' dir='ltr'>λέγειν</span> <span class='ocrx_word' id='word_1_187' title='bbox 292 1775 342 1818; x_wconf 79' lang='grc' dir='ltr'>ὡς</span> <span class='ocrx_word' id='word_1_188' title='bbox 367 1778 430 1816; x_wconf 76' lang='grc' dir='ltr'>διὰ</span> <span class='ocrx_word' id='word_1_189' title='bbox 454 1777 613 1818; x_wconf 86' lang='grc' dir='ltr'>τούτους</span> <span class='ocrx_word' id='word_1_190' title='bbox 640 1780 764 1818; x_wconf 86' lang='grc' dir='ltr'>κακῶς</span> <span class='ocrx_word' id='word_1_191' title='bbox 789 1775 894 1816; x_wconf 76' lang='grc' dir='ltr'>ταῦτ’</span> <span class='ocrx_word' id='word_1_192' title='bbox 920 1776 1017 1828; x_wconf 78' lang='grc' dir='ltr'>ἔχει.</span> <span class='ocrx_word' id='word_1_193' title='bbox 1079 1775 1212 1825; x_wconf 79' lang='grc' dir='ltr'>ἐπειδὴ</span> <span class='ocrx_word' id='word_1_194' title='bbox 1244 1777 1285 1816; x_wconf 80' lang='grc' dir='ltr'>δὲ</span> <span class='ocrx_word' id='word_1_195' title='bbox 1313 1776 1361 1814; x_wconf 79' lang='grc' dir='ltr'>τὰ</span> <span class='ocrx_word' id='word_1_196' title='bbox 1385 1776 1457 1826; x_wconf 80' lang='grc' dir='ltr'>μὲν</span> <span class='ocrx_word' id='word_1_197' title='bbox 1478 1790 1498 1815; x_wconf 87' lang='lat'>2</span> 
     </span>
     <span class='ocr_line' id='line_1_27' title="bbox 132 1842 1458 1896; baseline -0.002 -13"><span class='ocrx_word' id='word_1_198' title='bbox 132 1842 418 1895; x_wconf 87' lang='grc' dir='ltr'>παρεληλυθότ’</span> <span class='ocrx_word' id='word_1_199' title='bbox 445 1843 511 1883; x_wconf 83' lang='grc' dir='ltr'>οὐκ</span> <span class='ocrx_word' id='word_1_200' title='bbox 540 1844 588 1884; x_wconf 81' lang='grc' dir='ltr'>ἂν</span> <span class='ocrx_word' id='word_1_201' title='bbox 621 1843 755 1885; x_wconf 78' lang='grc' dir='ltr'>ἄλλως</span> <span class='ocrx_word' id='word_1_202' title='bbox 787 1843 886 1896; x_wconf 78' lang='grc' dir='ltr'>ἔχοι,</span> <span class='ocrx_word' id='word_1_203' title='bbox 919 1845 981 1883; x_wconf 90' lang='grc' dir='ltr'>δεῖ</span> <span class='ocrx_word' id='word_1_204' title='bbox 1010 1842 1042 1882; x_wconf 81' lang='grc' dir='ltr'>δ’</span> <span class='ocrx_word' id='word_1_205' title='bbox 1069 1843 1112 1882; x_wconf 84' lang='grc' dir='ltr'>ἐκ</span> <span class='ocrx_word' id='word_1_206' title='bbox 1141 1846 1219 1882; x_wconf 83' lang='grc' dir='ltr'>τῶν</span> <span class='ocrx_word' id='word_1_207' title='bbox 1251 1842 1458 1893; x_wconf 86' lang='grc' dir='ltr'>παρόντων</span> 
     </span>
     <span class='ocr_line' id='line_1_28' title="bbox 131 1908 1621 1965; baseline 0.001 -16"><span class='ocrx_word' id='word_1_208' title='bbox 131 1911 323 1961; x_wconf 79' lang='grc' dir='ltr'>ἐπαμῦναι</span> <span class='ocrx_word' id='word_1_209' title='bbox 345 1913 426 1951; x_wconf 89' lang='grc' dir='ltr'>τοῖς</span> <span class='ocrx_word' id='word_1_210' title='bbox 451 1909 695 1963; x_wconf 83' lang='grc' dir='ltr'>πράγμασιν,</span> <span class='ocrx_word' id='word_1_211' title='bbox 717 1913 786 1950; x_wconf 80' lang='grc' dir='ltr'>τοῦ</span> <span class='ocrx_word' id='word_1_212' title='bbox 808 1912 880 1961; x_wconf 80' lang='grc' dir='ltr'>μὲν</span> <span class='ocrx_word' id='word_1_213' title='bbox 907 1912 1137 1962; x_wconf 84' lang='grc' dir='ltr'>κατηγορεῖν</span> <span class='ocrx_word' id='word_1_214' title='bbox 1158 1908 1298 1949; x_wconf 80' lang='grc' dir='ltr'>οὐδένα</span> <span class='ocrx_word' id='word_1_215' title='bbox 1324 1912 1458 1960; x_wconf 82' lang='grc' dir='ltr'>καιρὸν</span> <span class='ocrx_word' id='word_1_216' title='bbox 1480 1910 1621 1965; x_wconf 75' lang='lat'>[1440]</span> 
     </span>
     <span class='ocr_line' id='line_1_29' title="bbox 133 1976 1456 2029; baseline -0.001 -13"><span class='ocrx_word' id='word_1_217' title='bbox 133 1977 222 2029; x_wconf 86' lang='grc' dir='ltr'>ὁρῶ,</span> <span class='ocrx_word' id='word_1_218' title='bbox 243 1976 482 2028; x_wconf 85' lang='grc' dir='ltr'>πειράσομαι</span> <span class='ocrx_word' id='word_1_219' title='bbox 501 1977 533 2017; x_wconf 79' lang='grc' dir='ltr'>δ’</span> <span class='ocrx_word' id='word_1_220' title='bbox 554 1978 577 2017; x_wconf 84' lang='grc' dir='ltr'>δι</span> <span class='ocrx_word' id='word_1_221' title='bbox 603 1976 791 2029; x_wconf 89' lang='grc' dir='ltr'>κράτιστα</span> <span class='ocrx_word' id='word_1_222' title='bbox 809 1977 966 2028; x_wconf 76' lang='grc' dir='ltr'>νομίζω,</span> <span class='ocrx_word' id='word_1_223' title='bbox 989 1981 1304 2027; x_wconf 78' lang='grc' dir='ltr'>συμβουλεῦσαι.</span> <span class='ocrx_word' id='word_1_224' title='bbox 1352 1979 1456 2028; x_wconf 83' lang='grc' dir='ltr'>πρῶ-</span> 
     </span>
     <span class='ocr_line' id='line_1_30' title="bbox 130 2042 1456 2097; baseline -0.001 -13"><span class='ocrx_word' id='word_1_225' title='bbox 130 2060 198 2084; x_wconf 92' lang='grc' dir='ltr'>τον</span> <span class='ocrx_word' id='word_1_226' title='bbox 221 2045 295 2095; x_wconf 83' lang='grc' dir='ltr'>μὲν</span> <span class='ocrx_word' id='word_1_227' title='bbox 319 2043 387 2084; x_wconf 74' lang='grc' dir='ltr'>οὖν</span> <span class='ocrx_word' id='word_1_228' title='bbox 411 2045 507 2095; x_wconf 80' lang='grc' dir='ltr'>ὑμᾶς</span> <span class='ocrx_word' id='word_1_229' title='bbox 542 2043 657 2084; x_wconf 81' lang='grc' dir='ltr'>ἐκεῖν’</span> <span class='ocrx_word' id='word_1_230' title='bbox 691 2043 906 2097; x_wconf 87' lang='grc' dir='ltr'>ἐγνωκέναι</span> <span class='ocrx_word' id='word_1_231' title='bbox 937 2046 1008 2090; x_wconf 87' lang='grc' dir='ltr'>δεῖ,</span> <span class='ocrx_word' id='word_1_232' title='bbox 1037 2045 1098 2084; x_wconf 83' lang='grc' dir='ltr'>ὅτι</span> <span class='ocrx_word' id='word_1_233' title='bbox 1127 2042 1199 2093; x_wconf 75' lang='grc' dir='ltr'>τὴν</span> <span class='ocrx_word' id='word_1_234' title='bbox 1222 2044 1316 2093; x_wconf 82' lang='grc' dir='ltr'>’ίσην</span> <span class='ocrx_word' id='word_1_235' title='bbox 1340 2044 1456 2094; x_wconf 86' lang='grc' dir='ltr'>ὑπερ-</span> 
     </span>
    </p>

    <p class='ocr_par' dir='ltr' id='par_1_8' title="bbox 132 2151 1458 2236">
     <span class='ocr_line' id='line_1_31' title="bbox 178 2151 1458 2195; baseline 0 -11"><span class='ocrx_word' id='word_1_236' title='bbox 178 2163 192 2184; x_wconf 87' lang='grc' dir='ltr'>Ι</span> <span class='ocrx_word' id='word_1_237' title='bbox 219 2154 328 2195; x_wconf 82' lang='grc' dir='ltr'>ἄνδρες</span> <span class='ocrx_word' id='word_1_238' title='bbox 346 2153 412 2184; x_wconf 86' lang='lat' dir='ltr'>SY</span> <span class='ocrx_word' id='word_1_239' title='bbox 426 2153 478 2185; x_wconf 90' lang='lat' dir='ltr'>C:</span> <span class='ocrx_word' id='word_1_240' title='bbox 502 2153 524 2185; x_wconf 76' lang='grc' dir='ltr'><em>ὦ</em></span> <span class='ocrx_word' id='word_1_241' title='bbox 543 2154 571 2186; x_wconf 81' lang='grc' dir='ltr'>ἅ.</span> <span class='ocrx_word' id='word_1_242' title='bbox 590 2153 679 2193; x_wconf 86' lang='lat' dir='ltr'><strong>vulg.</strong></span> <span class='ocrx_word' id='word_1_243' title='bbox 743 2165 762 2184; x_wconf 85' lang='lat'>2</span> <span class='ocrx_word' id='word_1_244' title='bbox 788 2154 807 2186; x_wconf 81' lang='grc' dir='ltr'>ἃ</span> <span class='ocrx_word' id='word_1_245' title='bbox 823 2154 960 2186; x_wconf 78' lang='grc' dir='ltr'>ἕκαστος</span> <span class='ocrx_word' id='word_1_246' title='bbox 976 2164 993 2184; x_wconf 88' lang='lat' dir='ltr'>r</span> <span class='ocrx_word' id='word_1_247' title='bbox 1048 2164 1068 2193; x_wconf 87' lang='lat'><strong>3</strong></span> <span class='ocrx_word' id='word_1_248' title='bbox 1093 2153 1182 2185; x_wconf 83' lang='grc' dir='ltr'>οὐδὲν</span> <span class='ocrx_word' id='word_1_249' title='bbox 1200 2152 1223 2184; x_wconf 87' lang='lat' dir='ltr'>S</span> <span class='ocrx_word' id='word_1_250' title='bbox 1238 2153 1262 2183; x_wconf 87' lang='lat' dir='ltr'>F</span> <span class='ocrx_word' id='word_1_251' title='bbox 1275 2152 1307 2183; x_wconf 87' lang='lat' dir='ltr'>Y</span> <span class='ocrx_word' id='word_1_252' title='bbox 1320 2163 1336 2183; x_wconf 90' lang='lat' dir='ltr'>r</span> <span class='ocrx_word' id='word_1_253' title='bbox 1354 2153 1382 2182; x_wconf 91' lang='lat' dir='ltr'>D</span> <span class='ocrx_word' id='word_1_254' title='bbox 1395 2151 1432 2183; x_wconf 92' lang='lat' dir='ltr'>C.</span> <span class='ocrx_word' id='word_1_255' title='bbox 1449 2163 1458 2184; x_wconf 86' lang='lat'><strong>:</strong></span> 
     </span>
     <span class='ocr_line' id='line_1_32' title="bbox 132 2196 1458 2236; baseline -0.003 -6"><span class='ocrx_word' id='word_1_256' title='bbox 132 2197 258 2231; x_wconf 82' lang='grc' dir='ltr'>οὐδενὸς</span> <span class='ocrx_word' id='word_1_257' title='bbox 274 2197 411 2228; x_wconf 81' lang='lat' dir='ltr'><strong>Bekker</strong></span> <span class='ocrx_word' id='word_1_258' title='bbox 521 2197 691 2230; x_wconf 82' lang='grc' dir='ltr'>ἀκούσαιτε</span> <span class='ocrx_word' id='word_1_259' title='bbox 708 2197 739 2228; x_wconf 87' lang='lat' dir='ltr'>Y</span> <span class='ocrx_word' id='word_1_260' title='bbox 753 2199 782 2227; x_wconf 94' lang='lat' dir='ltr'>D</span> <span class='ocrx_word' id='word_1_261' title='bbox 800 2209 806 2229; x_wconf 92' lang='lat'><strong>:</strong></span> <span class='ocrx_word' id='word_1_262' title='bbox 832 2199 986 2230; x_wconf 79' lang='grc' dir='ltr'>ἀκούσετε</span> <span class='ocrx_word' id='word_1_263' title='bbox 1012 2198 1035 2228; x_wconf 84' lang='lat' dir='ltr'>S</span> <span class='ocrx_word' id='word_1_264' title='bbox 1055 2198 1143 2236; x_wconf 83' lang='lat' dir='ltr'>vulg.</span> <span class='ocrx_word' id='word_1_265' title='bbox 1162 2208 1170 2228; x_wconf 69' lang='grc' dir='ltr'>τ</span> <span class='ocrx_word' id='word_1_266' title='bbox 1196 2197 1242 2228; x_wconf 83' lang='grc' dir='ltr'>ἔτι</span> <span class='ocrx_word' id='word_1_267' title='bbox 1265 2196 1423 2234; x_wconf 83' lang='grc' dir='ltr'>ἀκούσητε</span> <span class='ocrx_word' id='word_1_268' title='bbox 1442 2206 1458 2226; x_wconf 90' lang='lat'>1·</span> 
     </span>
    </p>
   </div>
   <div class='ocr_carea' id='block_1_8' title="bbox 131 2240 1454 2325">
    <p class='ocr_par' dir='ltr' id='par_1_9' title="bbox 131 2240 1454 2325">
     <span class='ocr_line' id='line_1_33' title="bbox 131 2240 1453 2283; baseline -0.001 -11"><span class='ocrx_word' id='word_1_269' title='bbox 131 2249 151 2280; x_wconf 90' lang='lat'>5</span> <span class='ocrx_word' id='word_1_270' title='bbox 176 2243 245 2280; x_wconf 84' lang='grc' dir='ltr'>ὑμῖν</span> <span class='ocrx_word' id='word_1_271' title='bbox 261 2243 334 2281; x_wconf 80' lang='grc' dir='ltr'>ἐξῆν</span> <span class='ocrx_word' id='word_1_272' title='bbox 350 2241 435 2280; x_wconf 82' lang='lat' dir='ltr'><strong>vulg.</strong></span> <span class='ocrx_word' id='word_1_273' title='bbox 457 2240 536 2280; x_wconf 84' lang='lat' dir='ltr'><strong>Pap.</strong></span> <span class='ocrx_word' id='word_1_274' title='bbox 551 2253 558 2273; x_wconf 94' lang='lat'><strong>:</strong></span> <span class='ocrx_word' id='word_1_275' title='bbox 587 2244 660 2282; x_wconf 81' lang='grc' dir='ltr'>ἐξῆν</span> <span class='ocrx_word' id='word_1_276' title='bbox 677 2244 747 2281; x_wconf 76' lang='grc' dir='ltr'>ὑμῖν</span> <span class='ocrx_word' id='word_1_277' title='bbox 763 2252 780 2272; x_wconf 90' lang='lat' dir='ltr'>r</span> <span class='ocrx_word' id='word_1_278' title='bbox 867 2244 888 2272; x_wconf 87' lang='grc'>6</span> <span class='ocrx_word' id='word_1_279' title='bbox 912 2240 1187 2283; x_wconf 60' lang='grc' dir='ltr'>κατηγοροῦντας]</span> <span class='ocrx_word' id='word_1_280' title='bbox 1202 2242 1349 2272; x_wconf 79' lang='grc' dir='ltr'>εἰποντας</span> <span class='ocrx_word' id='word_1_281' title='bbox 1361 2240 1389 2269; x_wconf 94' lang='lat' dir='ltr'>D</span> <span class='ocrx_word' id='word_1_282' title='bbox 1403 2252 1453 2280; x_wconf 79' lang='grc' dir='ltr'>γρ.</span> 
     </span>
     <span class='ocr_line' id='line_1_34' title="bbox 131 2284 1454 2325; baseline -0.002 -9"><span class='ocrx_word' id='word_1_283' title='bbox 131 2285 231 2316; x_wconf 81' lang='grc' dir='ltr'>ταύτὸ</span> <span class='ocrx_word' id='word_1_284' title='bbox 248 2286 285 2323; x_wconf 84' lang='grc' dir='ltr'>δὴ</span> <span class='ocrx_word' id='word_1_285' title='bbox 304 2284 473 2316; x_wconf 89' lang='lat' dir='ltr'>rVindob.</span> <span class='ocrx_word' id='word_1_286' title='bbox 493 2288 538 2323; x_wconf 71' lang='lat'>4²,</span> <span class='ocrx_word' id='word_1_287' title='bbox 557 2284 641 2325; x_wconf 84' lang='lat' dir='ltr'>Pap.</span> <span class='ocrx_word' id='word_1_288' title='bbox 656 2297 663 2316; x_wconf 79' lang='lat' dir='ltr'>z</span> <span class='ocrx_word' id='word_1_289' title='bbox 688 2289 784 2317; x_wconf 79' lang='grc' dir='ltr'>τοῦτο</span> <span class='ocrx_word' id='word_1_290' title='bbox 800 2286 838 2324; x_wconf 79' lang='grc' dir='ltr'>δὴ</span> <span class='ocrx_word' id='word_1_291' title='bbox 854 2290 932 2316; x_wconf 80' lang='lat' dir='ltr'><strong>cett.</strong></span> <span class='ocrx_word' id='word_1_292' title='bbox 1060 2296 1081 2324; x_wconf 88' lang='lat'>9</span> <span class='ocrx_word' id='word_1_293' title='bbox 1105 2284 1225 2324; x_wconf 82' lang='grc' dir='ltr'>ὁτιοῦν]</span> <span class='ocrx_word' id='word_1_294' title='bbox 1245 2285 1293 2315; x_wconf 80' lang='grc' dir='ltr'>ἐπὶ</span> <span class='ocrx_word' id='word_1_295' title='bbox 1310 2284 1454 2313; x_wconf 89' lang='lat' dir='ltr'>Vindob.</span> 
     </span>
    </p>
   </div>
   <div class='ocr_carea' id='block_1_9' title="bbox 85 2327 1456 2369">
    <p class='ocr_par' dir='ltr' id='par_1_10' title="bbox 85 2327 1456 2369">
     <span class='ocr_line' id='line_1_35' title="bbox 85 2327 1456 2369; baseline 0 -10"><span class='ocrx_word' id='word_1_296' title='bbox 85 2345 89 2349; x_wconf 95' lang='lat'>·</span> <span class='ocrx_word' id='word_1_297' title='bbox 132 2330 190 2366; x_wconf 66' lang='lat'>4³:</span> <span class='ocrx_word' id='word_1_298' title='bbox 216 2328 262 2359; x_wconf 83' lang='grc' dir='ltr'>ἔτι</span> <span class='ocrx_word' id='word_1_299' title='bbox 282 2328 360 2367; x_wconf 85' lang='lat' dir='ltr'>Pap.</span> <span class='ocrx_word' id='word_1_300' title='bbox 489 2339 528 2359; x_wconf 91' lang='lat'>10</span> <span class='ocrx_word' id='word_1_301' title='bbox 552 2332 688 2368; x_wconf 75' lang='grc' dir='ltr'>νομιεῖτε</span> <span class='ocrx_word' id='word_1_302' title='bbox 704 2330 813 2368; x_wconf 65' lang='lat' dir='ltr'>codd„</span> <span class='ocrx_word' id='word_1_303' title='bbox 833 2328 929 2368; x_wconf 49' lang='lat' dir='ltr'>Pap}</span> <span class='ocrx_word' id='word_1_304' title='bbox 946 2340 952 2359; x_wconf 93' lang='lat'><strong>:</strong></span> <span class='ocrx_word' id='word_1_305' title='bbox 977 2328 1119 2369; x_wconf 74' lang='grc' dir='ltr'>νομίζετε</span> <span class='ocrx_word' id='word_1_306' title='bbox 1138 2328 1217 2366; x_wconf 81' lang='lat' dir='ltr'>Pap.</span> <span class='ocrx_word' id='word_1_307' title='bbox 1237 2337 1323 2357; x_wconf 84' lang='lat' dir='ltr'>corr.</span> <span class='ocrx_word' id='word_1_308' title='bbox 1341 2338 1348 2357; x_wconf 92' lang='lat'>:</span> <span class='ocrx_word' id='word_1_309' title='bbox 1373 2327 1456 2366; x_wconf 88' lang='grc' dir='ltr'>νομί-</span> 
     </span>
    </p>
   </div>
   <div class='ocr_carea' id='block_1_10' title="bbox 133 2370 1458 2498">
    <p class='ocr_par' dir='ltr' id='par_1_11' title="bbox 133 2370 1458 2498">
     <span class='ocr_line' id='line_1_36' title="bbox 133 2370 1458 2413; baseline -0.002 -11"><span class='ocrx_word' id='word_1_310' title='bbox 133 2370 217 2410; x_wconf 75' lang='grc' dir='ltr'>ζοιτε</span> <span class='ocrx_word' id='word_1_311' title='bbox 232 2371 379 2401; x_wconf 88' lang='lat' dir='ltr'>Vindob.</span> <span class='ocrx_word' id='word_1_312' title='bbox 398 2373 434 2409; x_wconf 80' lang='lat'>4⁹⁴</span> <span class='ocrx_word' id='word_1_313' title='bbox 548 2382 561 2402; x_wconf 94' lang='lat'>1</span> <span class='ocrx_word' id='word_1_314' title='bbox 573 2383 582 2401; x_wconf 72' lang='grc' dir='ltr'>ι</span> <span class='ocrx_word' id='word_1_315' title='bbox 610 2376 733 2413; x_wconf 83' lang='grc' dir='ltr'>πρῶτον</span> <span class='ocrx_word' id='word_1_316' title='bbox 750 2378 840 2409; x_wconf 61' lang='lat' dir='ltr'>cett„</span> <span class='ocrx_word' id='word_1_317' title='bbox 856 2373 898 2402; x_wconf 89' lang='lat' dir='ltr'>ef.</span> <span class='ocrx_word' id='word_1_318' title='bbox 919 2372 1074 2403; x_wconf 86' lang='lat' dir='ltr'><strong>Prooem.</strong></span> <span class='ocrx_word' id='word_1_319' title='bbox 1093 2371 1209 2401; x_wconf 84' lang='lat' dir='ltr'>xxxvii</span> <span class='ocrx_word' id='word_1_320' title='bbox 1230 2381 1249 2400; x_wconf 85' lang='lat'>2</span> <span class='ocrx_word' id='word_1_321' title='bbox 1266 2382 1274 2401; x_wconf 70' lang='grc' dir='ltr'>ι</span> <span class='ocrx_word' id='word_1_322' title='bbox 1302 2373 1424 2411; x_wconf 84' lang='grc' dir='ltr'>πρῶτος</span> <span class='ocrx_word' id='word_1_323' title='bbox 1441 2380 1458 2400; x_wconf 86' lang='lat' dir='ltr'>r</span> 
     </span>
     <span class='ocr_line' id='line_1_37' title="bbox 133 2413 1454 2456; baseline -0.002 -11"><span class='ocrx_word' id='word_1_324' title='bbox 133 2415 228 2446; x_wconf 79' lang='grc' dir='ltr'>αὐτὸς</span> <span class='ocrx_word' id='word_1_325' title='bbox 243 2424 259 2444; x_wconf 89' lang='lat' dir='ltr'>r</span> <span class='ocrx_word' id='word_1_326' title='bbox 278 2414 426 2455; x_wconf 80' lang='lat' dir='ltr'>(Wolf):</span> <span class='ocrx_word' id='word_1_327' title='bbox 450 2417 556 2448; x_wconf 75' lang='grc' dir='ltr'>αὐτοῖς</span> <span class='ocrx_word' id='word_1_328' title='bbox 572 2420 640 2446; x_wconf 75' lang='lat' dir='ltr'>cett</span> <span class='ocrx_word' id='word_1_329' title='bbox 751 2416 797 2456; x_wconf 55' lang='lat' dir='ltr'>ari]</span> <span class='ocrx_word' id='word_1_330' title='bbox 817 2417 833 2447; x_wconf 82' lang='grc' dir='ltr'>ὅ</span> <span class='ocrx_word' id='word_1_331' title='bbox 848 2430 879 2448; x_wconf 80' lang='grc' dir='ltr'>τι</span> <span class='ocrx_word' id='word_1_332' title='bbox 897 2426 913 2446; x_wconf 82' lang='lat' dir='ltr'><strong>r</strong></span> <span class='ocrx_word' id='word_1_333' title='bbox 1029 2425 1068 2453; x_wconf 90' lang='lat'>19</span> <span class='ocrx_word' id='word_1_334' title='bbox 1094 2414 1354 2455; x_wconf 81' lang='grc' dir='ltr'>ἐγκεχειρηκέναι</span> <span class='ocrx_word' id='word_1_335' title='bbox 1371 2413 1395 2444; x_wconf 85' lang='lat' dir='ltr'>S</span> <span class='ocrx_word' id='word_1_336' title='bbox 1412 2413 1454 2444; x_wconf 86' lang='lat' dir='ltr'>al.</span> 
     </span>
     <span class='ocr_line' id='line_1_38' title="bbox 134 2457 1153 2498; baseline -0.001 -8"><span class='ocrx_word' id='word_1_337' title='bbox 134 2457 184 2498; x_wconf 75' lang='grc' dir='ltr'>ἃς]</span> <span class='ocrx_word' id='word_1_338' title='bbox 204 2457 250 2491; x_wconf 71' lang='grc' dir='ltr'>αἷς</span> <span class='ocrx_word' id='word_1_339' title='bbox 267 2469 284 2489; x_wconf 92' lang='lat' dir='ltr'>r</span> <span class='ocrx_word' id='word_1_340' title='bbox 421 2468 459 2489; x_wconf 86' lang='lat'>21</span> <span class='ocrx_word' id='word_1_341' title='bbox 485 2462 516 2492; x_wconf 84' lang='grc' dir='ltr'>τ’</span> <span class='ocrx_word' id='word_1_342' title='bbox 533 2460 607 2490; x_wconf 84' lang='lat' dir='ltr'>add.</span> <span class='ocrx_word' id='word_1_343' title='bbox 628 2459 727 2490; x_wconf 80' lang='lat' dir='ltr'>Blass</span> <span class='ocrx_word' id='word_1_344' title='bbox 859 2461 900 2489; x_wconf 89' lang='lat'>26</span> <span class='ocrx_word' id='word_1_345' title='bbox 927 2461 1026 2491; x_wconf 82' lang='grc' dir='ltr'>ἐκεῖνο</span> <span class='ocrx_word' id='word_1_346' title='bbox 1044 2461 1119 2498; x_wconf 73' lang='grc' dir='ltr'>ὑμᾶς</span> <span class='ocrx_word' id='word_1_347' title='bbox 1138 2468 1153 2489; x_wconf 81' lang='grc' dir='ltr'><strong>Γ</strong></span> 
     </span>
    </p>
   </div>
  </div>
 </body>
</html>
