1746 2774
116 111 252 167 [1472]
689 111 1170 150 ΔΗΜΟΣΘΕΝΟὙΣ

270 211 359 260 ὑμῖν
388 213 502 250 τοῦτο
534 208 678 263 γένοιτ’
704 209 753 250 ἂν
778 210 912 251 καλόν.
984 211 1068 252 ἐπεὶ
1093 213 1131 252 εἴ
1151 210 1198 264 γε’
1220 228 1287 263 μοι
1310 213 1359 252 τὰ
1383 211 1478 264 πρὸς
1501 213 1599 263 ὑμᾶς

205 294 249 319 22
271 277 517 318 ἀδιάλλακτά
542 275 723 331 ὑπάρχει,
750 277 934 319 τεθνάναι
957 294 1024 329 μοι
1050 282 1226 330 κρεῖττον
1250 278 1311 330 ἦν.
1382 280 1540 321 εἰκότως
1564 278 1598 319 δ’

270 344 317 385 ἄν
349 362 416 395 μοι
448 345 674 385 πιστεύοιτε
705 345 849 395 ταύτην
883 345 953 395 τὴν
986 344 1162 386 διάνοιαν
1200 346 1307 399 ἔχειν
1345 346 1407 387 καὶ
1441 346 1493 398 μὴ
1531 350 1599 387 νῦν

269 410 396 463 μάτην
423 412 703 463 θρασύνεσθαι·
741 412 804 452 καὶ
830 413 903 464 γὰρ
930 413 1098 463 ἐμαυτοῦ
1123 413 1275 464 κυρίους
1299 413 1398 462 ὑμᾶς
1428 414 1599 464 ἐποίησα

271 480 334 519 καὶ
367 479 434 519 οὐκ
465 479 615 531 ἔφυγον
648 482 717 519 τὸν
749 480 896 531 ἀγῶνα,
931 481 995 520 ἵνα
1023 478 1120 530 μήτε
1151 483 1283 531 προδῶ
1307 480 1381 530 τὴν
1409 479 1598 531 ἀλήθειαν
1619 496 1636 527 5

112 554 248 609 [1473]
269 545 358 597 μήτ’
383 546 522 598 ἄκυρος
541 547 647 596 ὑμῶν
668 547 762 597 ἐμοῦ
784 547 919 597 μηδεὶς
944 545 1117 598 γένηται,
1137 546 1230 588 ἀλλ’
1256 548 1278 587 ὅ
1301 563 1339 588 τι
1361 548 1596 599 βούλοισθε,

270 617 384 653 τοῦτο
420 612 659 667 χρήσαισθε’
697 612 788 665 παρ’
825 614 878 653 ὧν
914 615 988 666 γὰρ
1025 612 1212 655 ἁπάντων
1248 617 1379 654 καλῶν
1417 615 1599 666 κάγαθῶν

272 680 426 734 ἔτυχον,
463 680 624 723 τούτους
664 680 794 736 ᾠόμην
829 683 911 720 δεῖν
946 680 1056 734 ἔχειν
1094 682 1158 722 καὶ
1193 682 1393 734 ἁμαρτεῖν,
1432 682 1465 722 εἰ
1500 681 1595 731 βού-

209 762 250 797 23
271 754 420 794 λοιντο,
456 749 511 790 εἰς
545 746 626 798 ἐμέ.
698 747 832 798 ἐπειδὴ
866 750 908 788 δὲ
942 751 1069 789 καλῶς
1102 747 1256 788 ποιοῧσ’
1292 749 1315 799 ἡ
1346 749 1476 789 δικαία
1499 749 1598 802 τύχη

270 815 507 865 τῆς.ἀδίκου
536 813 770 867 κρατήσασα
803 815 861 857 δὶς
891 816 980 866 περὶ
1015 816 1089 855 τῶν
1121 815 1244 856 αὐτῶν
1274 815 1473 856 ἀπέδωκεν
1508 816 1598 866 ὑμῖν
1621 832 1660 855 10

270 883 575 933 βουλεύσασθαι
607 886 660 936 τῷ
691 884 814 933 μηδὲν
847 881 1070 932 ἀνήκεστον
1100 883 1332 936 ἐψηφίσθαι
1367 883 1454 934 περὶ
1490 884 1596 933 ἐμοῦ,

271 948 429 1005 σῴσατέ
462 948 514 1001 μ’,
547 948 576 990 ὦ
613 949 750 1000 ἄνδρες
782 948 998 999 Ἀθηναῖοι,
1025 949 1089 990 καὶ
1119 951 1366 1002 ψηφίσασθε
1398 949 1461 990 καὶ
1495 950 1599 1000 ὑμῶν

888 1015 897 1030 ’
935 1016 1063 1057 οὐδενὶ
1092 1019 1167 1070 γὰρ
1201 1021 1278 1057 τῶν
1312 1015 1600 1069 πεπραγμένων

207 1032 250 1064 24
270 1013 523 1068 αὐτῶνίἶξια
559 1016 621 1057 καὶ
658 1017 763 1067 ἐμοῦ.
836 1017 886 1057 ἐπ

269 1084 480 1135 ἠδικηκότα
515 1083 554 1135 μ’
591 1082 790 1136 εὑρήσετε,
830 1077 908 1124 οὐδ’
947 1083 1168 1134 ἐπιτήδειον
1203 1083 1341 1135 ἄτιμον
1379 1083 1479 1124 εἶναι
1518 1081 1599 1124 οὐδ’

269 1151 535 1197 ἀπολωλέναι,
569 1152 675 1191 ἀλλὰ
703 1152 766 1191 καὶ
803 1151 939 1191 εὔνουν
966 1154 1020 1206 τῷ
1051 1150 1195 1201 πλήθει
1227 1155 1279 1206 τῷ
1312 1150 1484 1205 ὑμετέρῳ
1517 1154 1600 1193 τοῖς
1622 1168 1658 1199 15

269 1217 434 1269 μάλισθ’
469 1219 623 1269 ὁμοίως,
659 1219 722 1258 ἵνα
754 1220 874 1269 μηδὲν
909 1219 1127 1270 ἐπίφθονον
1152 1218 1310 1271 γράψω,
1339 1218 1402 1258 καὶ
1426 1221 1601 1259 πλεῖστα

270 1285 670 1338 πεπραγματευμένον
694 1289 772 1325 τῶν
797 1285 881 1325 νυνὶ
908 1285 1061 1335 ζώντων
1085 1287 1182 1338 ὑπὲρ
1204 1287 1323 1337 ὑμῶν,
1352 1285 1414 1326 καὶ
1438 1283 1598 1337 μέγισθ’

270 1352 499 1406 ὑπάρχοντά
521 1370 587 1403 μοι
614 1351 694 1392 κατ’
721 1351 888 1402 ἐμαυτὸν
914 1351 1089 1404 σύμβολ’
1116 1352 1267 1393 εὐνοίας
1292 1352 1388 1405 πρὸς
1412 1353 1522 1403 ὑμᾶς,

208 1433 248 1469 25
338 1420 490 1470 Μηδεὶς
521 1419 554 1460 δ’
585 1420 692 1470 ὑμῶν
724 1419 900 1471 ἡγείσθω
935 1418 989 1470 μ’,
1025 1418 1054 1460 ὦ
1093 1419 1230 1472 ἄνδρες
1259 1419 1475 1470 Ἀθηναῖοι,
1507 1417 1598 1471 μήτ’

271 1487 458 1541 ἀνανδρίᾳ
481 1485 568 1538 μήτ’
594 1486 700 1542 ἄλλῃ
717 1485 920 1538 προφάσει
944 1487 1079 1543 φαύλῃ
1098 1488 1268 1542 μηδεμιᾷ
1292 1486 1382 1540 παρ’
1401 1488 1501 1537 ὅλην
1526 1486 1597 1537 τὴν
1618 1503 1659 1526 20

271 1553 489 1604 ἐπιστολὴν
505 1555 726 1606 ὀδύρεσθαι.
787 1554 894 1594 ἀλλὰ
913 1558 994 1596 τοῖς
1012 1558 1207 1606 παροῦσιν
1227 1555 1394 1596 ἕκαστος
1413 1554 1599 1606 ἀφθόνως

270 1623 425 1675 χρῆται,
465 1622 550 1672 ἐμοὶ
586 1623 629 1662 δὲ
663 1624 784 1661 ταῦτα
819 1624 888 1661 νῦν
924 1620 1130 1673 πάρεστιν,
1162 1621 1213 1663 ὡς
1247 1620 1389 1672 μήποτ’
1427 1621 1598 1674 ὤφελεν,

271 1692 393 1728 λῦπαι
418 1688 480 1729 καὶ
513 1687 658 1740 δάκρυα
688 1687 749 1727 καὶ
774 1690 843 1737 τῆς
876 1687 1060 1740 πατρίδος
1086 1687 1148 1729 καὶ
1175 1689 1282 1739 ὑμῶν
1307 1688 1429 1731 πόθος
1455 1688 1518 1728 καὶ
1545 1688 1600 1728 ὧν

272 1755 450 1796 πέπονθα
477 1755 687 1807 λογισμός,
715 1755 739 1795 ἃ
770 1754 898 1795 πάντα
927 1759 1034 1795 ποιεῖ
1048 1753 1088 1806 μ’
1118 1755 1341 1807 ὀδύρεσθαι·
1379 1756 1404 1796 ἃ
1435 1756 1598 1795 ἐπισκο-

273 1825 436 1865 ποῦντες
466 1824 635 1868 δικαίως,
661 1818 750 1873 (dm)
781 1823 822 1862 ἐν
855 1822 984 1862 οὐδενὶ
1013 1825 1091 1862 τῶν
1127 1821 1470 1874 πεπολιτευμένων
1503 1823 1600 1875 ὑπὲρ
1621 1844 1660 1876 ²5

271 1891 392 1941 ὑμῶν,
411 1891 502 1931 οὔτε
519 1890 717 1941 μαλακίαν
733 1888 813 1929 οὔτ’
830 1890 1041 1941 ἀνανδρίαν
1062 1893 1293 1942 προσοῦσαν
1313 1888 1502 1942 εὑρήσετέ
1518 1905 1599 1940 μοι.

208 1958 253 1992 26
339 1957 448 2009 Πρὸς
481 1959 553 2008 μὲν
589 1956 634 2007 δὴ
670 1955 818 1998 πάντας
853 1957 952 2007 ὑμᾶς
986 1960 1172 1997 τοσαῦτα·
1217 1958 1296 2011 ἰδίᾳ
1319 1959 1361 1997 δὲ
1396 1959 1478 1999 τοῖς
1514 1956 1600 2007 ἐμοὶ

273 2025 588 2077 προσκρούουσιν
613 2024 794 2064 ἐναντίον
821 2024 928 2074 ὑμῶν
962 2024 1164 2075 βούλομαι
1191 2025 1462 2077 διαλεχθῆναι.
1523 2024 1601 2063 ὅσα

270 2094 343 2143 μὲν
374 2094 450 2145 γὰρ
484 2095 565 2133 τοῖς
597 2090 665 2143 ὑφ’
692 2092 797 2141 ὑμῶν
828 2091 1085 2142 ἀγνοηθεῖσιν
1118 2092 1398 2143 ὑπηρετοῦντες
1427 2091 1598 2137 ἐποίουν,

319 2209 378 2230 1-9
405 2202 471 2232 ἐπει
489 2225 495 2230 .
510 2224 517 2231 .
535 2225 542 2231 .
561 2200 615 2241 ἦνἾ
643 2200 676 2232 εὖ
701 2199 728 2232 δ’
752 2202 833 2231 ἴστε.
861 2199 884 2231 ὦ
902 2198 976 2231 Ἀθ..
1005 2202 1035 2231 εἴ
1054 2213 1107 2239 μοι
1130 2201 1170 2231 τὰ
1196 2198 1267 2241 παρ’
1292 2202 1376 2240 ὑμῶν
1401 2199 1602 2231 ἆδιάλλακτα

273 2245 416 2285 ὑπάρχει,
437 2244 582 2276 τεθνάναι
600 2245 778 2282 βουλοίμην
794 2244 833 2274 ἄν
851 2243 935 2283 Ργρ.
954 2243 1046 2283 ΩὙρ.
1184 2254 1203 2273 2
1226 2257 1279 2283 μοι
1296 2247 1442 2284 κρεῖττον
1457 2244 1480 2274 S
1495 2242 1539 2273 F:
1561 2256 1601 2283 με

273 2301 320 2328 κρ.
339 2287 428 2327 vulg.
586 2297 606 2325 3
631 2289 667 2319 ἄν
685 2301 735 2325 μοι
753 2287 776 2317 S
790 2287 814 2316 F
830 2298 836 2316 :
860 2287 899 2318 ἂν
917 2286 947 2325 Q
1058 2286 1164 2327 μάτην
1181 2289 1234 2318 νῦν
1253 2287 1276 2318 S
1293 2297 1367 2317 cum
1386 2287 1477 2317 notis
1494 2292 1601 2317 trans-

274 2332 425 2370 ponendi
578 2333 599 2361 6
624 2333 710 2370 ἡμῶν
727 2330 750 2361 S
767 2330 791 2360 F
812 2331 878 2370 §me
904 2330 1008 2371 teste>
1165 2340 1181 2369 7
1208 2331 1387 2371 χρήσαισθε
1405 2330 1527 2362 Fcorr.
1548 2329 1601 2369 Q:

273 2375 438 2416 χρήσεσθε
456 2375 480 2405 S
494 2373 534 2404 1⁷¹
667 2375 687 2404 8
710 2373 812 2414 ᾠόμην
830 2373 875 2404 S:
901 2375 992 2414 ᾤμην
1013 2373 1104 2412 vu1g.
1242 2375 1279 2403 18
1303 2376 1378 2406 κατ’
1392 2375 1487 2405 codd.
1507 2385 1514 2404 τ
1537 2377 1602 2405 τῶν

274 2421 344 2450 κατ’
364 2419 462 2449 Blass
594 2427 634 2456 25
662 2430 700 2449 ας
720 2427 795 2456 post
813 2419 937 2450 δικαίως
954 2418 1029 2448 add.
1050 2417 1190 2448 Nitsche
1208 2417 1283 2447 coll.
1302 2418 1382 2448 xviii
1401 2428 1463 2456 245
