1763 2778
146 131 277 186 [1167]
704 130 1225 186 [ΔΗΜΟΣΘΕΝΟΎΣ]
1496 130 1627 185 [xum

726 233 785 247 ’ml

300 236 387 276 οὔτε
417 234 661 285 διαλλακτὴν
695 250 835 275 ουοενα
867 234 1039 286 φεύγων,
1073 233 1154 274 οὔτ’
1184 233 1231 273 αὖ
1266 236 1320 285 μέι
1352 233 1420 274 τὸν
1451 235 1529 274 Δία
1557 234 1626 275 τὸν

298 301 490 355 μέγιστοι·
511 302 622 348 ἑκών,
649 301 739 342 ἀλλ’
765 301 816 344 ὡς
840 302 923 342 οἶόν
953 318 994 342 τε
1025 300 1204 353 μάλιστα
1231 301 1347 351 ἄκων,
1373 300 1625 353 ἠνάγκασμαι

257 381 276 414 3
299 369 374 409 ὑπὸ
414 370 554 410 τούτου
591 369 855 421 ἀγωνίζεσθαι
894 368 1040 419 ταύτην
1080 367 1152 419 τὴν
1193 369 1316 419 δίκην.
1387 368 1522 419 δέομαι
1557 369 1625 409 οὖν

299 437 420 487 ὑμῶν,
445 435 476 477 ὦ
501 436 640 488 ἄνδρες
666 436 863 482 δικασταί,
889 436 1136 477 ἀκούσαντας
1166 435 1402 488 ἀμφοτέρων
1428 435 1537 486 ἡμῶν
1563 437 1626 476 καὶ

300 503 438 546 αὐτοὺς
461 504 704 554 δοκιμαστῖις
734 506 803 543 τοῦ
830 502 1059 555 πράγματος
1087 502 1322 554 γενομένους
1353 502 1530 554 μάλιστα
1553 504 1626 554 μὲν

299 569 590 621 διαλλάξαντας
629 569 866 622 ἀποπέμψαι
910 570 972 610 καὶ
1009 569 1216 621 εὐεργέτας
1250 569 1359 620 ἡμῶν
1392 568 1626 622 ἀμφοτέρων

146 638 278 694 [1168]
300 639 398 688 ὑμᾶς
421 637 622 690 γενέσθαι,
645 638 712 677 ἐὰν
737 636 770 677 δ’
794 637 870 690 ἄρα
897 635 950 688 μὴ
982 636 1271 689 ἐπιτυγχάνητε
1305 637 1456 683 τούτου,
1481 637 1525 676 ἐκ
1548 640 1626 677 τῶν

300 706 531 745 ὑπολοίπων
557 708 613 759 τῷ
648 705 696 743 τὰ
727 705 857 744 δίκαια
893 703 1066 756 λέγοντι,
1092 703 1216 758 τούτῳ
1246 703 1317 753 τὴν
1352 705 1497 756 ψῆφον
1527 704 1627 754 ὑμᾶς

300 770 560 823 προσθέσθαι.
633 775 787 823 πρῶτον
814 774 887 822 μὲν
920 771 988 811 οὖν
1020 771 1232 823 μαρτυρίας
1261 771 1536 822 ἀναγνώσεται
1567 771 1628 810 ὅτι

301 838 368 878 οὐκ
401 839 479 890 ἐγὼ
508 838 632 880 αἴτιός
665 839 746 889 εἰμι
775 842 844 878 τοῦ
875 839 930 879 εἰς
959 837 1003 877 τὸ
1037 836 1290 890 δικαστήριον
1323 837 1503 883 εἰσιέναι,
1535 836 1627 878 ἀλλ’

300 905 412 947 οὗτος
437 904 565 947 αὐτός.
635 904 732 958 λέγε
755 906 825 948 τέις
848 905 1072 957 μαρτυρίας.

849 1014 1076 1041 ΜΑΡΤΎΡΙΑΙ.

255 1097 279 1131 4
357 1087 451 1129 ‘'On
475 1091 547 1139 μὲν
572 1089 650 1135 οὖν,
679 1087 708 1128 ὦ
735 1088 870 1140 ἄνδρες
903 1089 1096 1135 δικασταί,
1124 1089 1187 1129 καὶ
1224 1088 1362 1140 μέτρια
1387 1089 1450 1128 καὶ
1475 1087 1625 1140 προσή-

300 1172 420 1196 κοντα
443 1155 746 1208 προύκαλούμην
773 1155 1114 1207 Ὀλυμπιόδωρον,
1134 1156 1426 1207 μεμαρτύρηται
1449 1156 1524 1195 ὑπὸ
1549 1158 1627 1195 τῶν

300 1222 645 1275 παραγενομένων.
701 1223 770 1263 οὐκ
797 1223 1004 1265 ἐθέλοντος
1023 1224 1064 1262 δὲ
1090 1223 1228 1262 τούτου
1253 1221 1332 1262 οὐδ’
1353 1223 1480 1262 ὁτιοῦν
1501 1226 1627 1263 ποιεῖν

299 1293 377 1329 τῶν
412 1290 583 1337 δικαίων,
615 1290 831 1341 ἀναγκαῖόν
866 1290 978 1330 ἐστιν
1013 1289 1110 1341 πρὸς
1147 1290 1246 1339 ὑμᾶς
1279 1288 1414 1341 λέγειν
1450 1289 1538 1341 περὶ
1573 1290 1627 1329 ὧν

300 1357 503 1406 ἀδικοῦμαι
528 1356 602 1396 ὑπὸ
632 1357 967 1409 ’()λυμπιοδώρου.
1039 1356 1149 1396 ἔστιν
1179 1359 1220 1397 δὲ
1251 1356 1406 1409 βραχὺς
1439 1357 1460 1396 ὁ
1491 1356 1625 1408 λόγος.

259 1436 276 1472 5
300 1421 348 1472 ἦν
363 1422 450 1475 γάρ,
469 1421 499 1462 ὦ
515 1424 653 1475 ἄνδρες
668 1424 865 1470 δικασταί,
889 1424 1034 1474 Κόμων
1049 1423 1246 1469 Ἁλαιεύς,
1268 1424 1411 1465 οἰκεῖος
1426 1423 1625 1475 ἡμέτερος.

300 1490 412 1531 οὗτος
438 1490 459 1529 ὁ
483 1491 626 1540 Κόμων
644 1491 902 1541 ἐτελεύτησεν
921 1490 1038 1532 ἄπαις
1054 1491 1193 1542 ὀλίγον
1210 1489 1314 1531 πάνυ
1338 1491 1483 1543 χρόνον
1502 1491 1625 1542 ἀρρω-

301 1555 468 1607 στήσας,
495 1558 592 1608 ἐβίω
626 1559 670 1599 δὲ
700 1559 836 1598 πολλὰ
868 1557 949 1608 ἔτη,
975 1559 1038 1598 καὶ
1072 1556 1118 1607 ἦν
1145 1557 1418 1609 πρεσβύτερος
1446 1558 1510 1597 ὅτε
1543 1558 1626 1598 ε’τε-

298 1623 434 1664 λεύτα.
493 1625 556 1664 καὶ
581 1625 659 1677 ἐγὼ
684 1624 817 1674 ἐπειδὴ
844 1624 1023 1681 ᾐσθόμην
1047 1625 1109 1664 ὅτι
1127 1624 1201 1678 οὐχ
1226 1625 1307 1666 οἶός
1321 1623 1365 1664 τέ
1383 1625 1493 1664 ἐστιν
1518 1641 1625 1677 περι-

299 1689 499 1743 γενέσθαι,
535 1691 851 1743 μετεπεμψάμην
883 1692 1036 1732 τουτονὶ
1067 1690 1405 1743 Ὀλυμπιόδωρον,
1437 1692 1543 1732 ὅπως
1578 1689 1627 1732 ἂν

299 1764 402 1815 παρῇ
429 1759 490 1798 καὶ
528 1761 838 1809 συνεπιμελῆται
862 1758 949 1809 μεθ’
977 1758 1089 1809 ἡμῶν
1112 1757 1298 1798 ἁπάντων
1324 1759 1380 1798 ὧν
1411 1760 1625 1810 προσῆκεν.

300 1825 363 1865 καὶ
387 1824 709 1877 Ὀλυμπιόδωρος
734 1826 883 1872 οὑτοσί,
909 1823 939 1864 ὦ
963 1824 1100 1877 ἄνδρες
1125 1825 1318 1870 δικασταί,
1345 1824 1479 1875 ἐπειδὴ
1504 1824 1626 1875 ἦλθεν

300 1891 351 1933 ὡς
376 1893 443 1942 ἐμὲ
470 1891 534 1932 καὶ
558 1892 630 1942 τὴν
654 1892 835 1944 ἀδελφὴν
860 1892 931 1942 τὴν
956 1895 1107 1938 ἑαυτοῦ,
1134 1891 1232 1943 ἐμὴν
1261 1894 1304 1933 δὲ
1335 1895 1512 1944 γυναῖκα,
1538 1891 1625 1943 μεθ’

257 1965 280 2000 6
299 1958 409 2009 ἡμῶν
452 1959 608 1999 ἅπαντα
645 1957 784 2014 διῴκει.
854 1961 979 2000 ὅντων
1020 1958 1052 1998 δ’
1090 1959 1201 2009 ἡμῶν
1240 1959 1331 2011 περὶ
1367 1959 1512 2009 ταύτην
1553 1958 1625 2009 τὴν

298 2027 580 2078 πραγματείαν,
610 2026 800 2079 ἐξαίφνης
822 2027 947 2079 λόγου
969 2043 1037 2078 μοι
1064 2025 1282 2078 προσφέρει
1300 2025 1625 2078 Ὀλυμπιόδωρος

349 2144 363 2165 1
389 2133 456 2166 οὔτ’
475 2134 512 2165 αὖ
528 2134 560 2164 Α
575 2146 583 2166 :
603 2138 674 2167 οὔτε
693 2135 716 2165 S
732 2135 757 2165 F
769 2134 799 2172 Q
814 2135 842 2164 D
977 2145 995 2175 7
1021 2134 1275 2175 ἐπιτυγχάνηται
1291 2134 1316 2165 S
1446 2144 1468 2174 9
1483 2135 1623 2174 ἀναγνώ-

299 2191 394 2218 σομαι
411 2179 440 2209 Α
587 2188 621 2208 11
649 2180 743 2210 αὐτὸς
762 2177 854 2210 οὗτος
869 2177 901 2208 Α
914 2178 940 2208 F
1086 2189 1122 2217 17
1148 2179 1240 2210 ἔσται
1258 2178 1485 2215 Herwerden,
1503 2178 1563 2208 sed
1579 2178 1620 2209 cs.

299 2221 368 2251 xliii
386 2232 422 2251 21
517 2222 549 2252 δὲ
569 2222 614 2252 S:
639 2223 699 2262 ’γὰρ
715 2223 803 2261 vulg.
922 2223 961 2253 18
985 2221 1096 2261 Κόμων
1113 2221 1195 2252 S1A
1208 2222 1237 2252 D
1254 2221 1307 2252 hic
1324 2226 1358 2252 et
1375 2222 1460 2251 infra
1475 2232 1483 2252 ε
1515 2220 1623 2253 Κόνων

299 2265 399 2303 vulg.‚
420 2266 548 2296 Libanii
566 2267 660 2306 Arg,
682 2266 849 2296 Maximus
866 2276 885 2295 v
901 2267 964 2304 584
983 2265 1126 2306 (Waltz)
1237 2275 1365 2295 comma
1382 2270 1458 2304 post
1475 2266 1621 2297 Ἁλαιεὺς

300 2309 363 2339 del.
394 2308 560 2340 Schaeser
736 2319 779 2340 20
801 2310 918 2345 ἐβίωσε
949 2309 974 2340 S
1099 2308 1331 2350 πρεσβύτερος]
1358 2308 1542 2349 πρεσβύτης
1568 2307 1620 2338 A:

299 2352 520 2392 πρεσβύτατος
538 2352 758 2382 Herwerden
775 2363 782 2391 ;
807 2354 867 2383 sed
886 2352 926 2384 cs.
945 2353 1046 2383 Isocr.
1065 2362 1111 2382 xv
1130 2362 1191 2391 195
1325 2362 1362 2381 21
1391 2350 1512 2392 ἐπειδὴ]
1531 2353 1571 2383 ὡς
1586 2351 1619 2382 Α

301 2397 390 2427 ἐστιν
413 2395 474 2426 5¹:
503 2396 595 2427 ἔσται
613 2395 637 2426 S
653 2406 738 2426 corr.
760 2397 851 2435 vulg.
989 2395 1213 2436 περιγενέσθαι
1235 2405 1298 2426 om.
1325 2393 1375 2433 S¹‚
1399 2395 1476 2425 add.
1494 2395 1529 2424 in
1554 2404 1617 2433 mg.

300 2439 372 2469 ead.
393 2449 433 2470 m.
550 2449 591 2476 23
616 2438 673 2470 ὧιΓἸ
694 2441 734 2471 ὡς
749 2438 780 2469 Α
864 2439 1017 2480 προσήκει
1034 2439 1059 2469 F
1072 2439 1102 2477 Q
1117 2438 1146 2468 D
1231 2448 1271 2477 27
1297 2439 1382 2479 φέρει
1399 2437 1429 2467 Λ
1501 2440 1619 2477 Ὀλυμ-

299 2482 449 2522 πιόδωρος
467 2492 530 2512 om.
550 2481 599 2522 S',
618 2483 694 2514 add.
713 2483 746 2512 in
765 2493 829 2522 mg,
847 2483 922 2513 cad.
941 2493 982 2513 m.

1650 847 1689 869 10

1652 1238 1687 1269 ¹5

1649 1572 1689 1593 20
