1763 2778
129 140 262 196 paq

220 390 258 426 51

221 862 263 898 52

132 1423 267 1479 [1223]

223 1490 266 1525 53

660 139 1177 195 [ΔΗΜΟΣΘΕΝΟΎᾞ
1570 140 1609 196 [ι

283 243 525 296 κυβερνήτης
551 245 612 284 ὅτι
634 242 869 297 τριήραρχός
898 260 940 284 τε
971 243 1050 296 ἐγὼ
1074 245 1140 293 τῆς
1171 243 1267 285 νεὼς
1293 244 1376 293 εἵην
1401 243 1463 283 καὶ
1487 243 1603 284 ὑπεύ-

283 314 409 358 θυνος,
437 312 501 351 καὶ
526 310 595 351 τὸν
626 310 772 362 μισθὸν
799 310 888 363 παρ’
915 312 1010 361 ἐμοῦ
1039 309 1255 361 λαμβάνοι·
1293 310 1509 350 πλεύσοιτο
1537 311 1606 351 οῦν

283 379 320 419 οἶ
345 379 422 431 ἐγὼ
449 377 609 428 κελεύω,
632 379 686 420 εἰς
712 377 856 418 Θάσον
881 377 933 420 ὡς
959 381 1028 418 τὸν
1054 377 1289 430 στρατηγόν.
1354 377 1607 429 ἀφικομένων

282 445 314 485 δ’
340 445 451 497 ἡμῶν
485 451 532 502 τῇ
568 445 757 499 ὑστεραίᾳ
794 446 849 487 εἰς
885 444 956 494 τὴν
993 443 1149 491 Θάσον,
1183 443 1483 495 μεταπέμπεταί
1512 461 1560 496 με
1588 446 1608 484 ὁ

281 514 525 565 Τιμόμαχος,
553 512 599 552 οὗ
629 511 820 563 κατήγετο
850 511 925 563 ἔξω
951 512 1118 564 τείχους.
1190 511 1442 563 φοβούμενος
1471 510 1505 551 δ’
1529 512 1607 563 ἐγὼ

282 579 335 631 μὴ
361 581 515 629 δεθείην
551 579 784 629 διαβληθεὶς
809 580 883 619 ὑπὸ
915 581 984 619 τοῦ
1011 578 1262 625 Καλλίππου,
1288 577 1403 620 αὐτὸς
1434 581 1506 629 μὲν
1535 578 1609 632 οὐχ

283 647 476 693 ὑπακούω,
516 647 621 686 ἀλλὰ
652 645 758 698 λέγω
793 649 846 701 τῷ
883 645 1055 702 ὑπηρέτῃ
1091 647 1153 686 ὅτι
1186 647 1224 686 εἴ
1245 662 1284 686 τι
1316 646 1510 697 βούλοιτό
1543 663 1610 697 μοι

284 713 555 766 διαλέγεσθαι,
588 715 630 754 ἐν
659 713 705 769 τῇ
732 714 857 768 ἀγορᾷ
889 712 1043 763 ἔσομαι,
1071 712 1139 753 τὸν
1165 715 1206 753 δὲ
1238 716 1358 753 παῖδα
1389 712 1609 764 συμπέμπω

283 781 400 835 αὐτῷ,
432 780 482 821 ἵν’
518 781 556 822 εἴ
587 781 628 821 τί
659 797 726 831 μοι
761 779 1014 834 προστάττοι,
1047 781 1223 823 ἀκούσας
1253 781 1495 832 ἀπαγγείλαι
1527 797 1606 831 μοι.

284 849 348 888 διὰ
381 850 454 899 μὲν
485 848 630 890 ταύτας
661 849 733 890 τὰς
763 847 902 895 αἰτίας,
933 846 963 889 ὦ
993 846 1131 899 ἄνδρες
1165 848 1360 894 δικασταί,
1394 847 1439 889 ἃς
1476 849 1611 899 εἴρηκα

285 915 380 968 πρὸς
404 916 516 966 ὑμᾶς,
543 916 563 956 ὁ
588 915 819 968 Τιμόμαχος
844 914 913 955 οὐκ
937 914 1136 967 η’νάγκαζε
1163 914 1495 965 παραλαμβάνειν
1518 918 1606 955 τοῦ-

283 999 352 1023 τον
375 982 448 1034 τὴν
473 986 582 1030 ναῦν,
608 982 669 1024 ἔτι
692 984 732 1024 δὲ
759 982 822 1023 καὶ
852 983 1101 1033 βουλόμενος
1124 981 1240 1023 αὐτὸς
1269 983 1443 1035 χρῆσθαι
1468 985 1516 1040 τῇ
1545 981 1610 1032 νηὶ

285 1050 336 1091 ὡς
368 1049 513 1102 ἄριστα
543 1050 734 1106 πλεούσῃ.
806 1048 877 1099 τὴν
905 1050 979 1101 μὲν
1011 1050 1087 1102 γὰρ
1118 1045 1213 1100 [τοῦ]
1245 1049 1516 1102 Θρασυλόχου
1542 1052 1612 1089 τοῦ

285 1116 578 1169 Ἀναγυρασίου
600 1115 749 1169 τριήρη,
777 1109 843 1169 ἐφ’
869 1116 914 1167 ἧς
944 1115 1060 1158 αὐτὸς
1083 1116 1212 1165 ἔπλει,
1239 1116 1308 1156 τὸν
1337 1115 1611 1170 Θρασύλοχον

284 1185 336 1239 τῷ
360 1186 585 1238 Καλλίππῳ
601 1187 813 1235 ,μισθῶσαι
838 1184 909 1234 τὴν
938 1183 1195 1236 τριηραρχίαν
1219 1182 1392 1229 ἔπεισεν,
1418 1182 1469 1223 ἵν’
1493 1183 1608 1224 αὖτο-

287 1251 439 1304 κράτωρ
463 1250 517 1292 ὢν
541 1252 561 1291 ὁ
589 1251 828 1293 Κάλλιππος
851 1253 921 1302 τῆς
949 1251 1046 1292 νεὼς
1069 1249 1162 1303 ἄγοι
1191 1249 1262 1290 τὸν
1287 1250 1608 1302 Καλλίστρατον·

286 1318 403 1361 αὐτὸς
428 1318 460 1359 δ’
485 1320 640 1369 ἀναβὰς
671 1319 734 1360 ἐπὶ
759 1318 830 1368 τὴν
856 1318 953 1370 ἐμὴν
970 1321 1064 1359 ναῦν
1080 1316 1288 1370 περιέπλει
1310 1320 1520 1370 πανταχοῖ,
1536 1318 1609 1361 ἕως

288 1386 454 1439 ἀφίκετο
479 1387 534 1427 εἰς
558 1384 880 1436 (Ελλήσποντον.

355 1452 520 1504 Ἐπειδὴ
557 1453 589 1493 δ’
623 1453 750 1494 οὐκέτι
786 1454 902 1506 χρεία
935 1451 984 1503 ἦν
1020 1451 1122 1508 αὐτῷ
1157 1450 1338 1504 τριήρων,
1378 1450 1612 1503 ἐμβιβάσας

286 1537 354 1571 μοι
399 1523 568 1561 Λυκῖνον
608 1519 677 1561 τὸν
720 1519 940 1570 Παλληνέα
977 1518 1153 1572 ἄρχοντα
1193 1521 1248 1561 εἰς
1288 1519 1360 1571 τὴν
1398 1523 1506 1566 ναῦν,
1548 1519 1612 1560 καὶ

286 1586 514 1640 προστάξας
538 1587 640 1642 αὐτῷ
664 1586 748 1628 καθ’
775 1586 923 1639 ἡμέραν
948 1587 1134 1640 ἀργύριον
1159 1587 1309 1628 διδόναι
1331 1590 1413 1628 τοῖς
1437 1586 1609 1632 ναύταις,

286 1656 483 1696 ἀποπλεῖν
509 1654 640 1696 οἴκαδέ
658 1672 706 1706 με
733 1654 928 1695 ἐκέλευεν.
1003 1653 1136 1704 ἐπειδὴ
1161 1654 1293 1694 τοίνυν
1321 1653 1611 1696 καταπλέοντες

286 1723 418 1763 οἴκαδε
442 1721 541 1772 ἦμεν
567 1723 609 1762 ἐν
641 1721 810 1776 Τενέδῳ,
840 1723 902 1762 καὶ
934 1722 1023 1762 οὔτε
1048 1722 1068 1761 ὁ
1100 1724 1278 1767 Λυκῖνος,
1306 1719 1335 1777 ᾧ
1365 1719 1612 1774 προσέταξεν

288 1790 310 1829 ὁ
339 1789 584 1843 Τιμόμαχος,
616 1790 745 1830 ἐδίδου
773 1793 855 1830 τοῖς
889 1789 1047 1830 ναύταις
1080 1788 1309 1840 σιτηρέσιον
1339 1786 1399 1836 (οὐ
1428 1790 1505 1841 γὰρ
1531 1788 1610 1840 ἔφη

289 1855 410 1910 ἔχειν,
432 1856 525 1897 ἀλλ’
541 1857 584 1896 ἐκ
602 1855 831 1906 Μυτιλήνης
847 1855 1080 1908 λήψεσθαι),
1109 1856 1150 1896 οἵ
1170 1872 1213 1896 τε
1239 1859 1475 1907 στρατιῶται
1501 1853 1612 1909 εἶχον

288 1923 401 1965 οὐδὲν
420 1924 511 1964 ὅτου
529 1922 577 1964 ἂν
597 1924 890 1971 ἐπεσιτίσαντο,
908 1923 1040 1971 ἄσιτοι
1065 1924 1107 1964 δὲ
1127 1922 1194 1963 οὐκ
1215 1922 1263 1963 ἂν
1280 1923 1467 1964 ἐδύναντο
1493 1922 1608 1963 ἐλαύ-

333 2042 347 2064 1
373 2046 410 2065 τε
426 2043 492 2064 om.
512 2032 536 2064 S
555 2033 588 2062 in
607 2032 673 2063 fine
689 2042 808 2064 versus
926 2044 946 2064 2
967 2031 1126 2072 λαμβάνει
1142 2031 1174 2062 Α
1304 2041 1324 2070 3
1348 2030 1452 2063 οῑοτη.
1469 2030 1518 2070 5¹,
1531 2032 1608 2063 add.

286 2087 355 2108 s.v.
384 2077 457 2107 ead.
485 2087 527 2107 m.
640 2078 683 2109 εἷς
707 2078 763 2117 (ὡς
786 2078 826 2116 Α)
847 2101 852 2106 .
872 2101 879 2109 .
900 2101 907 2108 .
929 2077 1115 2118 στρατηγὸν
1139 2076 1204 2106 del.
1232 2075 1447 2107 Herwerden
1472 2080 1506 2105 ut
1523 2075 1612 2106 solet

289 2131 306 2160 7
331 2119 484 2158 βούλοιτο
501 2120 525 2152 S
540 2120 593 2150 D:
616 2120 770 2157 βούλεται
786 2121 874 2159 vulg.
985 2131 1006 2160 9
1031 2121 1214 2161 ἀπαγγείλῃ
1234 2119 1264 2148 Α
1281 2119 1306 2149 F
1325 2130 1408 2151 corr.
1531 2129 1567 2149 11
1595 2122 1611 2151 ὁ

286 2174 351 2195 om.
369 2163 402 2194 A
475 2175 512 2203 13
535 2166 593 2196 τοῦ
609 2164 822 2205 Θρασυλόχου
840 2165 937 2196 codd.
955 2175 962 2195 z
985 2166 1042 2196 τοῦ
1059 2165 1124 2194 del.
1139 2163 1238 2194 BlaSS
1310 2173 1412 2202 14-15
1436 2163 1493 2194 τὸν
1510 2168 1608 2203 Θρασ.

288 2209 387 2240 πείθει
403 2210 448 2248 τῷ
462 2208 487 2237 F
503 2207 532 2246 Q
549 2207 675 2238 omisso
695 2218 775 2238 mox
792 2208 919 2239 ἔπεισεν
1030 2218 1067 2246 15
1091 2209 1153 2246 τὴν
1171 2208 1378 2248 τριηραρχίαν
1392 2206 1456 2237 del.
1476 2206 1610 2236 Dobree

292 2253 331 2282 16
354 2252 426 2291 ἄγοι
444 2252 683 2283 Herwcrden:
709 2251 853 2293 περιάγοι
871 2252 980 2289 codd.,
996 2252 1038 2282 ob
1060 2252 1244 2290 insequens
1261 2251 1434 2291 περιέπλει,
1455 2255 1547 2289 puto.
1568 2250 1609 2282 cs.

291 2297 327 2333 ἐξ
345 2296 396 2334 48,
418 2305 460 2333 49
574 2306 609 2334 17
637 2298 715 2336 ἐμὴν
730 2306 795 2327 om.
815 2296 845 2326 A
970 2304 1008 2325 21
1036 2294 1197 2335 ἀργύριον]
1214 2295 1327 2333 μισθὸν
1343 2294 1373 2323 Α
1477 2303 1518 2323 22
1543 2293 1611 2325 ἐκέ-

289 2346 406 2371 λευσεν
420 2339 517 2370 Blass
613 2349 654 2377 23
678 2347 822 2371 λυκεινος
840 2339 864 2369 S
967 2349 1008 2377 24
1032 2340 1066 2370 οὐ
1082 2339 1142 2378 γὰρ
1159 2338 1220 2378 ἔφη
1232 2361 1239 2369 .
1254 2360 1261 2367 .
1276 2361 1283 2368 .
1304 2337 1487 2377 σιτηρέσιον
1500 2338 1532 2374 (ξ
1552 2338 1607 2375 56)

290 2393 356 2413 om.
374 2382 405 2412 A
421 2383 531 2422 spatio
548 2382 615 2412 xvii
633 2393 790 2414 versuum
808 2393 912 2413 vacuo
930 2381 1065 2421 relicto;
1091 2392 1157 2412 om.
1176 2382 1278 2420 igitur
1295 2391 1320 2419 r,
1344 2380 1377 2411 in
1395 2380 1545 2420 Asuppl.
1565 2390 1607 2410 m.

290 2436 356 2458 rec.
449 2428 491 2456 26
508 2428 546 2458 ἂν
563 2428 790 2459 ἐπεσιτίσαντο
804 2426 920 2457 Blass:
939 2427 978 2457 ἂν
995 2426 1227 2458 ἐπισιτίσαιντο
1243 2425 1356 2456 codd.:
1375 2426 1610 2456 ἐπισιτίσαιντο

292 2470 407 2500 Naber
494 2471 533 2502 ἂν
549 2476 626 2501 ante
648 2472 797 2503 ἐδύναντο
813 2469 879 2501 del.
899 2469 1011 2500 Naber

1633 866 1672 888 10

1633 1539 1674 1560 20

1633 1875 1672 1906 25
