1763 2778
79 131 219 187 [1268]
658 131 1145 169 ΔΗΜΟΣΘΕΝΟΎΣ
1490 127 1568 183 [m

241 231 420 281 τοιαύτης
445 231 854 285 φιλαπεχθημοσύνης
881 232 944 272 καὶ
969 233 1156 283 πονηρίας
1186 232 1246 272 καὶ
1273 233 1469 275 ἀναιδείας
1506 232 1567 273 καὶ

241 300 412 351 ὕβρεως;
439 298 567 339 πάντα
591 300 668 351 γὰρ
690 297 797 338 ταῦτ’
823 297 948 351 ἔμοιγ’
966 301 1008 339 ἐν
1024 303 1105 340 τοῖς
1130 299 1205 339 ὑπὸ
1224 299 1372 340 τούτων
1397 317 1564 352 πραττο-

240 365 371 416 μένοις
396 367 539 406 ἐνεῖναι
564 369 682 406 δοκεῖ.
744 366 869 406 καίτοι
889 367 951 406 καὶ
975 366 1123 406 τούτων
1148 365 1246 418 ἕτερ’
1265 367 1374 407 ἐστὶι·
1391 384 1565 419 πεπραγ-

240 432 340 484 μένα
363 433 514 474 τούτοις
540 434 751 485 δεινότερα,
779 431 870 473 ἀλλ’
894 433 1005 483 ἡμεῖς
1030 434 1103 487 οὐχ
1129 434 1271 474 οἷοίτε
1295 433 1492 486 γενοίμεθ’
1519 433 1568 475 ἂν

241 499 391 542 πάντας
415 499 586 552 ἐξευρεῖν
609 499 698 542 τοὺς
722 499 990 551 ἠδικημένους.
1603 518 1622 550 5

178 575 221 619 38
301 565 357 607 Ὃ
397 568 529 607 τοίνυν
568 567 727 608 πάντων
765 566 1051 609 ἀναιδέστατον
1091 567 1256 619 μέλλειν
1286 567 1404 608 αὐτὸν
1439 567 1566 609 ἀκούω

241 638 379 680 ποιεῖν,
420 633 586 686 βέλτιον
626 634 770 686 νομίζω
808 640 1008 686 προειπεῖν
1042 635 1135 686 ὑμῖν
1170 636 1281 676 εῖναι.
1353 635 1455 687 φασὶ
1492 637 1568 688 γὰρ

241 701 602 753 παραστησάμενον
620 701 711 744 τοὺς
743 705 884 744 παῖδας
919 701 1038 743 αὐτὸν
1071 701 1346 742 κατὰ’τούτων
1371 703 1565 753 ὀμεῖσθαι,

242 769 304 808 καὶ
330 768 425 821 ἀράς
450 785 557 810 τινας
583 770 714 812 δεινὰς
737 769 801 809 καὶ
829 768 1009 822 χαλεπὰς
1040 768 1318 822 ἐπαράσεσθαι
1350 770 1411 810 καὶ
1436 770 1565 810 τοιαύ-

241 853 310 878 τας
339 836 423 878 οἵας
452 836 628 886 ἆκηκοώς
653 835 700 889 γε’
722 853 781 878 τις
807 835 1012 887 θαυμάσας
1038 836 1293 889 ἀπήγγελλεν
1317 837 1422 887 ἡμῖν.
1481 837 1568 877 ἔστι
1589 855 1628 878 ιο

241 902 288 949 δ’,
315 901 344 943 ὦ
370 902 508 956 ἄνδρες
533 903 728 950 δικασταί,
762 904 1018 944 ἀνυπόστατα
1049 906 1121 954 μὲν
1150 902 1198 943 τὰ
1227 907 1387 944 τοιαῦτα
1422 902 1568 954 τολμή-

240 986 358 1021 ματα’
393 971 430 1010 οἱ
455 972 529 1022 γὰρ
554 970 661 1022 οἶμαι
685 969 895 1021 βέλτιστοι
914 971 976 1011 καὶ
994 970 1123 1021 ἥκιστ’
1148 970 1196 1011 ἂν
1221 971 1334 1011 αὐτοί
1355 988 1391 1010 τι
1416 970 1568 1023 ψευσά-

75 1040 220 1096 [1269]
241 1054 353 1088 μενοι
376 1035 542 1088 μάλισθ’
565 1037 641 1078 ὑπὸ
665 1042 742 1078 τῶν
766 1038 954 1078 τοιούτων
969 1037 1252 1088 ἐξαπατῶνται·
1292 1037 1338 1078 οὐ
1359 1038 1436 1089 μὴν
1461 1039 1569 1078 ἀλλὰ

242 1107 304 1145 δεῖ
325 1103 422 1156 πρὸς
443 1104 515 1145 τὸν
538 1105 631 1156 βίον
657 1105 720 1145 καὶ
744 1104 814 1145 τὸν
847 1105 994 1157 τρόπον
1019 1104 1328 1156 ἀποβλέποντας
1351 1106 1566 1155 πιστεύειν.

178 1187 222 1222 39
242 1170 313 1221 τὴν
327 1173 370 1212 δὲ
394 1171 532 1212 τούτου
551 1171 648 1223 πρὸς
672 1173 721 1211 τὰ
739 1171 887 1212 τοιαῦτ’
910 1173 1124 1224 ὀλιγωρίαν
1141 1173 1218 1225 ἐγὼ
1242 1171 1338 1224 πρὸς
1362 1173 1459 1223 ὑμᾶς
1479 1174 1567 1224 ἐρῶ·
1591 1191 1629 1224 15

242 1237 446 1290 πέπυσμαι
470 1240 544 1291 γὰρ
571 1237 619 1290 ἐξ
639 1237 824 1292 ἀνάγκης.
897 1240 1023 1279 ἀκούω
1046 1239 1137 1292 (γάρ,
1163 1238 1193 1280 ὦ
1218 1239 1356 1292 ἄνδρες
1372 1239 1567 1286 δικασταί,

243 1304 417 1359 Βάκχιόν
441 1305 484 1347 τέ
506 1322 606 1352 τινα,
635 1305 676 1348 ὃς
702 1305 791 1358 παρ’
827 1307 917 1357 ὑμῖν
953 1305 1136 1353 ἀπέθανε,
1171 1307 1233 1347 καὶ
1259 1305 1570 1359 Ἀριστοκράτην

241 1372 309 1413 τὸν
333 1372 423 1415 τοὺς
447 1373 679 1425 ὀφθαλμοὺς
703 1372 992 1425 διεφθαρμένον
1019 1374 1080 1414 καὶ
1105 1374 1304 1416 τοιούτους
1327 1372 1483 1425 ἑτέρους
1509 1373 1570 1413 καὶ

244 1440 410 1480 Κόνωνα
440 1441 595 1480 τουτονὶ
632 1441 808 1492 ἑταίρους
836 1441 937 1481 εἶναι
971 1439 1139 1493 μειράκι’
1166 1443 1281 1483 ὄντας
1308 1441 1370 1480 καὶ
1393 1444 1568 1493 Τριβαλ-

241 1505 335 1548 λοὺς
361 1508 585 1558 ἐπωνυμίαν
609 1507 730 1560 ἔχειν·
767 1507 927 1550 τούτους
957 1507 1007 1549 τά
1027 1506 1061 1548 θ’
1085 1507 1275 1548 Ἑκαταῖα
1304 1505 1570 1560 [κατεσθίειν,]
1591 1528 1631 1550 20

245 1573 306 1614 καὶ
330 1573 422 1616 τοὺς
445 1576 577 1628 ὄρχεις
600 1574 691 1617 τοὺς
723 1576 765 1615 ἐκ
801 1579 880 1616 τῶν
911 1577 1072 1629 χοίρων,
1102 1576 1161 1618 οἶς
1189 1576 1443 1627 καθαίρουσιν
1475 1576 1570 1615 ὅταν

245 1639 413 1681 εἰσιέναι
444 1641 666 1692 μέλλωσιν,
697 1641 972 1694 συλλέγοντας
1005 1642 1197 1684 ἑκάστοτε
1222 1645 1471 1683 συνδειπνεῖν
1495 1642 1566 1682 ἀλ-

178 1722 227 1755 4ο
244 1707 397 1758 λήλοις,
432 1707 493 1748 καὶ
524 1709 623 1764 ῥᾷον
654 1710 817 1760 ὀμνύναι
850 1710 914 1750 καὶ
947 1711 1145 1762 ἐπιορκεῖν
1172 1706 1196 1760 ἢ
1229 1710 1370 1750 ὁτιοῦν.
1444 1709 1488 1749 οὐ
1523 1708 1568 1760 δὴ

246 1775 385 1816 Κόνων
410 1776 430 1814 ὁ
453 1779 629 1819 τοιοῦτος
659 1776 802 1818 πιστός
832 1778 942 1817 ἐστιν
979 1777 1145 1828 ὀμνύων,
1184 1776 1273 1817 οὐδὲ
1309 1779 1462 1817 πολλοῦ
1498 1779 1567 1821 δεῖ,

244 1841 336 1882 ἀλλ’
363 1842 384 1882 ὁ
410 1841 498 1894 μηδ’
525 1844 685 1895 εὔορκον
711 1841 850 1896 (ἑκὼν)
872 1846 994 1896 μηδὲν
1029 1846 1078 1884 ἂν
1113 1843 1276 1894 ὀμόσας,
1314 1845 1412 1884 κατὰ
1447 1845 1488 1884 δὲ
1524 1842 1568 1893 δὴ
1592 1862 1630 1893 25

245 1909 396 1950 παίδων
420 1911 473 1950 ὧν
497 1909 549 1961 μὴ
576 1911 752 1961 νομίζετε
776 1909 866 1962 μηδ’
891 1911 939 1952 ἂν
963 1909 1184 1962 μελλήσας,
1212 1911 1320 1958 ἀλλὰ
1344 1909 1415 1951 κᾶν
1441 1911 1571 1950 ὁτιοῦν

743 1977 891 1992 ''l''

245 1977 382 2017 παθὼν
413 1977 613 2029 πρότερον,
649 1979 682 2018 εἰ
718 1980 738 2017 δ
776 1995 823 2029 αρ
874 1981 1100 2030 αναγκαῖον,
1127 1977 1280 2029 ὀμνύων
1314 1976 1364 2018 ὡς
1389 1977 1567 2028 νόμιμον,

293 2093 314 2125 3
331 2087 378 2118 καὶ
393 2096 458 2116 om.
473 2085 502 2124 Q
516 2085 545 2115 D
613 2097 633 2127 4
648 2085 804 2127 ’γενοίμεθ’
817 2086 872 2128 ἄν]
889 2087 1062 2128 ἐγενόμεθα
1072 2086 1102 2117 Α
1172 2097 1194 2126 9
1210 2086 1421 2127 ἐπαράσεσθαι
1434 2085 1458 2117 S
1468 2096 1570 2118 corn:

245 2129 462 2171 ἐπαράσασθαι
475 2129 511 2160 5¹
524 2130 612 2169 vulg.
727 2141 766 2161 10
786 2131 1033 2172 ἇπήγγελλενὸ
1045 2130 1086 2169 Q,
1106 2130 1147 2162 cf.
1159 2140 1205 2160 xx
1221 2140 1296 2169 105,
1309 2130 1366 2160 xxi
1381 2131 1445 2169 36:
1468 2130 1570 2171 ἀπή-γ·

244 2181 356 2214 Ὑειλεν
372 2173 459 2211 vulg.
556 2184 591 2212 14
615 2174 847 2210 ἀποβλέποντα
862 2175 892 2204 Α
984 2176 1022 2205 18
1043 2173 1169 2216 ἑτέρους
1185 2175 1274 2206 τινὰς
1290 2173 1322 2203 Λ
1410 2183 1452 2203 20
1476 2186 1568 2205 κατε-

246 2218 345 2249 σθίειν
356 2216 398 2255 Α,
414 2217 580 2248 Maximus
591 2228 611 2247 v
621 2219 686 2257 589
696 2217 754 2249 W.
772 2228 779 2248 :
796 2219 979 2250 κατακαίειν
989 2223 1066 2249 cett.
1082 2229 1089 2248 ε
1118 2217 1182 2249 del.
1200 2218 1323 2248 Baiter.
1367 2222 1422 2247 aut
1435 2216 1500 2247 del.
1512 2222 1568 2247 aut

245 2269 424 2299 utrumque
441 2271 484 2290 cx
500 2263 685 2294 καταπαίειν
701 2266 810 2292 ortum
829 2267 920 2302 puto.
963 2262 1065 2292 multa
1083 2262 1115 2291 in
1135 2262 1197 2292 hac
1213 2261 1422 2291 oratiuncula
1435 2270 1566 2291 comoe-

245 2304 332 2333 diam
346 2304 482 2343 sapiunt
583 2315 620 2334 21
640 2306 698 2338 τὰς
709 2305 808 2346 ὄρνεις
821 2306 878 2337 τὰς
890 2307 926 2337 ἐκ
935 2308 1000 2337 τῶν
1016 2307 1128 2345 χωρῶν
1139 2305 1207 2345 (χο.
1225 2304 1270 2345 Α)
1290 2303 1338 2336 αῖς
1355 2304 1464 2342 eodd.‚
1480 2314 1564 2335 corr.

246 2347 485 2378 Hemsterhuis
574 2358 614 2378 22
630 2349 845 2389 μέλλουσινὸ
935 2359 976 2387 23
993 2350 1012 2386 ἢ
1029 2359 1082 2379 om
1101 2348 1167 2387 FQ
1180 2348 1210 2378 D
1300 2357 1342 2386 25
1359 2349 1439 2380 ἑκὼν
1455 2347 1567 2378 addidi

245 2392 287 2421 26
303 2389 345 2422 ὧν
360 2392 404 2430 μὴ
418 2390 561 2431 νομίζετε
575 2391 748 2432 (νομίζεται
759 2392 805 2431 Α)
825 2396 899 2432 post
916 2391 1036 2431 ὀμόσας
1053 2397 1182 2431 transp.
1199 2391 1332 2422 Dobree
1348 2402 1355 2430 ;
1381 2391 1421 2422 cs.
1436 2390 1566 2422 Dikaio-

246 2439 333 2464 mata
350 2444 362 2464 1
372 2435 493 2464 18—121
590 2437 631 2465 26
646 2435 718 2475 μηδ’
730 2436 768 2467 ἂν
784 2435 814 2466 Α
830 2447 837 2466 :
860 2435 960 2475 μηδὲν
973 2435 996 2466 S
1008 2435 1032 2465 F
1046 2435 1076 2474 Q
1089 2435 1118 2465 D
1134 2447 1141 2466 :
1157 2435 1258 2476 μηδὲν
1266 2433 1340 2476 μηδ’
1353 2436 1391 2466 ἂν
1405 2434 1569 2465 Schaeser

245 2478 319 2518 κᾶν]
338 2479 389 2510 καὶ
406 2477 436 2507 Α
525 2489 564 2517 27
582 2477 608 2510 δ’
626 2477 669 2519 ἄρ’
686 2478 718 2509 Α
734 2490 742 2510 2
769 2479 802 2511 δὲ
821 2484 898 2510 cett.
989 2479 1110 2519 ὀμνύων
1125 2478 1174 2510 A:
1203 2481 1219 2511 ὁ
1236 2479 1356 2519 ὀμνύων
1372 2483 1449 2509 cett.
