1763 2778
131 101 272 158 [1430]
715 108 1201 147 ΔιιΜοΣΘΕΝοΎΣ

1020 206 1030 221 ἲ
1062 208 1093 221 'N
1237 209 1250 220 N

293 207 415 258 ὀρθῶς
445 206 660 259 ἐγνωκέναι
687 208 903 254 πεπείσθω,
939 208 1018 247 ὰλλ
1055 223 1126 247 εαν
1153 224 1258 259 παρα
1289 206 1410 248 ταῦτά
1443 225 1482 249 τι
1518 225 1616 259 συμ-

292 275 416 329 βαίνῃ
438 273 645 326 λέγεσθαι,
671 275 868 314 σκοπείτω
893 273 1009 314 πάνθ’
1033 275 1246 325 ὑπομείνας
1271 276 1450 321 ἀκοῦσαι,
1477 274 1545 315 εἶτ’
1568 273 1618 314 ἂν

293 342 416 392 ὀρθῶς
450 342 634 392 εἰρῆσθαί
655 359 692 382 τι
717 345 822 398 δοκῇ,
850 341 1026 394 χρήσθω.
1098 341 1144 381 οὐ
1174 343 1250 394 γὰρ
1282 341 1400 392 ἧττον
1430 341 1618 393 ὑμέτερον

293 407 407 448 ἔσται
438 412 516 448 τῶν
551 407 817 461 χρησαμένων
849 409 894 449 τὸ
929 411 1174 460 κατορθωθὲν
1203 406 1263 460 <η>
1292 412 1361 449 τοῦ
1390 408 1488 461 πρὸς
1519 410 1617 460 ὑμᾶς

293 475 484 516 εἰπόντος.
541 475 566 526 ἡ
600 478 675 527 μὲν
709 475 777 515 οὖν
813 474 916 528 ἀρχὴ
949 479 1020 515 τοῦ
1057 479 1224 516 σκοπεῖν
1257 476 1382 528 ὀρθῶς
1419 477 1531 516 ἐστιν
1564 474 1616 527 μὴ
1638 494 1655 526 5

291 545 591 592 βεβουλεῦσθαι
622 542 714 592 πρὶν
745 541 792 593 ἐξ
817 543 870 583 ὧν
903 545 964 583 δεῖ
997 543 1300 593 βουλεύσασθαι
1336 543 1514 582 ἀκοῦσαι.
1574 542 1618 582 οὗ

292 610 367 660 γῖιρ
403 608 519 651 αὐτὸς
550 610 640 649 οὔτε
670 609 923 661 καιρὸςόὖτε
953 610 1099 661 τρόπος
1127 612 1196 649 τοῦ
1226 608 1260 649 τ’
1293 611 1536 662 ἐπικυρῶσαι
1568 610 1618 649 τὰ

293 678 481 716 δοκοῦντα
506 676 568 716 καὶ
593 679 663 716 τοῦ
686 675 920 729 σκέψασθαι
944 678 984 717 τί
1006 681 1160 728 πρῶτον
1186 679 1294 716 δοκεῖ
1316 676 1549 729 συμφέρειν.

926 819 986 857 ΙΘ

361 899 463 941 Μεθ’
485 901 604 949 ὑμῶν,
631 898 661 941 ῶ
695 900 833 952 ἄνδρες
857 899 1074 951 Ἀθηναῖοι,
1106 899 1362 953 παρελήλυθα
1395 901 1617 952 βουλευσό-
1641 917 1678 940 10

292 984 422 1018 μενος,
454 968 623 1019 πότερον
651 967 726 1020 χρή
759 985 806 1018 με
841 967 978 1020 λέγειν
1013 965 1035 1018 ἦ
1073 967 1138 1019 μή.
1209 968 1268 1008 διὸ
1303 967 1336 1008 δ’
1370 968 1484 1010 αὐτὸς
1516 967 1619 1008 τοῦτ’

292 1035 423 1086 ἀπορῶ
450 1038 588 1086 κρῖναι,
615 1034 759 1088 φράσω
784 1038 880 1087 πρὸς
902 1035 1014 1086 ὑμᾶς.
1053 1036 1266 1088 ἀναγκαῖον
1291 1035 1394 1076 εἶναί
1418 1052 1485 1086 μοι
1514 1037 1620 1076 δοκει

292 1105 346 1156 τῷ
369 1100 460 1152 μήθ’
485 1103 588 1157 αὑτῷ
611 1100 710 1153 μήτε
734 1102 841 1142 τισὶν
866 1103 1112 1155 χαρίσασθαι
1137 1101 1384 1157 βουλομένῳ,
1406 1101 1497 1142 ἀλλ’
1522 1103 1618 1155 ὑπὲρ

291 1169 398 1219 ὑμῶν
415 1170 540 1209 εἰπεῖν
555 1169 580 1209 ἃ
598 1168 784 1209 πέπεικεν
801 1168 938 1209 ἑαυτὸν
958 1171 1135 1220 μάλιστα
1155 1168 1386 1221 συμφέρειν,
1409 1169 1472 1209 καὶ
1491 1186 1620 1210 συνει-

291 1239 380 1276 πεῖν
405 1236 429 1276 ἃ
453 1239 582 1277 καλῶς
600 1235 791 1288 λέγουσιν
817 1237 1046 1288 ἀμφότεροι,
1074 1236 1136 1276 καὶ
1165 1235 1394 1277 τούναντίον
1419 1237 1618 1277 ἀντειπεῖν
1643 1254 1678 1285 15

291 1303 369 1342 ὅσα
384 1302 436 1353 μὴ
456 1302 570 1343 δίκαι’
591 1304 613 1343 ἀ
643 1306 782 1343 ιοῦσιν.
844 1304 877 1343 εἰ
893 1305 965 1353 μὲν
985 1303 1053 1343 οὖν
1070 1304 1178 1354 ὑμεῖς
1194 1302 1435 1354 ὑπομείναιτ’
1453 1305 1620 1344 ἀκοῦσαι

291 1369 398 1409 ταῦτ’
422 1370 628 1422 ἀμφότερα
661 1372 723 1410 διὰ
754 1369 955 1423 βραχέων,
981 1374 1120 1425 πολλῷ
1150 1369 1316 1421 βέλτιον
1343 1369 1392 1411 ἂν
1420 1370 1509 1423 περὶ
1542 1374 1620 1411 τῶν

291 1440 442 1476 λοιπῶν
458 1437 772 1487 βουλεύσαισθε·
812 1438 845 1477 εἰ
864 1439 907 1478 δὲ
925 1437 1017 1489 πρὶν
1035 1440 1174 1488 μαθεῖν
1194 1438 1451 1488 ἀποσταίητε,
1472 1435 1619 1490 γένοιτ’

292 1502 340 1544 ἂν
357 1504 442 1554 ἐμοὶ
457 1503 692 1556 μηδετέρους
709 1505 905 1544 ἀδικοῦντι
923 1503 1021 1554 πρὸς
1040 1503 1287 1557 ἀμφοτέρους
1303 1506 1618 1556 διαβεβλῆσθαι.

291 1574 403 1610 τοῦτο
432 1569 466 1610 δ’
499 1570 589 1624 οὐχὶ
613 1571 762 1612 δίκαιός
795 1573 873 1622 εἶμι
907 1573 1061 1612 παθεῖν.
1109 1572 1178 1611 ἐὰν
1212 1573 1284 1622 μὲν
1320 1571 1389 1612 οὖν
1420 1572 1617 1620 κελεύητε,
1641 1591 1681 1612 20

292 1638 446 1689 ἕτοιμός
472 1639 550 1689 εἰμι
575 1637 723 1691 λέγειν·
761 1639 794 1678 εἰ
820 1640 862 1679 δὲ
885 1637 952 1689 μή,
981 1639 1043 1679 καὶ
1069 1641 1224 1679 σιωπᾶν
1249 1637 1333 1692 ἔχει
1361 1655 1428 1690 μοι
1453 1642 1596 1680 καλῶς.

935 1769 969 1806 Κ

136 1857 268 1914 [1431]
358 1850 434 1891 Καὶ
475 1851 637 1898 δίκαιον,
678 1847 708 1890 ὦ
750 1849 888 1902 ἄνδρες
928 1849 1146 1900 Ἀθηναῖοι,
1187 1850 1249 1891 καὶ
1288 1849 1493 1903 συμφέρον
1529 1851 1629 1902 ὑμῖν.

289 1916 459 1968 ἡγοῦμαι
497 1919 566 1959 τὰς
604 1919 677 1969 μὲν
716 1918 844 1960 αἰτίας
884 1917 946 1958 καὶ
986 1919 1057 1960 τὰς
1099 1919 1344 1970 κατηγορίας,
1386 1919 1480 1958 ὅταν
1521 1922 1615 1969 βου-

290 1984 478 2024 λεύεσθαι
503 1983 585 2040 δέῃ,
613 1985 885 2036 παραλείπειν,
913 1984 1001 2036 περὶ
1032 1988 1109 2024 τῶν
1133 1985 1339 2036 παρόντων
1364 1987 1403 2025 δὲ
1434 1984 1570 2038 λέγειν
1599 1985 1622 2024 ὅ
1642 2005 1680 2035 25

291 2067 329 2091 τι
361 2050 580 2102 βέλτιστον
608 2051 776 2094 ἕκαστος
807 2051 972 2103 ἡγεῖται.
1029 2052 1088 2091 ὅτι
1123 2054 1195 2102 μὲν
1226 2051 1300 2104 γάρ
1336 2069 1454 2092 τινων
1485 2053 1620 2092 αἰτίων

292 2119 415 2158 ὄντων
442 2122 566 2160 κακῶς
589 2120 637 2158 τὰ
663 2117 856 2170 πράγματ’
877 2118 972 2171 ἔχει,
994 2117 1136 2159 πάντες
1162 2117 1422 2169 ἐπιστάμεθα·
1461 2117 1507 2169 ἐξ
1528 2119 1620 2158 ὅτου

341 2237 353 2256 1
382 2226 552 2267 ἐγνωκέναι
569 2236 675 2266 usque
695 2227 735 2257 ad
753 2241 789 2258 τε
806 2226 923 2267 λόγους
946 2226 1100 2258 Prooem.
1119 2237 1189 2257 xxv
1205 2237 1268 2258 om.
1289 2226 1320 2257 Y
1411 2229 1577 2267 συμβαίνει
1595 2226 1620 2258 S

294 2279 314 2309 3
339 2270 490 2310 ὑμέτερον
513 2281 578 2301 om.
605 2281 620 2300 r
797 2281 816 2308 4
842 2271 934 2302 ἔσται
954 2274 1018 2302 τῶν
1039 2271 1247 2311 χρησαμένων
1269 2271 1349 2312 (Sic)
1371 2271 1394 2301 S
1414 2271 1526 2309 vulg.:
1556 2273 1621 2302 τῶν

295 2313 505 2355 χρησαμένων
537 2315 627 2345 ἔσται
660 2324 676 2344 r
707 2313 836 2354 (Blass)
927 2315 946 2352 ἢ
978 2315 1051 2345 add.
1088 2314 1189 2345 Wolf
1312 2323 1332 2353 5
1355 2314 1414 2355 μὴ]
1447 2318 1504 2345 τοι)
1535 2313 1620 2354 μὴῧ

296 2367 314 2396 7
340 2358 436 2391 αὑτὸς
448 2357 484 2388 Sl
501 2369 509 2388 ι
534 2360 549 2389 ὁ
565 2358 660 2388 αὐτὸς
677 2367 692 2387 r
709 2367 715 2387 :
740 2358 834 2390 αὐτὸς
851 2361 927 2388 cett.
1019 2358 1048 2389 τ’
1065 2367 1130 2388 om.
1152 2367 1168 2387 ι·
1287 2359 1326 2387 16
1352 2357 1544 2397 ὑπομείναιτ’
1564 2368 1579 2387 r
1591 2357 1618 2388 C

297 2400 449 2440 (Wolf):
475 2402 654 2441 ὑπομείνετ’
670 2405 747 2432 cett.
845 2410 884 2439 19
901 2399 974 2439 μηδ’
991 2400 1118 2442 ἑτέρους
1136 2401 1161 2432 S
1237 2410 1275 2431 21
1303 2402 1330 2432 εἷ
1346 2402 1381 2432 δὲ
1396 2401 1440 2441 μή
1454 2414 1494 2442 ’γε
1511 2400 1616 2442 Ωγρ.,

295 2444 337 2475 cs.
358 2445 424 2475 xiv.
443 2453 485 2482 32
618 2454 660 2483 25
683 2447 872 2485 παραλιπεῖν
889 2444 942 2474 rC
