1763 2778
151 116 280 172 XLvm]
437 123 601 161 ΚΑΤΑ
650 122 1173 162 ΟΛὙΜΠΙΟΔΩΙῸΎ
1499 121 1633 177 [1166]

152 209 336 258 ἐνστάσης
355 210 390 247 οἱ
409 209 591 256 δικασταί,
615 209 810 259 πρόφασιν
828 210 897 259 τὴν
921 211 1118 261 στρατείαν
1140 211 1228 250 εἶναι
1254 214 1476 260 πεισθέντες,

151 265 296 301 ἀνεῖλον
311 264 422 301 αὑτοῦ
440 264 508 313 τὴν
527 263 768 302 διαδικασίαν·
793 264 849 302 διό
868 269 969 315 φησι
984 267 1273 315 Καλλίστρατος
1294 268 1352 305 καὶ
1373 270 1481 309 αὐτὸς

150 321 313 356 ἐκλιπεῖν
349 318 417 367 τὴν
448 321 513 357 τοῦ
551 319 773 368 ἡμικληρίου
807 319 923 368 δίκην,
954 322 1033 366 ταῖς
1068 321 1269 370 συνθήκαις
1302 324 1478 372 ἐμμένων,

151 372 273 422 ἐπειδὴ
295 373 397 423 κοινῇ
416 373 538 412 πάντα
554 374 729 423 πράττειν
745 374 925 412 ἐκέλευον.
984 376 1029 414 ὡς
1050 375 1079 412 δ’
1100 377 1308 424 ἐπανῆλθεν
1323 379 1480 426 ἀπὸτῆς
1501 391 1517 428 5

149 428 344 477 στρατείας
363 427 675 477 Ὀλυμπιόδωρος,
697 428 910 480 παλινδικίᾳ
928 431 1062 479 χρῆται
1082 431 1173 479 πρὸς
1191 431 1275 470 τοὺς
1295 433 1477 481 νενικηκό-

148 499 213 522 τας
243 482 302 520 καὶ
330 482 438 523 αὐτὸς
463 483 524 521 καὶ
552 484 572 521 ὁ
597 484 898 532 Καλλίστρατος,
921 484 1117 524 δεδωκότος
1140 488 1248 523 τοῦτο
1269 489 1333 523 τοῦ
1354 488 1478 537 νόμου.

150 537 209 574 καὶ
243 538 536 586 ἀμφισβητοῦσι
567 539 632 576 τοῦ
667 538 806 587 κλήρου
837 538 1003 587 καθάπερ
1038 540 1078 584 ἐξ
1110 540 1236 590 ἀρχῆς,
1269 541 1287 577 ὃ
1315 543 1383 591 μὲν
1414 545 1479 579 τοῦ

149 591 314 640 ἡμίσους,
337 592 357 629 ὁ
381 592 421 630 δὲ
443 592 502 630 καὶ
527 594 592 629 τοῦ
621 592 722 630 ὅλου.
782 593 957 642 πρότερος
982 593 1019 631 δὲ
1039 594 1160 645 λέγων
1176 595 1479 646 Ὀλυμπιόδωρος

148 648 230 684 νικᾶ.
252 648 318 684 τοῦ
338 647 488 696 κλήρου.
546 663 701 696 νικησας
721 646 758 684 δὲ
779 647 838 684 καὶ
862 648 995 696 λαβὼν
1022 648 1122 692 ὅλον,
1145 650 1209 686 οὐκ
1237 650 1381 699 ἐμμένει
1401 654 1479 691 ταῖς

91 718 129 738 10
148 699 347 750 συνθήκαις
379 700 435 741 αῖς
466 699 507 745 ἐξ
536 703 653 752 ἀρχῆς
687 702 901 750 ἐποιησατο,
933 702 1015 740 οὐδὲ
1049 702 1177 740 δίδωσι
1206 721 1252 742 τα
1281 705 1400 754 ἡμίση
1429 709 1478 743 τῶ

149 756 439 807 Καλλιστράτῳ.
497 757 516 793 ὁ
544 755 575 793 δ’
600 757 710 794 αὐτὸν
737 758 887 795 ἀπαιτεῖ
904 756 963 794 καὶ
991 759 1063 795 τῶν
1093 758 1352 807 ἑβδομηκοντα
1379 764 1478 809 μνῶν
1497 765 1518 798 6

146 813 219 848 τῶν
246 811 347 859 παρὰ
374 813 440 848 τοῦ
468 810 692 861 Μοσχίωνος
719 811 762 849 τὸ
791 811 909 859 ἣμισυ
939 828 998 848 και
1026 829 1091 861 της
1116 813 1207 862 ὅλης
1233 815 1370 858 οἰσιος,
1398 818 1477 854 ταῖς

147 864 347 914 συνθηκαις
377 865 663 916 ἰσχυριζόμενος,
696 866 756 903 καὶ
784 867 905 917 λεγων
935 883 993 904 και
1023 870 1060 904 ἐν
1092 870 1138 917 τῇ
1172 870 1366 906 τελευταια
1397 869 1476 920 δίκη

147 919 477 970 συναγωνισασθαι
499 922 551 970 τῷ
569 918 870 972 Ολυιιπιοδώρω,
894 921 954 958 καὶ
973 938 1296 972 συγκεχωρηκεναι
1317 941 1376 960 και
1394 924 1478 964 τοὺς

91 988 126 1020 ῐ5
146 973 282 1025 λόγους
310 975 422 1013 εἷπειν
449 973 510 1014 οἳς
537 975 718 1022 ἐβουλετο
742 975 801 1011 καὶ
826 992 1012 1024 μαρτυρας
1035 977 1303 1027 παρασχεσθαι
1322 978 1474 1027 ψειδεῖς,

146 1029 217 1072 οὕς,
244 1030 274 1066 εἷ
298 1028 352 1078 μὴ
378 1031 482 1080 κοινῇ
512 1029 571 1066 καὶ
600 1028 872 1078 συντεθειμένοι
901 1031 993 1079 πρὸς
1022 1031 1214 1080 ἀλληλους
1241 1033 1473 1083 ἠγωνιζοντο,

145 1083 275 1134 ῥαδιως
303 1081 348 1122 ἂν
376 1083 576 1136 ἐξελεγξαι,
601 1101 659 1121 και
681 1085 745 1121 οἰκ
766 1087 875 1122 ἐᾶσαι
900 1086 965 1123 τὸν
992 1085 1301 1136 Ολυμπιόδωρον
1327 1104 1475 1136 νικησιιι

144 1154 212 1186 την
232 1137 345 1187 δίκην.

111 439 129 471 (ss

212 1236 451 1290 Ἀναγκαῖον
476 1238 574 1280 ἴσως
602 1239 725 1285 ἐστίν,
761 1237 791 1279 ὦ
823 1239 961 1291 ἄνδρες
988 1242 1183 1288 δικασταί,
1213 1241 1274 1281 καὶ
1307 1241 1398 1284 τοὺς
1420 1242 1471 1293 μὴ
1495 1245 1624 1299 [1167]

86 1324 126 1346 20
146 1305 330 1346 εἰωθότας
355 1307 452 1356 μηδὲ
478 1304 714 1357 δυναμένους
743 1303 907 1359 (εἰπεῖν)
934 1307 1100 1347 εἰσιέναι
1125 1310 1179 1350 εἰς
1204 1308 1470 1361 δικαστήριον,

145 1373 303 1412 ἐπειδὰν
331 1371 409 1412 ὑπό
441 1389 547 1414 τινος
576 1373 798 1419 ἀδικῶνται,
828 1374 962 1416 ἄλλως
990 1392 1032 1415 τε
1062 1374 1125 1415 καὶ
1147 1376 1216 1428 ὑφ’
1247 1377 1302 1417 ὧν
1330 1377 1474 1427 ἥκιστα

145 1441 346 1492 ’προσῆκεν
374 1436 635 1492 [ἀδικεῖσθαι],
669 1442 753 1481 οἷον
790 1441 852 1481 καὶ
889 1442 975 1492 ἐμοὶ
1011 1442 1097 1483 νυνὶ
1131 1444 1359 1494 συμβαίνει.
1429 1445 1473 1484 οὗ

145 1506 392 1558 βουλόμενος
439 1505 528 1560 γάρ,
577 1505 606 1548 ὦ
653 1507 792 1560 ἄνδρες
832 1510 1028 1555 δικασταί,
1066 1510 1333 1561 ἀγωνίζεσθαι
1377 1511 1473 1563 πρὸς

144 1572 471 1627 Ὀλυμπιόδωρον
519 1575 665 1615 οἰκεῖον
706 1577 801 1615 ὄντα
851 1576 912 1615 καὶ
961 1576 1143 1629 ἀδελφὴν
1179 1578 1318 1619 τούτου
1355 1578 1471 1631 ἔχων,

144 1639 398 1693 ἠνάγκασμαι
433 1643 496 1681 διῖι
520 1641 563 1682 τὸ
587 1642 729 1695 μεγάλ’
760 1643 982 1683 ἀδικεῖσθαι
1014 1644 1087 1684 ὑπὸ
1118 1645 1268 1686 τούτου.
1341 1646 1375 1685 εἰ
1402 1648 1473 1697 μὲν
1495 1662 1513 1684 2

86 1656 100 1676 ιθ

107 1657 124 1688 ‘1¹

145 1707 213 1748 οὖν
248 1707 300 1758 μὴ
338 1709 602 1760 ἀδικούμενος,
638 1708 667 1749 ὦ
704 1709 840 1763 ἄνδρες
878 1711 1073 1756 δικασταί,
1112 1712 1219 1752 ἀλλὰ
1251 1713 1402 1765 ψεῦδός
1435 1729 1473 1753 τι

147 1776 327 1828 ἐγκαλῶν
354 1775 664 1832 Ὀλυμπιοδώρῳ
702 1777 849 1818 τούτων
879 1795 916 1818 τι
952 1779 1123 1823 ἐποίουν,
1162 1775 1186 1829 ἢ
1220 1783 1302 1820 τοῖς
1340 1781 1469 1830 ἐπιτη-

146 1843 264 1883 δείοις
289 1846 370 1884 τοῖς
387 1843 495 1894 ἐμοῖς
521 1844 582 1884 καὶ
607 1843 935 1897 Ὀλυμπιοδώρου
965 1845 1017 1896 μὴ
1050 1844 1201 1886 ἐθέλων
1235 1846 1470 1898 ἐπιτρέπειν,

144 1904 169 1959 ἢ
193 1908 319 1950 ἄλλου
342 1910 448 1952 τινὸς
476 1915 555 1952 τῶν
591 1913 750 1952 δικαίων
782 1911 1068 1964 ἀφιστάμενος,
1097 1912 1138 1952 εὖ
1165 1914 1256 1955 ἴστε
1284 1914 1342 1953 ὅτι
1372 1913 1473 1954 πάνυ

87 1993 126 2024 30
146 1974 194 2016 ἂν
217 1975 452 2033 ᾐσχυνόμην
478 1978 539 2019 καὶ
564 1979 744 2030 ἐνόμιζον
766 1978 814 2020 ἂν
836 1980 1003 2030 ἐμαυτὸν
1020 1984 1177 2032 φαῦλον
1203 1980 1302 2020 εἶναι
1326 1980 1473 2033 ἄνθρω-

146 2059 235 2083 πον·
285 2048 354 2084 νῦν
378 2044 411 2084 δ’
436 2045 526 2086 οὔτε
557 2047 675 2098 μικρὰ
708 2047 996 2098 ἐλαττούμενος
1028 2047 1104 2087 ὑπὸ
1134 2047 1470 2100 Ὀλυμπιοδώρου,

194 2162 214 2182 2
237 2154 330 2184 αὐτου
347 2153 463 2185 Wolf:
487 2156 697 2187 ahwffivcodd.
833 2166 852 2194 3
878 2159 1018 2188 ἐκλιπεῖν
1030 2157 1178 2187 Reiske:
1205 2158 1363 2189 ἐκλείπειν
1373 2159 1468 2188 codd.

148 2204 167 2234 5
193 2198 374 2240 παλινδικίᾳ
390 2198 508 2229 Wolf:
531 2198 629 2231 πάλιν
646 2202 684 2231 δι’
702 2202 806 2231 ε’,εεΐνα
824 2201 920 2231 codd.
1045 2202 1064 2230 8
1090 2202 1217 2240 ἡμίσεος
1235 2201 1258 2230 S
1375 2212 1396 2240 9
1419 2204 1472 2232 τοῦ

148 2239 267 2281 κλήρου
282 2241 414 2281 scripsi,
433 2242 474 2273 cf.
492 2242 564 2272 xliii
582 2252 646 2281 34:
670 2244 727 2275 τυν
741 2246 858 2285 κληρον
875 2244 972 2275 codd.
1080 2254 1119 2275 10
1140 2243 1176 2276 ἃς
1195 2244 1219 2275 S
1328 2255 1363 2282 14
1383 2247 1472 2283 ἐγκε-

149 2282 326 2324 χωρηκέναι
358 2284 380 2315 S
577 2288 615 2316 16
639 2288 689 2319 οὕς
715 2286 872 2318 Bekker·
909 2290 948 2320 ὡς
973 2288 1070 2318 codd.
1207 2287 1419 2327 συντιθέμενοι
1448 2287 1472 2317 S

152 2336 190 2365 17
209 2326 371 2368 ἐξελέγξαι
388 2327 414 2358 F
428 2328 483 2359 D:
510 2329 641 2370 ἐλεγξαι
658 2330 682 2360 S
787 2341 830 2360 20
853 2332 952 2362 εἰπεῖν
975 2331 1051 2361 add.
1076 2330 1225 2370 Spengel
1309 2341 1350 2360 22
1374 2344 1471 2372 προσ-

149 2371 226 2407 ῆκεν
249 2370 359 2402 Cobet
375 2382 382 2402 :
406 2372 557 2413 προσήκει
582 2373 679 2404 codd.
774 2374 948 2406 ἀδικεῖσθαι
965 2379 1042 2413 post
1058 2387 1148 2415 προσ.
1169 2374 1193 2404 S
1206 2374 1237 2404 A
1255 2386 1261 2404 :
1285 2379 1363 2404 ante
1380 2387 1470 2414 προσ.

149 2412 177 2442 F
189 2412 219 2452 Q
233 2413 287 2443 D:
310 2414 376 2446 del.
390 2415 500 2447 Cobet
567 2426 608 2455 25
625 2416 817 2457 μεγάλαΑε
840 2417 958 2458 με”γαὸ
972 2417 997 2447 F
1013 2417 1042 2456 Q
1058 2418 1087 2447 D
1147 2427 1190 2456 30
1205 2417 1298 2457 prius
1311 2419 1349 2448 ἂν
1360 2428 1423 2447 om.
1440 2416 1471 2446 A

218 2478 302 2499 141-44
1366 2471 1386 2501 9
