1763 2778
566 135 895 173 ΠΡΟΟΙΜΙΑ.
965 140 1062 174 I-II

153 233 254 287 ἔργῳ
282 232 396 284 ζημία
420 233 611 285 γίγνεται,
648 233 818 286 αἰσχρόν
844 234 954 273 ἐστιν
975 232 1199 285 φενακίζειν
1231 231 1391 273 ἑαυτοὺς
1416 232 1479 272 καὶ

151 300 250 351 μετὰ
273 302 342 350 τῆς
367 299 542 353 ἐσχάτης
567 300 739 353 ἀνάγκης
767 299 912 352 πρᾶξαι
936 299 1042 340 ταῦθ’
1069 299 1093 339 ἃ
1129 298 1253 340 πάλαι
1277 298 1479 340 ’θελοντὰς

152 369 349 419 προσῆκεν
375 370 513 408 ποιεῖν.

803 497 832 532 Β

115 593 132 624 5
219 576 323 629 Οὐχὶ
348 576 469 616 ταύτὰ
493 577 743 629 γιγνώσκειν,
771 575 799 616 ὦ
837 575 974 627 ἄνδρες
1001 575 1217 626 Ἀθηναῖοι,
1243 576 1484 628 παρίσταταί

152 661 231 694 μοι,
259 644 354 684 ὅταν
379 661 423 685 τε
445 643 490 684 τὸ
515 646 584 694 τῆς
607 644 809 684 πολιτείας
835 643 943 693 ὄνομ’
967 644 1074 694 ὑμῶν
1100 644 1270 689 ἀκούσω,
1299 643 1361 683 καὶ
1387 644 1482 684 ὅταν

153 711 222 751 τὸν
257 711 404 763 τρόπον
435 709 479 750 ὃν
504 710 805 763 προσφέρονταί
825 727 930 751 τινες
961 710 1069 760 ὑμῶν
1092 715 1175 752 τοῖς
1206 711 1304 762 ὑπὲρ
1338 711 1482 760 ταύτης

153 776 343 830 λέγουσιν
368 779 450 818 ἴδω.
521 776 591 827 τὴν
617 780 688 828 μὲν
714 779 788 830 γὰρ
813 777 1016 817 πολιτείαν
1041 778 1316 829 δημοκρατίαν,
1347 778 1482 829 ὥσπερ

154 844 326 888 ἅπαντες
349 847 449 890 ἰ’στε,
478 844 701 895 ὀνομάζετε,
739 848 816 884 τῶν
842 846 884 886 δὲ
908 845 1095 885 τάναντία
1128 845 1247 901 ταύτῃ
1278 845 1481 897 λεγόντων

97 929 134 950 10
156 912 281 954 ἐνίους
319 912 431 962 ἥδιον
461 912 675 954 ἀκούοντας
705 912 794 963 ὁρῶ.
867 911 887 951 ὃ
927 912 988 952 καὶ
1021 910 1202 962 θαυμάζω
1238 913 1297 953 τίς
1333 911 1421 952 ποθ’
1457 911 1480 962 ἡ

153 979 371 1031 πρόφασις.
442 979 610 1030 πότερον
649 983 791 1031 προῖκα
831 978 967 1030 λέγειν
1003 978 1110 1018 ταῦτ’
1150 978 1288 1020 αὐτοὺς
1327 980 1479 1025 οἵεσθε,·

153 1046 247 1087 ἀλλ’
273 1048 310 1087 οἱ
332 1051 410 1086 τῶν
436 1047 689 1098 ὀλιγαρχιῶν,
717 1047 813 1098 ὑπὲρ
838 1047 892 1086 ὧν
917 1045 1022 1085 οὗτοι
1041 1045 1244 1097 λέγουσιν,
1273 1045 1395 1097 κύριοι
1422 1046 1482 1085 καὶ

154 1114 280 1154 πλείω
306 1114 458 1163 σιωπῆς
481 1115 639 1164 μᾶλλον
668 1113 716 1153 ἂν
746 1116 862 1153 δοῖεν.
938 1114 1044 1153 ἀλλὰ
1076 1114 1226 1164 βελτίω
1252 1111 1358 1152 ταῦτ’
1384 1112 1484 1153 εἶναι

154 1184 232 1221 τῶν
258 1179 400 1233 ἑτέρων
425 1179 690 1232 ὑπειλήφατε;
728 1181 903 1231 βελτίων
928 1179 989 1232 ἄρ’
1013 1181 1103 1230 ὑμῖν
1132 1181 1344 1232 ὀλιγαρχία
1370 1183 1485 1231 δημο-

97 1262 133 1293 15
155 1248 313 1300 κρατίας
337 1249 533 1299 φαίνεται.
595 1246 688 1287 ἀλλ’
713 1247 852 1288 αὐτοὺς
877 1247 977 1287 εἶναι
1001 1247 1187 1298 βελτίους
1212 1247 1393 1299 ἡγεῖσθε,·
1422 1247 1484 1287 καὶ

153 1315 211 1357 τίς
249 1313 297 1355 ἂν
332 1313 400 1366 ὑφ’
438 1315 545 1366 ὑμῶν
586 1314 761 1367 χρηστὸς
803 1313 988 1365 νομίζοιτ’
1027 1315 1199 1360 εἰκότως,
1243 1315 1400 1354 ἐναντία
1437 1320 1484 1370 τῇ

155 1382 393 1438 καθεστώσῃ
418 1382 600 1435 πολιτείᾳ
625 1385 876 1434 ὃημηγορῶν;
915 1381 1053 1422 οὐκοῦν
1077 1380 1220 1422 λοιπὸν
1246 1381 1484 1433 ἁμαρτάνειν

153 1449 264 1500 ὑμᾶς,
291 1450 386 1490 ὅταν
411 1450 532 1490 οὕτως
557 1449 675 1502 ἔχητε
699 1449 770 1498 τὴν
795 1449 966 1501 γνώμην.
1032 1452 1146 1488 τοῦτο
1172 1449 1302 1489 τοίνυν
1329 1447 1482 1500 φυλάτ-

154 1517 274 1556 τεσθε
299 1515 351 1566 μὴ
376 1514 562 1569 πάσχειν,
591 1514 620 1555 ὦ
647 1515 783 1568 ἄνδρες
809 1515 1026 1565 Ἀθηναῖοι,
1054 1516 1159 1557 ὅπως
1186 1514 1238 1566 μή
1273 1533 1369 1556 ποτε
1401 1519 1484 1557 τοῖς

95 1602 136 1624 20
154 1582 485 1634 ἐπιβουλεύουσιν
499 1582 634 1634 λαβὴν
655 1583 814 1629 δώσετε,
837 1584 921 1623 εἶτα
945 1581 1026 1622 τότ’
1051 1581 1291 1633 αἱσθήσεσθ’
1310 1582 1482 1635 ἡμαρτη-

158 1649 281 1696 κότες,
305 1649 408 1701 ἡνίκ’
433 1649 512 1691 οὐδ’
537 1651 668 1690 ὁτιοῦν
686 1651 776 1701 ὑμῖν
801 1649 925 1691 πλέον
951 1650 1076 1690 ἔσται.

810 1780 840 1827 β

222 1858 281 1899 Τὸ
303 1861 377 1910 μὲν
409 1856 520 1912 [οὗν],
547 1858 576 1900 ὣ
607 1859 744 1912 ἄνδρες
763 1859 980 1910 Ἀθηναῖοι,
1007 1859 1058 1910 μὴ
1085 1858 1203 1900 πάνθ’
1228 1859 1278 1901 ὡς
1303 1857 1351 1899 ἂν
1375 1858 1485 1909 ἡμεῖς

156 1926 388 1977 βουλοίμεθ’
429 1927 537 1979 ἔχειν
576 1926 674 1978 μήτε
711 1927 801 1979 παρ’
838 1927 969 1969 αὐτοῖς
1002 1927 1097 1977 ἡμῖν
1128 1925 1225 1978 μήτε
1261 1927 1367 1978 παρὰ
1404 1929 1484 1966 τοῖς

97 2001 135 2032 25
157 1992 393 2047 συμμάχοις,
419 1995 517 2036 ἴσως
541 1993 653 2034 οὐδέν
680 1995 766 2034 ἐστι
790 1994 1032 2045 θαυμαστόν·
1059 1998 1223 2034 πολλῶν
1248 1992 1323 2045 γὰρ
1348 1991 1391 2032 τὸ
1416 1994 1484 2042 τῆς

156 2059 277 2112 τύχης
297 2060 516 2111 αὐτόματον
537 2064 680 2113 κρατεῖ,
709 2061 770 2101 καὶ
795 2061 943 2102 πολλαὶ
962 2060 1185 2113 προφάσεις
1201 2064 1269 2101 τοῦ
1286 2059 1338 2111 μὴ
1358 2058 1485 2100 πάντα

204 2180 224 2201 2
249 2171 417 2202 ἐθελοντὰς
433 2170 538 2209 Wolf,
559 2171 598 2202 cf.
626 2170 728 2202 Isocr.
754 2171 786 2201 xi
807 2181 820 2201 1
839 2182 846 2201 :
872 2170 1025 2203 θέλοντας
1049 2169 1180 2201 SY¹1·:
1205 2170 1375 2202 ἐθέλοντας
1392 2169 1482 2208 vulg.

156 2213 239 2253 4‚B]
274 2220 294 2245 Γ
325 2214 487 2245 exhibent
516 2214 540 2245 S
558 2215 582 2244 F
714 2216 734 2244 6
758 2229 794 2246 τε
825 2216 864 2246 τὸ
897 2215 994 2245 Blass
1026 2214 1099 2245 coll.
1134 2214 1168 2244 iii
1204 2224 1242 2244 1:
1266 2213 1304 2245 τό
1327 2226 1362 2244 τε
1387 2212 1483 2244 codd.

160 2267 198 2288 10
223 2260 327 2296 ηδειον
345 2257 368 2288 S
435 2258 610 2291 ἀκούοντας
626 2258 650 2289 S
668 2259 755 2297 vulg.
776 2259 861 2299 F7p.
877 2270 884 2289 ε
909 2259 1108 2290 ἀκούσαντας
1128 2258 1151 2288 F
1169 2257 1199 2295 Q
1272 2267 1306 2286 11
1335 2256 1484 2297 πρότερον

157 2300 182 2331 S
269 2303 360 2333 ταῦτ’
377 2311 441 2332 om.
462 2312 477 2332 r
620 2311 657 2339 13
682 2305 802 2340 σιωπῆς
820 2302 958 2332 Nitsche
975 2314 982 2334 :
1006 2304 1109 2343 σιωπῇ
1125 2301 1222 2332 codd.
1242 2301 1415 2341 (σιωπῆσαι
1433 2299 1462 2338 Γ)
1477 2309 1485 2329 t

157 2348 300 2376 σιωπῶσι
316 2345 417 2375 Wolf
548 2356 585 2384 14
611 2345 727 2387 ἑτέρων
744 2346 767 2376 S
784 2345 873 2384 vulg.
888 2357 895 2376 t
922 2345 1083 2386 ἡμετέρων
1099 2354 1116 2374 τ
1250 2346 1288 2375 16
1312 2356 1448 2375 εναντιαι
1461 2341 1485 2372 S

157 2397 197 2425 23
221 2389 260 2418 τὸ
283 2387 357 2428 μὲν]
384 2389 422 2420 Δ’
446 2388 501 2418 hic
526 2389 732 2428 adscriptum
754 2390 786 2419 in
811 2389 833 2419 S
847 2389 872 2418 F
972 2389 1026 2420 οὖν
1044 2389 1107 2419 del.
1128 2387 1224 2418 Wolf
1238 2392 1273 2417 ut
1291 2397 1414 2416 novum
1430 2385 1484 2415 hic

157 2431 298 2470 incipiat
315 2432 492 2462 exordium
602 2434 644 2462 26
669 2432 739 2473 τοῦ]
760 2435 803 2464 εἰς
820 2433 858 2463 τὸ
876 2432 906 2462 Y
920 2445 970 2473 γρ.
987 2432 1078 2472 Ωγρ.

1499 128 1632 184 [1419]

1502 924 1521 948 2

1504 1049 1647 1104 [1420]

1505 1875 1524 1907 (a)
