1746 2774
95 127 235 182 [1476]
680 128 1160 166 Almtoffl-mxom

217 238 236 270 8
257 230 334 268 ὅσα
365 228 501 280 μέντοι
532 229 729 280 λ()ιδο],>ιάς
763 229 881 280 χωρίς
919 229 1029 267 ἐστιν
1065 227 1119 267 ὧν
1148 226 1338 279 λέγουσίν
1370 244 1486 274 τινες,
1523 228 1586 268 καὶ

259 296 468 346 ἀκηκοέναι
493 295 712 348 συμφέρειν
738 296 826 346 ὑμῖν
851 295 1034 347 ἡγοῦμαι,
1060 298 1181 335 ταῦτα
1205 294 1388 345 δηλώσω.
1461 294 1586 338 οὐδεὶς

259 364 332 416 γὰρ
357 365 581 416 ὑπείληφεν
606 363 657 405 ὡς
683 362 742 414 ἄρ’
768 361 989 415 ἠγνοήκατε
1017 362 1077 403 καὶ
1103 361 1368 414 διεψεύσθητε
1393 364 1462 412 τῆς
1487 363 1584 412 ἀλη-

259 433 365 473 θείας
390 432 478 483 περὶ
505 430 875 482 αὐτοῦΛυκούργου.
937 430 982 469 τό
1006 446 1050 471 τε
1067 430 1144 482 γὰρ
1163 433 1232 469 τοῦ
1254 429 1401 482 χρόνου
1420 431 1583 479 πλῆθος,

259 497 304 539 ὃν
321 498 597 549 ἐξεταζόμενος
622 497 734 537 οὐδὲν
751 496 902 538 πώποθ’
923 495 1064 548 ηὑρέθη
1092 496 1180 547 περὶ
1196 497 1293 546 ὑμᾶς
1319 496 1407 536 οὔτε
1427 500 1586 548 φρονῶν
1607 512 1625 543 5

259 566 347 607 οὕτε
373 570 497 606 ποιῶν
529 564 674 612 ἄδικον,
705 564 766 605 καὶ
795 564 840 605 τὸ
872 562 1007 615 μηδέν’
1032 563 1248 615 ἀνθρώπων
1279 564 1333 605 εἰς
1358 564 1480 613 μηδὲν
1508 567 1587 603 τῶν

258 633 394 673 ἄλλων
420 633 688 682 ἀναισθησίαν
718 633 825 682 ὑμῶν
856 634 1116 683 καταγνῶναι,
1145 630 1302 671 εἰκότως
1332 631 1488 681 ἀναιρεῖ
1515 629 1588 681 τὴν

217 701 354 752 9ὑπὲρ
390 703 457 751 τῆς
494 700 654 752 ἀγνοίας
693 701 857 750 σκῆψιν.
929 699 1108 739 λείπεται
1136 698 1269 738 τοίνυν
1305 696 1325 737 ὃ
1359 696 1504 740 πάντες
1538 696 1587 737 ἂν

259 768 360 808 εἶναι
383 768 550 820 φαύλων
583 767 801 818 ἀνθρώπων
833 762 981 818 [ἔργον]
1007 765 1194 817 φήσαιεν,
1222 766 1319 806 ὅσον
1351 763 1399 805 ἂν
1432 767 1586 818 χρῆσθε

258 835 415 888 χρόνον,
442 838 633 875 τοσοῦτον
659 833 828 874 ἑκάστου
862 832 1087 886 φροντίζειν
1112 835 1252 878 δοκεῖν,
1279 833 1377 883 μετὰ
1401 836 1521 872 ταῦτα
1544 833 1586 872 δὲ
1610 852 1647 874 10

256 901 390 955 μηδέν’
417 902 524 955 ἔχειν
549 902 685 954 λόγον.
747 902 801 943 εἰς
827 901 867 942 τί
888 902 964 954 γὰρ
989 903 1066 940 τῶν
1095 899 1232 940 ἄλλων
1257 899 1332 952 χρὴ
1360 901 1587 951 προσδοκᾶν

257 974 309 1024 τῷ
339 970 637 1020 τετελευτηκότι
668 968 740 1019 τὴν
769 967 861 1020 παρ’
898 969 1005 1019 ὑμῶν
1042 967 1210 1008 ἔσεσθαι
1243 966 1372 1020 χάριν,
1405 967 1500 1007 ὅταν
1533 967 1589 1008 εἰς

257 1037 348 1079 τοὺς
380 1040 522 1078 παῖδας
555 1037 618 1076 καὶ
647 1035 719 1086 τὴν
748 1035 929 1086 εὐδοξίαν
959 1034 1135 1075 τάναντί’
1164 1035 1234 1088 ὁρᾷ
1267 1051 1325 1077 τις
1359 1034 1588 1086 γιγνόμενα,

198 1123 239 1148 10
258 1106 312 1145 ῶν
335 1105 467 1155 μόνων
494 1104 556 1144 καὶ
584 1107 796 1144 τελευτῶσι
822 1108 946 1143 πᾶσιν
972 1103 1078 1144 ὅπως
1104 1101 1182 1152 ἕξει
1208 1105 1337 1145 καλῶς
1361 1100 1493 1153 μέλει,·
1526 1101 1590 1141 καὶ

256 1171 334 1223 μὴν
358 1171 447 1212 οὐδὲ
476 1170 689 1224 χρημάτων
722 1174 851 1211 ποιεῖν
885 1170 999 1211 ἕνεκα
1029 1172 1150 1209 ταῦτα
1180 1172 1309 1210 δοκεῖν
1346 1172 1423 1209 τῶν
1457 1171 1589 1209 καλῶν
1614 1185 1649 1216 15

97 1241 234 1295 [1477]
257 1236 469 1292 [κάγαθῶν]
486 1240 610 1279 ἐστιν.
663 1238 751 1279 οὔτε
771 1239 845 1290 γὰρ
864 1240 933 1288 τῆς
948 1237 1255 1289 μεγαλοψυχίας
1273 1237 1363 1277 οὔτε
1379 1238 1446 1286 τῆς
1463 1235 1590 1286 ἄλλης

258 1306 523 1359 προαιρέσεως
555 1308 623 1356 τῆς
656 1304 844 1357 ὑμετέρας
880 1305 1098 1344 ἀκόλουθον
1134 1302 1182 1343 ἂν
1220 1304 1378 1356 φανείη.
1450 1304 1483 1343 εἰ
1514 1303 1590 1355 γὰρ

257 1375 354 1425 ὑμᾶς
380 1374 585 1414 λύσασθαι
611 1372 701 1424 παρ’
728 1371 872 1424 ἑτέρων
898 1371 976 1412 ἔδει
1001 1371 1142 1412 δόντας
1173 1371 1215 1410 ἐκ
1240 1374 1318 1411 τῶν
1342 1370 1591 1422 προσιόντων

255 1443 303 1481 τὰ
346 1439 528 1494 χρήματα
569 1443 702 1486 ταῦτα,
743 1438 894 1481 πάντας
930 1437 980 1478 ἂν
1013 1438 1182 1490 ἡγοῦμαι
1217 1438 1440 1490 προθύμους
1476 1437 1589 1478 εἶναι·

256 1509 403 1560 τίμημα
432 1508 464 1548 δ’
491 1509 591 1560 ὁρῶν
622 1508 834 1548 ὀκνοῦντας
866 1507 1039 1558 ἀφεῖναι,
1075 1504 1094 1545 ὃ
1123 1505 1231 1560 λόγῳ
1259 1505 1320 1545 καὶ
1355 1505 1490 1559 φθόνῳ
1523 1503 1589 1557 γέ-
1613 1522 1653 1544 20

257 1593 386 1629 γονεν,
414 1575 481 1615 οὐκ
507 1575 586 1628 ἔχω
620 1575 659 1615 τί
688 1577 881 1626 καταγνῶ,
909 1574 942 1613 εἰ
974 1571 1027 1624 μὴ
1066 1573 1170 1614 ὅλως
1207 1575 1353 1624 πικρῶς
1384 1571 1446 1612 καὶ
1470 1588 1589 1622 ταρα-

257 1647 393 1697 χωδῶς
419 1643 527 1696 ἔχειν
561 1641 659 1693 πρὸς
689 1641 779 1683 τοὺς
805 1639 1036 1692 δημοτικοὺς
1069 1638 1284 1692 ὡρμήκατε.
1358 1640 1391 1679 εἰ
1421 1640 1461 1678 δὲ
1487 1637 1590 1678 τοῦτ’

258 1711 382 1757 ἔστιν,
400 1709 480 1750 οὔτ’
507 1711 631 1763 ὀρθῶς
657 1709 745 1750 οὔτε
766 1708 1049 1761 συμφερόντως
1066 1703 1362 1760 [βουλεύεσθαι]
1379 1705 1590 1758 ἐγνώκατε.

197 1793 234 1819 11
325 1776 526 1829 Θαυμάζω
566 1776 598 1817 δ’
637 1778 669 1818 εἰ
707 1776 842 1828 μηδεὶς
878 1777 986 1826 ὑμῶν
1023 1776 1162 1824 ε’ννοεῖ,
1201 1775 1262 1814 ὅτι
1296 1777 1375 1814 τῶν
1411 1775 1592 1826 αἰσχρῶν

258 1847 369 1886 ἐστιν
394 1849 463 1886 τὸν
488 1848 611 1896 δῆμον
630 1847 698 1885 τὸν
724 1843 960 1894 Ἀθηναίων,
985 1841 1146 1883 συνέσει
1167 1842 1229 1882 καὶ
1254 1841 1411 1895 παιδείᾳ
1430 1839 1591 1881 πάντων
1613 1858 1650 1890 25

258 1912 444 1966 προέχειν
469 1915 672 1958 δοκοῦντα,
701 1910 744 1954 ὃς
770 1911 833 1952 καὶ
863 1914 945 1952 τοῖς
976 1908 1228 1962 ἀτυχήσασιν
1253 1909 1313 1949 ἀεὶ
1348 1906 1480 1958 κοινὴν
1505 1907 1592 1961 ἔχει

303 2034 321 2052 2
347 2024 416 2062 ὑμῖν
431 2033 495 2054 om.
512 2022 551 2061 Q,
568 2021 632 2053 del.
650 2022 747 2052 Blass
763 2033 769 2052 ε
788 2020 888 2051 habet
905 2021 983 2060 Pap.
998 2029 1071 2051 cum
1088 2019 1111 2050 S
1127 2019 1152 2050 F
1262 2029 1281 2057 3
1306 2018 1490 2058 ἤγνοὴσατε
1505 2016 1589 2058 Pap.

260 2078 279 2107 4
302 2067 482 2107 Λυκούργου
500 2069 596 2098 αὐτοῦ
613 2066 693 2105 Pap.
823 2068 944 2102 πλῆθος
961 2064 1071 2101 codd.‚
1092 2064 1133 2094 cf.
1154 2074 1210 2093 xx.
1234 2073 1302 2102 130,
1322 2061 1425 2092 Isocr.
1444 2061 1488 2092 xii
1509 2062 1590 2092 180:

259 2114 357 2151 μῆκος
373 2111 452 2149 Pap.
546 2120 562 2149 7
590 2112 672 2150 ὑμῶν
683 2109 791 2145 codd.,
808 2109 887 2148 Pap.
902 2119 908 2138 :
926 2109 964 2139 ἂν
975 2110 1058 2147 ὑμῶν
1069 2106 1166 2138 Blass
1254 2117 1275 2145 9
1301 2107 1394 2147 ἔργον
1408 2115 1473 2135 οιη.
1488 2105 1569 2144 Pap.
1583 2115 1591 2143 ;

261 2154 382 2185 seclusi
398 2165 403 2185 :
419 2154 544 2193 alioqui
557 2159 634 2193 post
648 2153 780 2194 φαύλων
793 2157 984 2191 exspectes.
999 2151 1039 2182 cs.
1055 2152 1122 2182 xvi.
1140 2153 1190 2188 16,
1201 2150 1291 2181 xxiii.
1311 2159 1371 2188 123
1419 2150 1495 2180 ὅσον
1510 2148 1589 2187 Pap.

261 2198 393 2239 (Blass)
408 2209 415 2228 :
433 2199 470 2229 τὸ
485 2199 562 2228 ὅσον
576 2198 672 2227 codd,
753 2197 792 2227 ἂν
809 2206 874 2225 om.
892 2195 971 2234 Pap.
1101 2206 1111 2224 1
1123 2204 1133 2223 1
1161 2196 1223 2226 τῶν
1235 2195 1346 2225 ἄλλων
1363 2192 1481 2223 codd.:
1507 2193 1591 2224 ἄλλο

263 2242 341 2281 Pap.
437 2251 474 2279 13
498 2255 546 2273 τις
574 2251 636 2271 om.
668 2240 747 2279 Pap.
851 2248 886 2277 14
912 2238 967 2271 ‹2²qu
999 2241 1034 2270 ὁν
1063 2238 1098 2268 S¹
1202 2247 1238 2276 15
1263 2240 1362 2269 ποιεῖν
1380 2236 1473 2268 ἕνεκα
1489 2238 1592 2267 ταῦτα

261 2285 357 2316 codd.
376 2296 382 2315 t
408 2285 500 2317 ἕνεκα
514 2288 616 2316 ταῦτα
634 2288 733 2316 ποιεῖν
752 2284 831 2322 Pap.
972 2284 1009 2312 16
1033 2284 1176 2322 κάγαθῶν
1192 2291 1256 2311 om.
1279 2281 1356 2320 Pap.
1373 2291 1380 2319 ;
1399 2280 1441 2310 cs.
1461 2290 1517 2310 xx.
1539 2281 1588 2317 16,

261 2331 314 2367 65,
338 2338 396 2368 135
415 2333 447 2358 et
465 2332 527 2360 τῶν
545 2330 689 2369 αἰσχρῶν
707 2328 790 2357 infra
897 2327 935 2356 18
960 2329 1253 2365 πρυτέῥὼιὶσιυντων
1272 2324 1295 2354 S
1396 2335 1437 2353 ’.ὀ
1461 2323 1493 2354 δὲ
1512 2325 1591 2362 ὁρῶν

263 2373 293 2411 Q
320 2383 382 2411 mg.
413 2372 513 2411 Pap.:
545 2375 643 2413 δῶρον
661 2372 684 2402 S
705 2372 728 2401 F
745 2370 788 2409 Q'
978 2380 1019 2408 23
1042 2369 1251 2405 βουλεύεσθαι
1281 2369 1441 2408 ἐγνώκατε
1474 2366 1589 2396 codd.:

263 2417 458 2453 βουλεύεσθε
475 2417 568 2454 Palm:
588 2417 748 2457 ἐγνώκατε
764 2414 870 2449 Βὶαες,
889 2418 980 2444 recte
994 2419 1084 2452 puto,
1103 2414 1144 2443 cs.
1164 2415 1178 2450 §
1195 2423 1235 2450 45
1325 2422 1364 2449 25
1382 2413 1439 2442 τὸν
1449 2411 1590 2440 alterum

265 2460 289 2490 S
311 2461 388 2500 Pap.
405 2472 412 2491 ε
437 2464 501 2491 τῶν
518 2460 606 2498 vulg.
690 2459 811 2490 πάντας
828 2458 906 2496 Pap.
999 2459 1041 2487 26
1064 2458 1097 2489 ὓς
1115 2467 1178 2486 om.
1200 2456 1278 2495 Pap.
1298 2455 1502 2495 ἀτυχήμασιν
1516 2454 1542 2483 F
