1763 2778
167 122 284 178 XLvn]
354 126 515 165 ΚΑΤΑ
564 126 771 164 ΕΎΕΡΓ.
820 125 921 163 ΚΑΙ
973 125 1231 163 ΜΝΗΣΙΒ.
1278 124 1456 161 mmm.
1511 116 1650 172 [1160]

712 272 936 298 ΜΑΡΤΎΡῙΑΙ.

234 352 398 403 Ἐπειδὴ
436 353 569 394 τοίνυν
610 352 882 402 ἐτελεύτησεν,
913 350 1038 402 ἦλθον
1071 349 1123 393 ὡς
1154 349 1244 393 τοὺς
1282 348 1487 402 ἐξηγητάς,
1509 364 1553 398 63

168 421 232 461 ἵνα
257 420 399 471 εἰδείην
424 420 447 460 ὅ
469 437 508 461 τι
529 436 579 472 με
601 418 678 473 χρὴ
704 422 830 460 ποιεῖν
855 418 943 472 περὶ
967 418 1127 465 τούτων,
1154 417 1217 458 καὶ
1241 416 1490 469 διηγησάμην

169 488 300 529 αὐτοῖς
328 487 480 528 ἅπαντα
507 489 555 528 τὰ
591 487 796 539 γενόμενα,
823 484 895 537 τήν
923 503 967 527 τε
992 485 1129 538 ἄφιξιν
1158 485 1229 536 τὴν
1253 485 1402 525 τούτων
1428 485 1489 524 καὶ

130 576 147 607 5
167 553 240 605 τὴν
265 554 419 595 εὔνοιαν
441 556 511 604 τῆς
537 554 756 606 ἀνθρώπου,
783 554 846 594 καὶ
875 553 926 594 ὡς
953 553 1064 606 εἶχον
1088 552 1211 602 αὐτὴν
1234 553 1277 593 ἐν
1302 558 1349 609 τῇ
1374 553 1488 606 οἰκίᾳ,

171 621 234 662 καὶ
267 621 318 663 ὣς
347 623 410 661 διὰ
441 620 486 662 τὸ
519 622 700 672 κυμβίον,
729 620 797 661 οὐκ
822 621 1001 673 ἀφιεῖσα,
1026 617 1312 670 τελευτήσειεν.
1373 619 1488 659 ἀκού-

170 705 312 731 σαντες
337 687 380 730 δέ
403 705 479 740 μου
502 689 538 729 οἱ
564 687 750 741 ἐξηγηταὶ
775 691 908 734 ταῦτα,
930 687 1074 740 ἤροντό
1091 704 1141 738 με
1158 687 1324 739 πότερον
1350 684 1490 738 ἐξηγή-

170 759 327 796 σωνταί
347 772 415 808 μοι
444 756 568 807 μόνον
593 751 617 806 ἢ
649 756 710 796 καὶ
745 755 1121 806 συμβουλεύσωσιν’
1182 753 1492 806 ἀποκριναμένου
1511 761 1556 805 69

169 822 213 864 δέ
235 840 309 875 μου
333 822 465 865 αὐτοῖς
490 824 707 876 ἀμφότερα,
729 822 841 863 εἶπόν
858 839 925 874 μοι
947 825 956 839 ‘
972 822 1083 873 ἡμεῖς
1106 823 1239 862 τοίνυν
1262 838 1329 861 σοι
1347 822 1395 861 τὰ
1418 822 1491 872 μὲν

110 906 149 928 10
169 891 314 942 νόμιμα
337 890 626 943 ἐξηγησόμεθα,
642 892 692 930 τὰ
712 892 753 931 δὲ
774 890 962 942 σύμφορα
980 888 1285 942 παραινέσομεν·
1337 891 1491 941 πρῶτον

167 960 241 1010 μὲν
277 959 503 1010 ἐπενεγκεῖν
539 958 631 1010 δόρυ
660 958 723 998 ἐπὶ
751 962 799 1014 τῇ
832 958 998 1012 ἐκφορᾷ,
1026 956 1089 997 καὶ
1117 955 1398 1008 προαγορεύειν
1426 955 1492 995 ἐπὶ

169 1029 221 1080 τῷ
245 1023 429 1077 μνήματι,
449 1027 484 1065 εἴ
506 1042 563 1067 τις
589 1022 801 1078 προσήκων
826 1024 936 1064 ἐστὶν
956 1026 1024 1075 τῆς
1049 1023 1266 1076 ἀνθρώπου,
1288 1022 1424 1063 ἔπειτα
1447 1021 1492 1062 τὸ

167 1094 302 1144 μνῆμα
325 1091 542 1146 φυλάττειν
567 1092 632 1133 ἐπὶ
656 1096 761 1144 τρεῖς
782 1091 943 1143 ἡμέρας.
992 1090 1084 1132 τάδε
1105 1093 1145 1131 δὲ
1166 1088 1492 1142 συμβουλεύομέν

170 1177 249 1206 σοι,
268 1159 401 1210 ἐπειδὴ
422 1159 537 1201 αὐτὸς
555 1161 628 1210 μὲν
645 1159 692 1200 οὐ
710 1158 942 1212 παρεγένου,
959 1158 982 1209 ἡ
1003 1161 1044 1199 δὲ
1063 1158 1160 1211 γυνὴ
1183 1157 1246 1198 καὶ
1267 1159 1317 1197 τὰ
1343 1158 1490 1203 παιδία,

112 1243 148 1274 15
171 1226 291 1267 ἄλλοι
314 1226 357 1268 δέ
382 1244 448 1267 σοι
470 1226 662 1280 μάρτυρες
687 1226 755 1266 οὐκ
781 1227 898 1273 εἰσίν,
924 1226 1115 1277 ὀνομαστὶ
1139 1227 1211 1276 μὲν
1235 1225 1372 1275 μηδενὶ
1397 1241 1492 1277 προ-

171 1294 388 1347 αγορεύειν,
413 1298 497 1336 τοῖς
528 1294 738 1347 δεδρακόσι
771 1296 812 1334 δὲ
847 1293 907 1334 καὶ
942 1293 1154 1338 κτείνασιν,
1183 1292 1265 1332 εἶτα
1296 1290 1393 1344 πρὸς
1423 1294 1493 1332 τὸν

169 1361 348 1413 βασιλέα
385 1361 437 1413 μὴ
476 1361 711 1415 λαγχάνειν.
781 1360 870 1402 οὐδὲ
901 1362 976 1414 γὰρ
1012 1362 1052 1401 ἐν
1084 1364 1137 1414 τῷ
1169 1360 1273 1414 νόμῳ
1300 1359 1387 1399 ἔστι
1412 1374 1490 1398 σοι·
1512 1374 1558 1409 70

170 1429 215 1469 οὐ
239 1429 314 1482 γάρ
340 1430 450 1469 ἐστιν
476 1430 518 1470 ἐν
541 1428 650 1482 γένει
679 1444 748 1469 σοι
776 1428 801 1480 ἡ
834 1428 1051 1481 ἄνθρωπος,
1079 1428 1168 1468 οὐδὲ
1193 1426 1422 1478 θεράπαινα,
1450 1424 1497 1476 ἐξ

170 1497 226 1536 ὧν
262 1495 312 1537 σὺ
339 1495 484 1549 λέγεις·
523 1497 558 1537 οἱ
592 1498 634 1538 δὲ
664 1496 779 1547 νόμοι
811 1495 959 1536 τούτων
991 1494 1223 1535 κελεύουσιν
1254 1493 1325 1543 τὴν
1361 1492 1494 1544 δίωξιν

112 1579 152 1601 20
173 1562 284 1604 εῖναι·
329 1563 424 1604 ὥστ’
450 1564 483 1604 εἰ
509 1563 637 1614 διομεῖ
664 1564 728 1603 ἐπὶ
761 1564 980 1618 Παλλαδίῳ
1010 1562 1126 1604 αὐτὸς
1159 1561 1222 1602 καὶ
1249 1560 1272 1612 ἡ
1302 1559 1400 1614 γυνὴ
1431 1560 1493 1600 καὶ

171 1630 220 1671 τὰ
248 1632 385 1672 παιδία
418 1632 480 1671 καὶ
514 1629 789 1683 καταράσεσθε
815 1631 948 1672 αὑτοῖς
979 1629 1041 1670 καὶ
1064 1635 1112 1686 τῇ
1139 1629 1256 1683 οἰκία,
1281 1627 1427 1681 χείρων
1451 1644 1494 1667 τε

173 1697 299 1749 δόξεις
323 1702 492 1740 πολλοῖς
511 1698 621 1744 εῖναι,
641 1699 703 1739 καὶ
724 1696 793 1739 ἐὰν
817 1699 889 1749 μὲν
907 1697 1096 1752 ἀποφύγῃ
1117 1714 1176 1742 σε,
1196 1694 1491 1747 ἐπιωρκηκέναι,

172 1766 241 1806 ἐὰν
270 1767 314 1806 δὲ
345 1766 453 1822 ἕλῃς,
479 1763 690 1818 φθονήσει.
759 1764 852 1806 ἀλλ’
878 1766 974 1818 ὑπὲρ
1000 1767 1166 1804 σεαυτοῦ
1192 1763 1253 1803 καὶ
1279 1764 1347 1812 τῆς
1369 1762 1494 1802 οἰκίας

171 1831 507 1885 ἀφοσιωσάμενος
533 1832 584 1875 ὡς
606 1833 738 1888 ῥᾷστα
760 1831 832 1883 τὴν
857 1831 1068 1884 συμφορὰν
1093 1830 1242 1884 φέρειν,
1264 1829 1369 1886 ἄλλῃ
1395 1830 1437 1869 δὲ
1461 1829 1498 1868 εἴ
1515 1826 1642 1881 [1161]

113 1915 150 1947 25
173 1916 226 1956 πῃ
260 1899 419 1952 βούλει,
444 1898 638 1952 τιμωροῧ.’
709 1902 830 1940 ταῦτα
862 1900 1033 1940 ἀκούσας
1062 1898 1140 1951 ἐγὼ
1168 1901 1247 1938 τῶν
1278 1895 1492 1949 ἐξηγητῶν,
1515 1904 1555 1938 7I

171 1966 236 2007 καὶ
258 1966 350 2010 τοὺς
374 1967 517 2019 νόμους
550 1967 872 2020 ἐπισκεψάμενος
901 1966 990 2009 τοὺς
1015 1969 1082 2006 τοῦ
1110 1964 1334 2018 Δράκοντος
1360 1965 1401 2003 ἐκ
1426 1965 1494 2013 τῆς

171 2031 334 2085 στήλης,
363 2035 634 2087 ἐβουλευόμην
667 2033 766 2086 μετὰ
798 2039 875 2075 τῶν
908 2035 1041 2086 φίλων
1069 2034 1091 2073 ὅ
1119 2050 1155 2073 τι
1179 2029 1257 2086 χρή
1280 2048 1328 2083 με
1354 2034 1492 2071 ποιεῖν.

218 2145 240 2174 6
264 2145 393 2186 ἀφιεῖσα
411 2144 437 2174 F
449 2144 480 2183 Q
496 2145 526 2175 D
540 2156 547 2176 z
572 2145 689 2185 ἀφεῖσα
706 2143 730 2174 S
865 2154 881 2182 7
908 2144 1119 2184 ἐξηγήσωνται
1138 2142 1161 2172 S
1176 2141 1205 2180 Q
1219 2141 1248 2171 D
1373 2141 1393 2170 8
1417 2154 1495 2178 συμ-

173 2189 405 2225 βουλεύσουσιν
433 2188 462 2218 D
574 2198 595 2226 9
617 2201 669 2228 μοι
688 2188 734 2218 S:
769 2200 821 2226 μοι
847 2188 896 2219 ὅτι
922 2187 1031 2225 FQD
1145 2196 1179 2216 11
1208 2186 1257 2216 ἐπὶ
1274 2187 1333 2223 τῆς
1359 2186 1494 2223 ἐκφορᾶς

174 2230 339 2270 Harpocr.
358 2242 423 2264 S.v.
444 2234 626 2272 ἐπενεγκεῖν
690 2242 794 2262 ΙΙ-Ι2
813 2232 861 2262 ἐπὶ
873 2234 937 2263 τῶν
946 2230 1118 2271 μνημάτων
1129 2229 1293 2268 Harpocr.
1365 2237 1402 2265 13
1419 2227 1494 2258 τάδε

174 2274 210 2307 δὲ
238 2275 425 2306 Schaeser:
448 2277 489 2307 τὰ
513 2275 549 2307 δὲ
577 2275 676 2306 codd.
867 2283 904 2313 15
930 2274 1082 2314 ὀνομαστὶ
1108 2273 1341 2303 Valckenaer:
1365 2270 1494 2309 ὀνόματι

174 2319 270 2351 codd.
336 2320 448 2360 μηδενὶ
464 2319 652 2350 Schaefer:
674 2320 718 2358 μὴ
733 2317 844 2360 Turn,
866 2318 1002 2356 Riiger:
1026 2318 1128 2349 οὐδενὶ
1141 2318 1184 2356 μὴ
1196 2316 1293 2347 codd.
1388 2315 1425 2344 16
1442 2313 1492 2353 δὲ]

172 2376 209 2394 τε
235 2363 363 2402 Rfiger,
390 2369 554 2394 commate
577 2366 657 2393 ante
680 2366 747 2395 τοῖς
771 2362 908 2400 delet0;
947 2362 1006 2392 sed
1036 2361 1074 2395 cf.
1106 2360 1187 2390 Ath.
1218 2359 1287 2391 Pol.
1311 2358 1380 2396 lvii,
1411 2357 1495 2388 Plat.

174 2404 280 2446 Legg.
297 2407 394 2445 874A
506 2417 547 2436 22
571 2406 720 2448 ἀποφύγῃ
738 2418 776 2439 σε
793 2405 909 2436 Wolf:
934 2412 1103 2446 αποφυγης
1120 2403 1144 2434 S
1160 2415 1166 2434 :
1190 2403 1369 2444 ἀποφύγηις
1382 2400 1406 2431 F
1420 2399 1449 2438 Q
1465 2400 1494 2430 D

172 2458 214 2488 23
237 2451 428 2491 φθονηθήσει
445 2450 471 2480 F
482 2464 533 2491 Ὑρ.
549 2449 578 2488 Q
595 2463 644 2491 γρ.
659 2450 688 2479 D
