1763 2778
128 126 233 182 xm]
511 130 673 168 ΠΡΟΣ
719 130 1062 168 ΤΙΜΟΘΕΟΝ
1478 126 1609 180 [1188]

129 228 362 282 παρέμενον·
400 230 437 270 οἱ
461 231 503 270 δὲ
528 228 693 269 Βοιωτοὶ
717 228 785 270 οὐκ
809 228 970 282 ἔφασαν
993 232 1246 280 παραμενεῖν,
1271 230 1304 270 εἰ
1326 227 1379 281 μή
1400 245 1456 269 τις

129 296 262 340 αὐτοῖς
279 296 352 347 τὴν
368 295 453 337 καθ’
469 295 619 348 ἡμέραν
641 295 796 349 τροφὴν
820 296 954 336 δώσει.
1025 296 1116 338 τότε
1139 296 1209 337 οὖν
1236 296 1453 348 ἀναγκαζό-

129 380 248 416 μενος
271 364 489 414 δανείζεται
511 365 582 406 τὰς
607 364 742 417 χιλίας
765 364 943 417 δραχμὰς
960 360 1066 415 παρὰ
1084 366 1152 403 τοῦ
1178 362 1454 415 Ἀντιφάνους,
1479 374 1617 428 [1189]

129 429 172 473 ὃς
193 430 358 472 ἐπέπλει
387 430 583 482 ταμιεύων
613 432 801 485 Φιλίππῳ
826 435 878 485 τῷ
904 429 1122 485 ναυκλήρῳ,
1151 430 1212 470 καὶ
1242 431 1380 470 δίδωσι
1405 434 1456 484 τῷ

92 512 109 544 5
132 499 307 554 Βοιωτίῳ
323 497 486 551 ἄρχοντι
502 501 581 538 τῶν
597 501 710 539 νεῶν.
749 497 882 547 ἐπειδὴ
898 500 939 538 δὲ
959 499 1125 550 ἀφίκετο
1141 500 1266 550 δεῦρο,
1285 495 1457 553 ἀπῄτουν
1482 501 1523 535 16

129 564 247 606 αὐτὸν
262 565 285 605 ὅ
307 582 351 607 τε
375 566 578 607 Φίλιππος
600 565 662 606 καὶ
688 564 931 617 Ἀντιφάνης
956 566 1026 607 τὰς
1050 566 1185 618 χιλίας
1209 566 1388 618 δραχμὰς
1412 564 1458 606 ἃς

130 633 361 674 ἐδανείσατο
409 633 451 673 ἐν
499 632 736 686 Καλαυρείᾳ,
788 632 850 672 καὶ
897 631 1142 684 ἠγανάκτουν
1180 633 1241 672 ὅτι
1278 631 1324 672 οὐ
1357 630 1459 685 ταχὺ

129 699 428 752 ἀπελάμβανον.
501 700 752 752 φοβούμενος
798 701 841 741 δὲ
886 699 1001 741 οὗτος
1041 699 1131 741 τοὺς
1166 698 1331 753 ἐχθροὺς
1369 698 1458 741 τοὺς

130 768 280 814 ἑαυτοῦ,
312 766 365 819 μὴ
399 766 586 808 πύθοιντο
617 768 690 813 ὅτι,
724 767 769 809 ὃς
795 768 837 808 ἐν
862 770 913 822 τῷ
946 768 1054 822 λόγῳ
1081 766 1302 819 ἀπήνεγκεν
1325 766 1459 819 χιλίας

72 851 109 873 ιο
130 835 309 888 δραχμὰς
330 835 509 877 δεδωκὼς
535 835 590 877 εἰς
615 836 684 876 τὰς
701 836 890 876 Βοιωτίας
906 838 998 876 ναῦς
1015 836 1056 874 ἐκ
1073 838 1150 875 τῶν
1165 837 1458 886 στρατιωτικῶν

129 901 356 955 χρημάτων,
383 902 526 944 ταύτας
550 901 750 944 Φίλιππος
775 902 961 944 δανείσας
988 902 1278 953 ἀποστερεῖται,
1300 901 1363 941 καὶ
1379 900 1459 952 ἅμα
1483 912 1523 948 17

130 969 265 1011 δεδιὼς
287 969 357 1010 τὸν
382 970 600 1017 Φίλιππον,
626 968 678 1021 μὴ
706 970 1015 1021 καταμαρτυροίη
1044 970 1161 1009 αὑτοῦ
1176 970 1218 1009 ἐν
1242 972 1294 1024 τῷ
1321 969 1456 1021 ἀγῶνι,

129 1037 365 1089 προσελθὼν
388 1041 441 1092 τῷ
467 1037 585 1089 πατρὶ
610 1040 662 1092 τῷ
688 1038 766 1092 ἐμῷ
793 1035 930 1087 ἐδεήθη
958 1034 1189 1085 ἀπαλλάξαι
1217 1035 1286 1076 τὸν
1311 1037 1456 1076 Φίλιπ-

130 1121 204 1145 πον
247 1104 309 1145 καὶ
342 1106 494 1159 χρῆσαι
530 1105 633 1159 αὐτῷ
675 1105 745 1146 τὰς
785 1104 921 1158 χιλίας
962 1102 1153 1156 δραχμάς,
1192 1104 1255 1144 ἵνα
1294 1103 1457 1153 ἀποδοίη

71 1189 109 1221 15
131 1173 332 1228 Φιλίππῳ.
404 1172 505 1225 ὁρῶν
543 1174 585 1213 δὲ
621 1172 641 1211 ὁ
679 1171 807 1224 πατὴρ
850 1172 869 1211 ὁ
906 1170 997 1222 ἐμὸς
1034 1171 1079 1210 τό
1113 1187 1155 1211 τε
1189 1170 1355 1223 μέγεθος
1390 1173 1459 1209 τοῦ

130 1239 284 1292 ἀγῶνος
305 1239 445 1292 ἡλίκον
469 1238 518 1291 ἣν
542 1239 679 1294 τούτῳ,
708 1239 771 1280 καὶ
803 1239 856 1282 ὡς
879 1238 1064 1291 ἠπορεῖτο
1093 1238 1220 1284 οὗτος,
1248 1237 1310 1278 καὶ
1335 1238 1459 1278 ἐλεῶν

131 1305 261 1354 αὐτόν,
287 1307 556 1361 προσαγαγὼν
581 1306 677 1359 πρὸς
702 1306 774 1358 τὴν
789 1306 984 1360 τράπεζαν
1007 1305 1220 1347 ἐκέλευσεν
1246 1305 1460 1345 ἀποδοῦναι

132 1375 321 1430 Φιλίππῳ
358 1375 492 1428 χιλίας
526 1375 702 1427 δραχμὰς
734 1378 805 1415 τὸν
832 1374 1047 1425 Φορμίωνα
1077 1376 1147 1414 τὸν
1173 1370 1459 1423 ἐπικαθήμενον

132 1442 196 1482 ἐπὶ
221 1446 270 1498 τῇ
293 1441 478 1499 τραπέζῃ,
505 1442 568 1482 καὶ
593 1440 748 1494 γράψαι
773 1441 990 1493 ὀφείλοντα
1013 1441 1223 1492 Τιμόθεον.
1264 1439 1325 1479 καὶ
1341 1443 1461 1479 ταῦτα
1484 1442 1523 1475 18

71 1527 112 1549 20
131 1509 193 1549 ὅτι
227 1509 354 1560 ἀληθῆ
392 1510 517 1556 ἐστιν,
553 1508 623 1549 τὸν
661 1509 779 1549 δόντα
814 1508 858 1548 τὸ
898 1508 1081 1561 ἀργύριον
1124 1507 1336 1560 Φορμίωνα
1370 1507 1460 1557 ὑμῖν

129 1574 306 1628 μάρτυρα
330 1575 558 1628 παρέξομαι,
586 1577 745 1617 ἐπειδὰν
772 1576 834 1616 καὶ
858 1576 946 1628 περὶ
972 1578 1039 1615 τοῦ
1059 1574 1184 1616 ἄλλου
1210 1574 1460 1625 συμβολαίου

131 1641 381 1696 διηγήσωμαι
403 1644 506 1695 ὑμῖν,
534 1644 597 1684 ἵνα
621 1648 669 1700 τῇ
695 1642 790 1700 αὐτῇ
814 1644 1005 1697 μαρτυρίᾳ
1023 1642 1113 1696 περὶ
1130 1643 1226 1683 ὅλου
1242 1644 1310 1681 τοῦ
1334 1639 1460 1694 χρέως

132 1711 373 1753 ἀκούσαντες
399 1712 527 1762 εἰδῆτε
552 1712 613 1751 ὅτι
637 1711 764 1762 ἀληθῆ
791 1709 911 1763 λέγω.
985 1713 1090 1750 καλῶ
1117 1709 1149 1749 δ’
1184 1710 1275 1761 ὑμῖν
1305 1708 1368 1749 καὶ
1393 1707 1460 1748 τὸν

132 1776 376 1831 Ἀντιφάνην
411 1781 480 1819 τὸν
512 1778 750 1819 δανείσαντα
781 1777 825 1817 τὸ
858 1777 1043 1830 ἀργύριον
1067 1776 1204 1832 τούτῳ,
1232 1777 1301 1818 τὰς
1326 1776 1460 1830 χιλίας

73 1861 111 1892 25
132 1843 322 1899 δραχμάς,
350 1847 392 1886 ἐν
417 1847 655 1899 Καλαυρείᾳ,
684 1846 745 1886 καὶ
770 1845 945 1898 παρόντα
970 1845 1035 1886 ὅτε
1055 1843 1239 1895 ἀπέλαβε
1259 1843 1460 1884 Φίλιππος

132 1910 178 1953 τὸ
210 1912 397 1966 ἀργύριον
432 1915 538 1966 παρὰ
571 1916 639 1952 τοῦ
665 1911 812 1965 πατρὸς
845 1916 914 1952 τοῦ
943 1913 1037 1963 ἐμοῦ
1066 1910 1219 1952 ἐνθάδε.
1289 1914 1358 1950 τοῦ
1388 1911 1460 1961 μὲν
1485 1921 1524 1955 19

133 1979 208 2032 γὰρ
231 1981 447 2033 μαρτυρίαν
464 1997 513 2031 με
533 1979 786 2031 ἐμβαλέσθαι
805 1978 901 2032 πρὸς
925 1982 994 2020 τὸν
1019 1978 1219 2029 διαιτητὴν
1244 1977 1457 2030 παρεκρού-
1480 1972 1616 2028 [1190]

133 2063 246 2094 σατο,
272 2045 442 2100 φάσκων
467 2047 532 2088 ἀεί
557 2063 624 2098 μοι
652 2045 918 2100 μαρτυρήσειν
943 2048 997 2089 εἷς
1026 2046 1097 2096 τὴν
1129 2046 1275 2098 κυρίαν·
1326 2042 1457 2093 ἐπειδὴ
1484 2079 1486 2081 ,

180 2164 194 2186 1
221 2155 410 2197 παραμένειν
426 2155 535 2187 SAD
716 2166 735 2186 2
759 2156 854 2188 δώσει
872 2156 906 2195 S,
927 2155 967 2187 cf.
987 2155 1117 2186 Andoc.
1138 2155 1145 2185 i
1164 2164 1205 2195 53
1222 2165 1230 2185 2
1254 2154 1351 2186 δώσοι
1366 2151 1458 2199 vqlg.

133 2210 153 2238 4
176 2201 320 2240 Φιλίππῳ
338 2199 362 2230 S
379 2210 386 2230 ε
409 2204 453 2241 τῷ
470 2206 504 2231 Φ.
524 2199 614 2239 vulg.
787 2202 809 2230 6
833 2201 882 2231 καὶ
901 2202 917 2231 ὁ
934 2199 1126 2240 Ἀντιφάνης
1141 2198 1185 2237 Α,
1202 2199 1262 2229 Sed
1280 2197 1322 2229 cs.
1339 2195 1409 2227 xlm
1427 2205 1455 2233 7,

136 2243 182 2273 lix
199 2253 250 2282 30,
265 2253 304 2281 31
410 2254 431 2283 9
446 2241 645 2275 πύθωνταιΛ
751 2253 789 2281 14
806 2244 938 2281 ἀποδοίη
955 2243 1052 2274 BlaSS
1069 2255 1076 2273 τ
1101 2244 1207 2283 ἀποδῷ
1219 2241 1250 2270 Α
1265 2252 1272 2271 :
1297 2240 1458 2276 ἀποδιδοίη

135 2286 160 2317 S
171 2287 261 2326 vulg.
388 2297 426 2325 15
450 2301 485 2319 τε
502 2297 567 2318 om.
587 2286 619 2316 A
749 2296 786 2325 17
811 2288 1026 2328 προσαγαγὼν
1043 2286 1073 2315 Α
1088 2297 1095 2316 :
1119 2285 1291 2326 προσάγων
1308 2284 1333 2315 S
1348 2283 1373 2313 F
1385 2282 1415 2320 Q
1430 2282 1459 2311 D

138 2331 177 2360 18
200 2331 343 2371 Φιλίππῳ
361 2335 438 2370 post
454 2332 596 2372 δραχμὰς
614 2329 645 2359 Α
854 2341 892 2369 19
913 2333 954 2372 τῇ
970 2329 1109 2372 τραπέζῃ
1126 2329 1170 2368 A,
1187 2329 1230 2361 Cf.
1250 2331 1265 2366 ξ
1283 2338 1335 2366 42,
1354 2327 1458 2357 Isocr-

135 2373 204 2404 xvii
222 2385 253 2412 2,
274 2383 311 2403 12
327 2385 334 2404 Ξ
357 2377 414 2412 τῆς
430 2374 586 2416 τραπέζης
602 2377 681 2404 cett.
793 2373 973 2415 ’γράψασθαι
989 2373 1020 2403 Α
1175 2382 1216 2410 23
1241 2374 1342 2408 εἰδῆτε
1359 2369 1391 2399 Α
1405 2369 1434 2398 D
1452 2379 1458 2398 ἲ

136 2420 230 2449 ιδειτε
248 2416 286 2448 S¹
302 2428 309 2448 2
333 2420 423 2456 ἴδητε
441 2418 465 2449 S
483 2429 569 2449 corr.
588 2417 612 2447 F
628 2416 659 2455 Q
764 2427 803 2455 27
828 2417 882 2458 με]
899 2419 942 2458 μὴ
958 2416 988 2446 Α
1005 2428 1012 2447 t
1036 2431 1074 2457 με
1094 2418 1137 2455 μὴ
1156 2416 1316 2447 Schaefer
1418 2413 1459 2442 28

134 2461 347 2502 μαρτυρήσειν
361 2475 414 2501 μοι
428 2461 460 2491 Α
531 2461 693 2502 ἀπόφασιν
703 2464 781 2499 post
797 2462 905 2502 κυρίαν
920 2461 996 2492 add.
1015 2461 1130 2492 codd.:
1149 2459 1214 2491 dek.
1229 2457 1457 2495 Herwerden‚

136 2508 229 2536 recte
242 2509 333 2545 puto,
353 2505 394 2538 cf.
412 2504 473 2536 xxi
489 2515 542 2545 24,
561 2504 683 2536 Pollux
699 2504 757 2535 viii
774 2506 816 2535 60
