1763 2778
141 111 249 167 xm]
564 116 602 152 Π
615 116 714 153 ΡοΣ
765 115 798 151 A
812 115 840 151 E
851 115 934 151 ΩΧ
945 114 977 151 Α
990 115 1017 151 P
1027 115 1065 151 11
1485 106 1625 162 [1088]

141 214 412 256 Ἐλευσινίους
447 211 574 254 οὐκέτι
609 212 680 264 τὴν
717 213 814 253 κατὰ
842 212 910 253 τὸν
936 212 1058 263 νόμον
1083 212 1304 262 οἰκειότητα
1329 212 1467 252 ἔλιπεν

143 283 259 337 αὑτῷ,
280 281 391 333 ἡμεῖς
416 279 471 328 δέ,
492 280 585 333 παρ’
609 281 668 323 οῖς
691 279 739 331 ἦν
765 282 807 320 ἐν
833 281 884 335 τῷ
906 279 1026 332 γένει,
1053 279 1124 329 τὴν
1151 278 1466 331 ἀναγκαιοτάτην

142 348 378 401 συγγένειαν
402 349 573 401 εἴχομεν,
601 349 712 390 ὅντες
741 348 955 399 ἀνεψιαδοῖ
981 347 1128 401 ἐκείνῳ.
1199 346 1295 386 ὥστ’
1329 347 1362 386 εἰ
1394 348 1466 397 μὲν

141 416 296 467 βούλει,
325 418 396 455 τοῦ
428 414 641 469 Ἀρχιάδου
673 418 879 467 συγγενεῖς
916 416 1026 456 ὅντες
1059 413 1243 465 ἀξιοῦμεν
1278 418 1465 465 κληρονο-

104 487 241 534 5μεῖν,
281 483 314 523 εἰ
351 484 392 523 δὲ
427 482 581 534 βούλει,
620 485 687 522 τοῦ
723 481 988 533 Λεωκράτους·
1031 481 1356 531 τετελευτηκότος
1391 482 1466 532 γὰρ

141 550 303 591 ἄπαιδος
333 549 462 597 αὐτοῦ,
487 549 613 591 οὐδεὶς
637 549 746 600 ἡμῶν
774 548 881 601 γένει
915 548 1109 601 ἐγγυτέρω
1141 549 1241 589 ἐστί.
1314 548 1375 587 καὶ
1404 549 1467 587 διὰ
1487 560 1529 593 27

139 619 212 669 μὲν
242 610 303 663 σε’,
335 614 364 656 ὦ
389 616 639 668 Λεώστρατε,
669 617 689 655 ὁ
714 617 817 658 οἶκος
844 614 1103 668 ἐξηρήμωται·
1138 618 1208 666 τῆς
1232 614 1306 668 γὰρ
1332 614 1468 657 οὐσίας

140 683 211 734 τὴν
244 684 476 734 οἰκειότητα,
503 683 547 723 οὐ
579 687 655 724 τῶν
684 684 833 736 ἀνδρῶν
858 687 935 724 τῶν
961 681 1241 734 ποιησαμένων
1265 680 1466 734 διετήρεις.

141 751 215 793 ἕως
246 749 318 803 μέν
351 767 398 803 γε
428 749 741 801 τελευτήσαντος
769 751 909 791 τούτου
946 750 1072 792 οὐδεὶς
1107 748 1364 803 ἠμφεσβήτει
1399 752 1467 789 τοῦ

86 837 122 859 ιο
143 817 300 870 κλήρου,
339 816 479 859 οὐδένα
516 819 726 860 εἰσεποίεις
769 821 821 873 τῷ
863 817 1056 874 Ἀρχιάδῃ
1098 818 1196 858 υἱόν·
1248 815 1381 866 ἐπειδὴ
1423 818 1465 856 δὲ

141 886 254 937 ἡμεῖς
294 889 501 938 συγγενεῖς
542 887 653 928 ὄντες
692 885 839 936 ἥκομεν
881 886 937 927 εἰς
978 884 1022 925 τὸ
1068 884 1208 936 μέσον,
1256 887 1468 934 τηνικαῦτα

143 953 345 999 εἰσποιεῖς,
383 953 448 993 ἵνα
477 951 549 1002 τὴν
582 952 722 993 οὐσίαν
751 951 967 1008 κατάσχῃς.
1040 952 1101 992 καὶ
1135 950 1213 1003 φὴς
1247 953 1318 1002 μὲν
1356 950 1467 991 οὐδὲν

143 1019 242 1061 εἶναι
278 1020 330 1075 τῷ
360 1018 564 1075 Ἀρχιάδῃ,
604 1018 700 1072 πρὸς
737 1018 781 1059 ὃν
819 1018 1084 1070 εἰσεποιήθης,
1123 1021 1392 1070 διαμαρτυρεῖς
1426 1019 1468 1057 δὲ

143 1085 241 1139 πρὸς
277 1085 391 1138 ἡμᾶς,
431 1085 476 1127 τὸ
514 1086 832 1138 ὁμολογούμενον
870 1085 985 1139 γένος
1027 1084 1262 1136 ἐξελαύνων·
1313 1085 1347 1126 εἰ
1394 1086 1468 1137 γὰρ
1489 1084 1634 1139 [1089]

86 1174 121 1205 15
142 1153 263 1205 μηδέν
295 1154 407 1194 ἐστιν
439 1154 482 1194 ἐν
513 1157 564 1208 τῷ
599 1155 705 1208 οἴκῳ,
740 1153 782 1194 τί
808 1153 858 1194 σὺ
892 1154 1053 1193 ἐλαττοῖ
1081 1156 1148 1193 τοῦ
1171 1151 1336 1203 μηδενὸς
1362 1151 1468 1203 ἡμῶν

145 1219 547 1274 κληρονομησάντων,·
585 1221 693 1261 ἀλλὰ
727 1220 850 1273 γὰρὴ
887 1220 1063 1261 ἀναίδεια
1099 1220 1162 1260 καὶ
1198 1219 1220 1270 ἡ
1258 1218 1470 1269 πλεονεξία
1491 1229 1534 1262 28

144 1288 301 1339 τοιαύτη
339 1288 450 1328 ἐστὶν
487 1286 616 1335 αὐτοῦ,
654 1285 683 1327 ι’ἶ)
726 1286 864 1340 ἄνδρες
906 1287 1101 1334 δικασταί,
1145 1286 1242 1326 ὥσθ’
1285 1286 1470 1338 ἡγεῖσθαι

145 1358 226 1395 δεῖν
264 1356 306 1396 ἐν
346 1353 611 1397 Ἐλευσινίοις
652 1372 695 1396 τε
733 1354 804 1405 τὴν
846 1353 1026 1410 πατρῴαν
1062 1354 1202 1395 οὐσίαν
1241 1353 1470 1394 ἐπανελθὼν

146 1423 266 1475 ἔχειν,
295 1421 361 1475 ἐφ’
393 1421 417 1461 ἅ
448 1421 482 1464 τ’
515 1420 742 1473 εἰσεποιήθη
776 1421 828 1474 μὴ
859 1423 971 1464 ὄντος
1004 1423 1047 1462 ἐν
1071 1426 1124 1476 τῷ
1157 1422 1250 1476 οἴκῳ
1283 1422 1379 1466 υἱοῦ,
1409 1419 1471 1460 καὶ

88 1511 126 1532 20
145 1489 293 1530 τούτων
318 1488 447 1542 κύριος
471 1488 672 1541 γενέσθαι.
711 1489 773 1530 καὶ
798 1492 918 1529 ταῦτα
938 1488 1067 1530 πάντα
1089 1490 1231 1543 ῥᾳδίως
1253 1491 1469 1528 διοικεῖται·

145 1556 243 1608 πρὸς
276 1557 354 1610 γὰρ
391 1556 619 1607 ἀνθρώπους
655 1556 757 1607 ἡμᾶς
800 1556 970 1607 πένητας
1008 1556 1072 1596 καὶ
1112 1555 1325 1596 ἀδυνάτους
1367 1554 1470 1608 ἔχων

146 1624 377 1664 ἀναλίσκειν
423 1624 466 1664 ἐκ
511 1627 588 1666 τῶν
636 1624 858 1675 ἀλλοτρίων
906 1623 1008 1664 πολὺ
1050 1624 1262 1675 περίεστιν.
1336 1622 1471 1673 διόπερ

147 1689 255 1742 οἶμαι
289 1691 388 1742 ὑμᾶς
425 1692 505 1731 δεῖν
540 1693 705 1742 βοηθεῖν
741 1695 823 1733 τοῖς
853 1690 904 1742 μὴ
936 1691 1232 1741 πλεονεκτῆσαί
1260 1705 1298 1729 τι
1324 1693 1471 1740 βουλο-

145 1756 290 1809 μένοις,
316 1757 409 1798 ἀλλ’
440 1758 650 1811 ἀγαπῶσιν
684 1757 753 1798 ἐάν
778 1774 836 1800 τις
868 1758 968 1809 ἡμᾶς
997 1761 1074 1798 τῶν
1100 1757 1231 1808 νόμων
1257 1757 1302 1811 ἐξι
1323 1754 1469 1809 τυγχά-

89 1839 125 1871 25
147 1841 242 1865 νειν.
312 1824 352 1865 τί
389 1826 464 1878 γὰρ
507 1828 569 1866 δεῖ
602 1829 729 1866 ποιεῖν
770 1825 884 1876 ἡμᾶς,
929 1823 958 1864 ὦ
994 1824 1130 1877 ἄνδρες
1171 1823 1371 1870 δικασταί;
1410 1823 1473 1862 διὰ
1494 1835 1539 1871 29

146 1895 263 1943 τριῶν
292 1894 361 1942 τῆς
390 1891 587 1944 ποιήσεως
618 1893 875 1944 ἐμμενούσης,
912 1893 974 1933 καὶ
1001 1895 1068 1932 τοῦ
1099 1892 1324 1933 τελευταίου
1357 1891 1472 1942 ἐγκα-

147 1958 443 2011 ταλειφθέντος,
464 1959 602 2000 τούτου
619 1959 782 2002 ἄπαιδος
800 1959 1136 2010 τετελευτηκότος,
1157 1958 1208 2010 μὴ
1231 1958 1474 2009 κομίσασθαι

148 2027 195 2066 τὰ
235 2025 389 2079 ἡμέτερ’
426 2025 552 2068 αὐτῶν
586 2028 716 2082 χρόνῳ
754 2026 867 2074 ποτέ;
916 2030 1029 2067 τοῦτο
1066 2027 1197 2067 τοίνυν
1234 2025 1394 2079 ἔχοντες
1429 2022 1473 2063 τὸ

198 2145 209 2165 Ι
236 2136 309 2168 τοὺς
327 2135 439 2176 νόμους
455 2136 486 2166 Α
575 2136 747 2169 ἔλειπενΑ
873 2147 892 2166 2
917 2138 1000 2178 αὑτῷ
1016 2137 1062 2169 S:
1088 2137 1161 2168 sine
1177 2136 1298 2176 spiritu
1315 2135 1370 2170 A:
1395 2137 1478 2175 αὐτῷ

149 2177 174 2208 F
189 2178 218 2208 D
351 2190 370 2218 3
396 2182 516 2213 ἐκείνου
532 2179 564 2210 Α
697 2192 713 2220 7
740 2185 818 2220 post
834 2182 942 2213 οὐσίας
959 2181 1035 2211 add.
1057 2181 1148 2213 ἕνεκα
1167 2182 1190 2211 S
1205 2180 1270 2218 FQ
1285 2181 1336 2211 D:
1360 2190 1425 2211 om.
1445 2179 1477 2208 A

149 2223 169 2252 8
193 2225 227 2254 οὐ
245 2226 309 2255 τῶν
325 2222 356 2253 Α
374 2235 380 2254 2
404 2228 467 2256 τῶν
485 2225 508 2255 S
522 2225 546 2254 F
559 2224 588 2262 Q
604 2224 632 2254 D
766 2225 1037 2264 εἰσποιησαμένων
1053 2225 1084 2254 Λ
1220 2235 1241 2264 9
1265 2225 1409 2264 ἠμφεσβ.
1429 2222 1475 2253 S:

150 2267 288 2308 ἠμφισβ.
305 2267 395 2305 vulg.
534 2278 567 2297 11
594 2269 632 2299 τὺ
650 2278 715 2299 om.
733 2268 763 2297 A
900 2279 936 2297 12
962 2269 1051 2300 οὐδὲν
1064 2267 1122 2307 μὲν
1138 2267 1170 2297 A
1305 2277 1337 2305 14
1364 2265 1473 2307 γένος]

149 2309 241 2350 ’γένος
257 2311 343 2349 ἡμῶν
360 2310 389 2340 Α
483 2320 521 2350 15
540 2314 578 2343 σὺ
595 2311 627 2341 Α
640 2311 668 2340 D
684 2323 691 2343 ι
716 2325 766 2343 σοι
784 2312 807 2342 S
819 2311 844 2341 F
859 2311 889 2350 Q
985 2314 1022 2342 16
1038 2310 1345 2352 κληρονομησάντων
1364 2309 1476 2339 Naber

149 2354 292 2384 alterurn
310 2355 329 2393 ἡ
344 2364 407 2386 om.
425 2353 457 2384 A
607 2356 645 2385 18
669 2369 704 2386 τε
723 2356 747 2386 S
765 2365 851 2387 corr.
870 2355 960 2393 vulg.
979 2366 985 2385 :
1010 2370 1049 2386 τα
1071 2354 1108 2385 Sl
1200 2356 1382 2386 ἐπανελθὼν
1398 2357 1475 2384 ante

150 2397 210 2436 τὴν
226 2397 258 2427 A
391 2409 432 2428 22
456 2399 637 2430 ἀναλίσκων
655 2399 678 2428 S
692 2398 723 2428 A
855 2409 895 2436 23
917 2402 1073 2436 βοηθῆσαι
1089 2398 1121 2428 Α
