1763 2778
188 129 304 184 XLVII]
374 134 535 172 ΚΑΤΑ
584 133 791 171 ΕΥΕΡΓ.
841 133 942 170 ΚΑΙ
992 134 1249 171 ΜΝΗΣΙΒ.
1297 133 1477 171 ΨΕὙΔ.
1534 127 1662 182 [1153]

187 234 392 287 ἀνθρώπου
429 231 762 285 βασανιζομένης,
798 232 986 285 ὁπότερος
1024 232 1141 285 ἧρξεν
1177 237 1321 286 χειρῶν
1354 234 1509 274 ἀδίκων·

187 305 300 342 τοῦτο
338 299 414 353 γάρ
454 302 566 341 ἐστιν
597 300 620 352 ἡ
658 301 797 340 αἴκεια.
858 301 920 341 καὶ
952 298 1043 341 τοὺς
1073 299 1270 352 μάρτυρας
1303 302 1367 340 διὰ
1398 303 1510 340 τοῦτο

188 368 312 409 διώκω
338 372 415 409 τῶν
438 367 801 421 ψευδομαρτυρίων,
828 368 888 407 ὅτι
913 360 1187 419 ἐμαρτύρησαν
1214 366 1365 408 ἐθέλειν
1385 384 1508 418 παρα-

187 436 337 476 διδόναι
378 438 448 476 τδν
485 435 708 487 Θεόφημον
742 433 814 485 τὴν
846 433 1067 486 ἄνθρωπον,
1102 434 1274 485 οὐδαμοῦ
1309 438 1353 474 τὸ
1397 438 1510 485 σῶμα

149 512 165 543 5
188 503 468 555 παραδιδόντος
505 502 593 543 οὔτε
632 502 722 543 τότε
763 505 862 554 πρὸς
899 505 951 556 τῷ
992 504 1167 558 διαιτητῇ
1205 501 1294 542 οὔτε
1327 502 1508 553 ὕστερον,

188 569 381 612 πολλάκις
407 571 501 620 ἐμοῦ
526 568 820 620 ἐξαιτήσαντος.
891 570 1037 619 διπλῆν
1060 568 1129 608 οὖν
1154 569 1292 611 αὐτοὺς
1315 571 1377 609 δεῖ
1398 570 1508 619 δίκην
1527 576 1572 617 48

188 640 332 684 δοῦναι,
361 637 420 677 ὅτι
445 654 489 679 τε
513 635 769 687 ἐξηπάτησαν
792 635 884 678 τοὺς
901 637 1092 678 δικαστὰς
1110 639 1273 689 ψευδεῖς
1295 637 1508 688 μαρτυρίας

186 705 498 758 παρασχόμενοι,
522 707 714 755 κηδεστοῦ
739 704 801 744 καὶ
827 704 1017 755 ἀδελφοῦ,
1041 703 1103 744 καὶ
1126 704 1186 744 ὅτι
1208 705 1275 754 ἐμὲ
1300 703 1505 754 ἠδίκησαν,

185 765 478 828 λῃτουργοῦντα
499 773 573 823 μὲν
598 772 689 822 ὑμῖν
712 771 932 823 προθύμως,
960 775 1147 812 ποιοῦντα
1171 773 1212 811 δὲ
1237 772 1284 810 τὰ
1310 787 1506 822 προστατ-

127 849 166 871 10
186 839 344 890 τόμενα,
368 839 636 891 ὑπηρετοῦντα
671 841 714 879 δὲ
749 842 829 879 τοῖς
868 839 1004 889 νόμοις
1034 839 1097 879 καὶ
1129 841 1210 880 τοῖς
1241 840 1508 891 ψηφίσμασιν

187 909 270 948 τοῖς
292 905 506 958 ὑμετέροις.
565 905 617 947 ὡς
643 908 684 947 δὲ
710 905 778 946 οὐκ
802 906 880 959 ἐγὼ
905 907 1024 957 μόνος
1051 905 1286 958 παρέλαβον
1310 906 1416 957 παρὰ
1438 907 1508 955 τῆς

187 973 311 1026 ἀρχῆς
335 976 475 1014 τοῦτον
495 972 789 1025 εἰσπράξασθαι
808 972 931 1023 σκεύη
950 973 1168 1026 ὀφείλοντα
1186 978 1232 1029 τῇ
1252 972 1381 1019 πόλει,
1403 972 1508 1012 ἀλλὰ
1530 965 1660 1020 [1154]

188 1040 251 1080 καὶ
274 1040 395 1081 ἄλλοι
417 1044 496 1081 τῶν
524 1039 770 1094 τριηράρχων
796 1040 952 1093 ἑτέρους
986 1038 1272 1093 εἰσεπράξαντο
1298 1040 1364 1083 οὓς
1388 1038 1506 1092 παρέ-

185 1111 330 1160 λαβον,
357 1107 561 1161 ἀνάγνωθί
581 1125 648 1160 μοι
673 1107 800 1148 αὐτῶν
824 1110 894 1150 τὰς
917 1109 1141 1160 μαρτυρίας.

127 1235 163 1266 15
731 1233 959 1260 ΜΑΡΤΤΡΙΑΙ.

256 1314 456 1366 Βούλομαι
491 1315 636 1360 τοίνυν,
663 1312 693 1354 ὦ
718 1313 855 1367 ἄνδρες
883 1315 1077 1359 δικασταί,
1107 1314 1168 1354 καὶ
1194 1314 1218 1354 ἃ
1241 1312 1420 1354 πέπονθα
1443 1311 1507 1353 ὑπ’
1529 1326 1573 1359 49

186 1381 312 1422 αὐτῶν
345 1380 615 1434 διηγήσασθαι
647 1383 750 1432 ὑμῖν.
823 1381 957 1432 ἐπειδὴ
990 1383 1066 1434 γὰρ
1099 1379 1239 1433 ὦφλον
1273 1381 1404 1421 αὐτοῖς
1437 1379 1508 1430 τὴν

186 1449 297 1499 δίκην
321 1449 387 1502 ἐφ’
411 1447 434 1506 ᾗ
457 1448 548 1491 τοὺς
569 1448 767 1500 μάρτυρας
792 1449 952 1490 τούτους
983 1448 1110 1488 διώκω
1134 1450 1182 1488 τὰ
1207 1449 1335 1500 ψευδῆ
1359 1464 1504 1499 μεμαρ-

185 1516 410 1568 τυρηκότας,
449 1517 685 1569 προσελθὼν
724 1519 777 1570 τῷ
821 1514 1027 1570 Θεοφήμῳ
1069 1515 1298 1566 μελλούσης
1333 1531 1399 1565 μοι
1436 1514 1506 1564 ἤδη

126 1601 165 1624 20
185 1581 339 1634 ἐξήκειν
357 1585 426 1634 τῆς
445 1583 720 1635 ὑπερημερίας,
740 1582 903 1633 ἐδεήθην
927 1582 1045 1623 αὐτοῦ
1069 1583 1253 1635 ἐπισχεῖν
1277 1599 1342 1632 μοι
1368 1582 1507 1633 ὀλίγον

184 1650 342 1703 χρόνον,
368 1649 500 1703 λέγων
519 1651 589 1692 τὰς
614 1650 815 1701 ἀληθείας,
835 1651 896 1690 ὅτι
919 1649 1210 1702 πεπορισμένου
1229 1652 1298 1688 τοῦ
1322 1648 1507 1700 ἀργυρίου

185 1716 207 1757 ὃ
243 1717 413 1769 ἔμελλον
451 1717 554 1773 αὐτῷ
591 1718 758 1758 ἐκτίνειν
797 1717 1035 1769 συμβέβηκέ
1069 1734 1135 1768 μοι
1172 1717 1417 1769 τριηραρχία,
1444 1715 1506 1755 καὶ
1529 1729 1573 1765 50

185 1783 453 1826 ἀποστέλλειν
492 1786 555 1825 διὰ
587 1784 734 1838 τάχους
765 1787 825 1825 δεῖ
855 1784 925 1835 τὴν
957 1783 1106 1837 τριήρη,
1136 1784 1198 1823 καὶ
1231 1784 1251 1822 ὁ
1284 1785 1507 1835 στρατηγὸς

184 1850 430 1906 Ἀλκίμαχος
464 1852 566 1907 αὑτῷ
600 1851 913 1904 παρασκευάζειν
944 1851 1095 1892 κελεύοι
1127 1851 1272 1901 ταύτην
1301 1850 1372 1900 τὴν
1398 1852 1504 1889 ναῦν·

125 1936 162 1968 25
183 1917 229 1959 τὸ
263 1918 332 1959 οῦν
364 1918 551 1972 ἀργύριον
579 1922 626 1959 τὸ
657 1919 952 1972 πεπορισμένον
978 1923 1030 1974 τῷ
1059 1917 1263 1972 Θεοφήμῳ
1294 1918 1506 1957 ἀποδοῦναι

184 1986 351 2027 ἐνταῦθα
370 1986 690 2039 κατεχρησάμην.
748 1987 914 2038 ἐδεόμην
938 1985 971 2026 δ’
991 1986 1108 2026 αὐτοῦ
1133 1983 1411 2036 ἀναβαλέσθαι
1436 1983 1506 2033 τὴν

183 2053 456 2106 ὑπερημερίαν,
489 2054 562 2095 ἕως
591 2053 639 2095 ἂν
677 2053 747 2104 τὴν
785 2058 880 2095 ναῦν
923 2054 1166 2094 ἀποστείλω.
1238 2053 1258 2091 ὁ
1292 2054 1332 2092 δὲ
1366 2050 1506 2105 ῥᾳδίως

228 2171 246 2200 5
271 2164 344 2194 οὔτε
360 2162 437 2194 τότε
463 2162 603 2202 Reiske‚
622 2163 661 2195 cs.
683 2166 697 2201 ξ
716 2165 758 2194 6:
783 2165 855 2195 οὔτε
874 2163 897 2194 S
915 2174 922 2194 τ
947 2166 1017 2195 οὔτε
1036 2163 1088 2194 ὅτε
1104 2162 1130 2193 F
1144 2162 1173 2200 Q
1188 2162 1216 2191 D
1349 2163 1369 2190 6
1394 2163 1441 2191 δεῖ
1455 2159 1478 2189 S
1499 2171 1506 2190 τ

185 2206 247 2237 ἔδει
266 2206 290 2236 F
307 2206 337 2244 Q
351 2206 381 2236 D
473 2208 563 2245 δίκην
579 2210 685 2239 δοῦναι
704 2207 748 2238 S:
774 2210 879 2239 δοῦναι
898 2207 1030 2248 (διδόναι
1050 2207 1092 2247 D)
1112 2207 1203 2244 δίκην
1220 2206 1309 2243 vulg.
1408 2205 1428 2232 8
1450 2216 1505 2240 κη-

184 2252 298 2281 δεστοῦ
315 2251 364 2282 καὶ
383 2251 524 2291 ἀδελφοῦ
541 2251 606 2281 ἀεὶ.
628 2251 846 2281 Herwerden
1010 2261 1052 2281 20
1076 2252 1171 2282 αὐτοῦ
1190 2249 1214 2279 S
1232 2262 1238 2279 :
1262 2249 1374 2280 αὐτοὺς
1389 2246 1415 2277 F
1431 2245 1460 2284 Q
1476 2247 1506 2276 D

183 2302 224 2322 22
250 2293 400 2325 ἐκτείνειν
418 2293 456 2324 S²
610 2304 652 2333 23
676 2294 736 2335 δεῖ]
756 2296 819 2326 δεῖν
837 2293 874 2324 Sl
893 2295 953 2324 sed
970 2308 987 2326 ν
1002 2304 1099 2324 eraso
1245 2304 1286 2330 24
1311 2291 1506 2330 Ἀλκίμαχος

183 2335 208 2366 S
220 2335 260 2375 D,
281 2336 447 2375 Harpocr.
465 2347 532 2369 S.v.
550 2348 557 2368 τ
575 2338 732 2378 Ἄλκιμος
750 2338 838 2377 vulg.
1007 2340 1089 2377 αὑτῳ
1108 2335 1358 2378 παρασκευάζειν
1375 2334 1397 2364 S
1409 2334 1434 2363 F
1452 2346 1503 2375 'yp-

182 2378 300 2420 Qyp.:
332 2379 505 2420 ἀνάγεσθαι
522 2381 547 2410 F
563 2381 592 2420 Q
610 2381 639 2410 D
757 2380 881 2413 κελεύοι
905 2380 928 2411 S
943 2381 972 2410 D
987 2381 1013 2410 B
1037 2394 1100 2422 Ὑρ.,
1127 2381 1165 2410 cf.
1191 2381 1200 2410 l
1224 2390 1275 2419 37,
1302 2378 1505 2408 Prooemium

182 2423 287 2453 xxxiv
304 2433 317 2453 1
334 2434 341 2454 ε
365 2424 489 2456 κελεύει
507 2424 595 2464 vulg.
709 2425 833 2463 ταύτην
850 2425 873 2455 S
890 2425 917 2454 B
930 2437 982 2466 γρ.
1000 2435 1006 2455 :
1031 2435 1096 2455 om.
1113 2429 1190 2455 cett.
