1763 2778
138 116 278 172 [1436]

723 118 1206 158 ΔΗΜΟΣΘΕΝΟΎΣ

261 227 280 261 3
302 219 343 260 ἕν
369 235 405 259 τι
429 222 507 260 τῶν
533 218 747 259 ἀδυνάτων.
808 219 842 259 εἶ
874 219 946 269 μὲν
972 217 1040 257 οὖν
1064 214 1283 269 ηὑρημένον
1308 214 1355 265 ἦν
1380 219 1462 257 πῶς
1492 214 1540 256 ἄν
1569 231 1628 257 τις

302 288 498 338 ἀσφαλῶς
537 286 628 327 ἄνευ
673 285 849 326 κινδύνου
898 284 1150 336 δημηγοροίη,
1200 284 1321 334 μανία
1367 283 1628 335 παραλείπειν

301 357 439 394 τοῦτον
465 350 548 405 (av)
568 352 614 403 ἦν
630 352 699 393 τὸν
719 353 878 405 τρόπον·
918 351 1003 391 ἐπεὶ
1024 350 1055 390 δ’
1073 349 1222 403 ἀνάγκη
1239 349 1308 390 τὸν
1328 351 1414 401 περὶ
1435 353 1512 389 τῶν
1530 354 1624 400 μελ-

301 421 455 460 λόντων
480 420 720 472 πραγμάτων
755 419 915 472 γνώμην
950 418 1272 470 ἀποφαινόμενον
1300 413 1518 469 [κοινωνεῖν
1547 418 1628 458 τοῖς

302 486 367 527 ἀπ’
395 487 521 527 αὐτῶν
546 484 787 539 γενομένοις]
814 486 875 526 καὶ
903 485 1086 538 μετέχειν
1112 486 1180 534 τῆς
1210 483 1286 524 ἀπὸ
1315 483 1463 524 τούτων
1489 484 1627 529 αἰτίας,

302 554 471 607 αἰσχρὸν
496 554 664 606 ἡγοῦμαι
689 553 824 605 λέγειν
847 554 920 604 μὲν
946 552 997 594 ὡς
1028 552 1172 597 εὔνους,
1198 551 1250 602 μὴ
1280 550 1489 601 ὑπομένειν
1515 549 1568 596 δέ,
1597 552 1632 590 εἴ

301 638 361 663 τις
387 622 429 661 ἐκ
453 621 593 661 τούτου
620 621 795 662 κίνδυνος
820 620 950 660 ἔσται.
1012 619 1177 672 εὔχομαι
1201 620 1242 658 δὲ
1267 622 1348 659 τοῖς
1374 620 1489 663 θεοῖς,
1516 616 1541 656 δι
1567 616 1631 657 καὶ

302 694 350 745 τῇ
375 688 491 729 πόλει
517 689 632 739 κάμοὶ
653 686 873 740 συμφέρειν
892 686 1046 738 μέλλει,
1067 683 1172 725 ταῦτ’
1195 686 1284 736 ἐμοί
1299 683 1332 725 τ’
1354 686 1478 724 εἰπεῖν
1499 685 1630 724 ἐλθεῖν

304 755 367 796 ἐπὶ
396 759 489 796 νοῦν
519 755 582 794 καὶ
614 755 705 805 ὑμῖν
738 753 917 794 ἑλέσθαι.
987 753 1032 793 τὸ
1065 754 1139 805 γὰρ
1169 751 1298 792 πάντα
1325 752 1472 803 τρόπον
1504 751 1631 801 ζητεῖν

302 825 474 873 νικῆσαι,
502 825 607 862 δυοῖν
633 820 811 873 θάτερον,
837 817 860 872 ἦ
895 821 1036 871 μανίας
1062 816 1087 870 ἢ
1119 821 1278 872 κέρδους
1308 817 1408 859 ἕνεκ’
1435 819 1629 859 ἐσπουδα-

305 890 416 931 κότος
441 888 612 942 φήσαιμ’
638 887 686 929 ῖὶν
713 889 825 929 εἶναι.

930 1014 1002 1053 K?

373 1099 447 1148 Εἵη
473 1097 558 1148 μέν,
585 1095 614 1138 ὦ
641 1096 777 1150 ἄνδρες
796 1097 1014 1148 Ἀθηναῖοι,
1044 1096 1105 1137 καὶ
1131 1095 1220 1148 περὶ
1244 1096 1299 1136 ὧν
1318 1095 1401 1136 νυνὶ
1425 1093 1633 1149 τυγχάνετ’

307 1166 634 1215 ἐκκλησιάζοντες
671 1165 733 1205 καὶ
770 1166 858 1217 περὶ
894 1168 972 1204 τῶν
1008 1163 1144 1203 ἄλλων
1181 1161 1366 1203 ἁπάντων
1406 1161 1527 1202 ταύτὰ
1571 1162 1633 1203 καὶ

306 1234 495 1272 δοκοῦντα
520 1231 706 1283 βέλτισθ’
726 1233 818 1283 ὑμῖν
843 1231 943 1272 εῖναι
969 1231 1031 1271 καὶ
1055 1230 1138 1271 ὄνθ’
1166 1229 1216 1272 ὡς
1242 1230 1410 1280 ἀληθῶς.
1461 1232 1520 1270 δεῖ
1540 1228 1632 1280 μέν-

306 1316 367 1339 τοι
402 1298 768 1352 περὶ·πραγμάτων
802 1298 989 1351 μεγάλων
1023 1295 1338 1349 βουλευομένους
1376 1296 1439 1336 καὶ
1481 1299 1632 1344 κοινῶν,

246 1367 255 1376 “
307 1365 491 1406 ἁπάντων
531 1365 684 1407 ἐθέλειν
726 1366 881 1406 ἀκούειν
919 1369 997 1405 τῶν
1036 1364 1405 1415 συμβουλευόντων,
1450 1363 1501 1406 ὡς
1547 1362 1634 1415 ἐμοὶ

309 1436 426 1479 δοκεῖ,
454 1432 762 1484 ἐνθυμουμένους
786 1433 847 1472 ὅτι
872 1432 1042 1486 αἰσχρόν
1063 1433 1184 1478 ἐστιν,
1207 1429 1236 1472 ὦ
1261 1431 1397 1483 ἄνδρες
1416 1429 1631 1481 Ἀθηναῖοι,

309 1504 376 1540 νῦν
400 1502 472 1551 μὲν
496 1500 755 1551 βουλομένων
785 1517 821 1540 τι
854 1502 1059 1552 παραινεῖν
1091 1499 1206 1539 ἐνίων
1238 1501 1436 1550 θορυβεῖν,
1466 1498 1634 1549 ὕστερον

308 1569 349 1607 δὲ
367 1567 690 1619 κατηγορούντων
706 1571 782 1607 τῶν
800 1567 928 1607 αὐτῶν
947 1566 1096 1606 τούτων
1115 1569 1192 1606 τῶν
1209 1564 1496 1618 πεπραγμένων
1511 1563 1634 1615 ἡδέως

1649 499 1666 530 ‘11

1654 833 1693 854 10

1656 1246 1693 1278 15

1656 1583 1697 1605 20

269 1643 288 1667 2
309 1634 477 1674 ἀκούειν.
548 1635 624 1686 ἐγὼ
658 1633 735 1686 γὰρ
762 1633 862 1680 οῖδα,
894 1634 1037 1684 νομίζω
1067 1635 1108 1673 δὲ
1144 1633 1205 1673 καὶ
1238 1634 1349 1683 ὑμᾶς,
1376 1632 1436 1672 ὅτι
1467 1635 1535 1672 νῦν
1561 1634 1634 1683 μὲν
1685 1646 1692 1649 “

151 1694 286 1750 [1437]
309 1700 527 1753 ἀρέσκουσι
560 1700 727 1752 μάλισθ’
759 1701 851 1751 ὑμῖν
884 1702 920 1741 οἱ
957 1699 1064 1740 ταῦθ’
1090 1700 1148 1740 οῖς
1182 1700 1291 1750 ὑμεῖς
1326 1699 1530 1750 βούλεσθε
1564 1697 1631 1739 λέ-

308 1785 459 1822 γοντες·
497 1768 544 1808 ἂν
569 1768 613 1809 δέ
644 1785 683 1809 τι
714 1773 852 1824 συμβῇ
884 1766 974 1819 παρ’
1000 1767 1024 1806 δι
1053 1770 1120 1807 νῦν
1145 1767 1289 1812 οἴεσθε,
1317 1765 1338 1806 ὃ
1361 1765 1413 1816 μὴ
1441 1766 1633 1816 συμβαίη,

308 1836 468 1878 τούτους
491 1837 563 1886 μὲν
589 1834 874 1886 ἐξηπατηκέναι
898 1832 1063 1884 νομιεῖθ’
1082 1834 1193 1884 ὑμᾶς,
1214 1834 1268 1873 ὧν
1293 1834 1333 1873 δὲ
1358 1836 1427 1873 νῦν
1452 1833 1520 1872 οὐκ
1545 1831 1634 1872 ἀνέ-

354 1955 374 1975 2
396 1945 509 1984 μανίαν
527 1945 565 1984 C,
585 1945 676 1975 unde
691 1944 775 1985 ,uavi'
792 1945 830 1976 ἂν
849 1943 929 1983 May
1018 1945 1208 1985 παραλιπεῖν
1224 1941 1277 1972 rC
1375 1951 1394 1981 3
1419 1942 1457 1974 ἂν
1474 1945 1551 1980 post
1566 1942 1635 1972 τοῦ·

310 2002 369 2021 ’τον
386 1990 463 2019 add.
484 1989 580 2019 Blass
598 1988 672 2018 coll.
694 1989 808 2018 Liban.
830 1988 838 2017 i
856 1988 929 2026 485.
948 1996 987 2016 10
1001 1986 1032 2016 R
1151 1985 1275 2026 ἀνάγκη
1292 1984 1365 2026 τὸν]
1384 1984 1525 2025 αγαπητ’
1542 1998 1580 2016 αν
1597 1983 1636 2015 Sl

312 2041 375 2072 4—5
399 2035 572 2064 κοινωνεῖν.
590 2057 596 2063 .
611 2057 617 2063 .
639 2031 822 2073 γενομένοις
838 2030 918 2061 secl.
936 2030 1043 2067 Blass,
1060 2034 1152 2060 recte
1170 2035 1262 2068 puto,
1282 2034 1315 2058 et
1333 2029 1495 2059 redundat
1511 2028 1636 2067 aliquid

313 2082 346 2106 et
363 2076 500 2106 verbum
518 2079 676 2107 κοινωνεῖν
694 2086 758 2106 non
778 2076 841 2104 rite
859 2077 1040 2114 usurpatur
1154 2073 1174 2102 8
1199 2072 1306 2113 κάμοὶ]
1326 2085 1429 2112 καιμοι
1447 2072 1470 2102 S
1485 2071 1521 2101 F¹
1537 2071 1567 2110 Q
1582 2071 1611 2100 Y
1628 2082 1635 2102 :

313 2121 364 2151 καὶ
384 2121 447 2159 ἐμοὶ
464 2119 584 2149 Fcorr.
599 2119 726 2149 Ycorr.
793 2128 830 2147 12
849 2117 918 2158 Κς]
938 2117 969 2149 λ’
988 2117 1011 2147 S
1075 2126 1111 2155 14
1128 2117 1231 2148 ταύτὰ
1247 2116 1391 2146 Vindob.
1409 2127 1428 2155 4
1448 2114 1635 2154 (Bekker):

313 2165 415 2194 ταῦτα
430 2166 508 2192 cett.
604 2172 639 2201 ¹5
664 2160 726 2193 ὄνθ’
745 2163 783 2194 ὡς
800 2171 815 2191 r
830 2161 975 2190 Vindob.
1002 2170 1043 2198 4:
1069 2160 1165 2192 ὅντως
1191 2160 1214 2190 S
1239 2159 1328 2197 vulg.
1431 2160 1469 2188 16
1492 2159 1534 2188 ab
1557 2165 1636 2189 -λων

315 2206 433 2244 incipit
445 2205 534 2244 Oxy.
550 2205 630 2244 Pap.
645 2206 653 2235 i
667 2207 709 2235 26
797 2207 908 2235 κοινῶν
920 2213 935 2233 r
949 2203 1029 2242 Pap.
1045 2203 1167 2244 <wolfi
1182 2212 1189 2232 :
1215 2205 1324 2234 κοινῶς
1335 2206 1413 2232 cett.
1508 2212 1543 2240 17
1570 2202 1635 2241 ἐμοὶ

315 2250 339 2280 S
364 2249 449 2288 vulg.
470 2249 548 2288 Pap.
566 2261 572 2280 ;
599 2250 705 2288 ἔμοιγε
723 2258 738 2278 r
877 2257 915 2285 19
938 2246 997 2286 μὲν
1013 2246 1215 2285 βουλομένων
1231 2246 1349 2276 codd.:
1375 2244 1638 2285 βεβουλευμένων

315 2292 396 2332 Pap.
551 2303 593 2322 20
615 2295 678 2323 τῶν
700 2295 778 2321 ante
798 2292 902 2322 αὐτῶν
919 2290 951 2320 in
977 2290 1056 2329 Pap.
1077 2290 1210 2328 punctis
1228 2289 1375 2319 deletum
1477 2291 1541 2320 τῶν
1557 2292 1637 2318 ante

314 2335 544 2378 πεπραγμένων
559 2336 634 2365 add.
654 2334 796 2364 Vindob.
815 2345 844 2372 4,
872 2334 951 2373 Pap.
973 2333 1098 2374 (Wolf)
1116 2343 1125 2363 t
1147 2343 1212 2363 om.
1233 2332 1257 2363 S
1279 2333 1367 2371 vulg.
1485 2341 1526 2361 22
1550 2331 1638 2362 ταῦθ’

313 2379 358 2413 οῖς
373 2380 535 2411 Schaeser
549 2391 555 2410 :
580 2384 710 2410 ΤΑΥΤΑ
722 2383 792 2411 ΟΙΣ
808 2378 897 2416 Pap„
917 2375 1003 2408 ταῦθ’
1017 2376 1062 2409 οἷς
1079 2376 1109 2415 Q
1124 2386 1132 2406 ι
1155 2379 1256 2408 ταῦτα
1269 2375 1318 2408 οἷα
1332 2375 1356 2406 S
1370 2375 1457 2414 vulg.
1474 2385 1482 2406 t
1505 2377 1639 2406 τοιαῦτα

313 2423 362 2456 οἶα
380 2434 394 2453 Γ
474 2425 512 2455 ἂν
530 2425 612 2463 ὑμεῖς
629 2422 792 2460 βούλησθε
809 2431 825 2451 r
