<?xml version="1.0" encoding="UTF-8"?>
<!DOCTYPE html PUBLIC "-//W3C//DTD XHTML 1.0 Transitional//EN"
    "http://www.w3.org/TR/xhtml1/DTD/xhtml1-transitional.dtd">
<html xmlns="http://www.w3.org/1999/xhtml" xml:lang="en" lang="en">
 <head>
  <title>
</title>
<meta http-equiv="Content-Type" content="text/html;charset=utf-8" />
  <meta name='ocr-system' content='tesseract 3.04.00' />
  <meta name='ocr-capabilities' content='ocr_page ocr_carea ocr_par ocr_line ocrx_word'/>
</head>
<body>
  <div class='ocr_page' id='page_1' title='image "./orationesrecog03demouoft_0271.png"; bbox 0 0 1763 2778; ppageno 0'>
   <div class='ocr_carea' id='block_1_1' title="bbox 165 118 1651 175">
    <p class='ocr_par' dir='ltr' id='par_1_1' title="bbox 165 118 1651 175">
     <span class='ocr_line' id='line_1_1' title="bbox 165 118 1651 175; baseline 0.009 -19"><span class='ocrx_word' id='word_1_1' title='bbox 165 118 238 173; x_wconf 72' lang='lat' dir='ltr'>m]</span> <span class='ocrx_word' id='word_1_2' title='bbox 468 124 629 162; x_wconf 73' lang='grc' dir='ltr'>ΚΑΤΑ</span> <span class='ocrx_word' id='word_1_3' title='bbox 673 125 708 162; x_wconf 80' lang='grc' dir='ltr'>Δ</span> <span class='ocrx_word' id='word_1_4' title='bbox 723 123 1175 161; x_wconf 66' lang='grc' dir='ltr'>[οΝΎΣοΔΩΡοΎ</span> <span class='ocrx_word' id='word_1_5' title='bbox 1511 119 1651 175; x_wconf 85' lang='lat'><strong>[1297]</strong></span> 
     </span>
    </p>
   </div>
   <div class='ocr_carea' id='block_1_2' title="bbox 104 220 1651 1282">
    <p class='ocr_par' dir='ltr' id='par_1_2' title="bbox 164 220 1491 475">
     <span class='ocr_line' id='line_1_2' title="bbox 165 220 1490 276; baseline 0 -14"><span class='ocrx_word' id='word_1_6' title='bbox 165 220 409 273; x_wconf 90' lang='grc' dir='ltr'>ναυκλήροις,</span> <span class='ocrx_word' id='word_1_7' title='bbox 438 221 676 275; x_wconf 80' lang='grc' dir='ltr'>συγγραφὴν</span> <span class='ocrx_word' id='word_1_8' title='bbox 702 220 975 274; x_wconf 78' lang='grc' dir='ltr'>γραψαμένοις</span> <span class='ocrx_word' id='word_1_9' title='bbox 1000 221 1064 273; x_wconf 84' lang='grc' dir='ltr'>ἐφ’</span> <span class='ocrx_word' id='word_1_10' title='bbox 1081 220 1109 276; x_wconf 75' lang='grc' dir='ltr'><em>ᾧ</em></span> <span class='ocrx_word' id='word_1_11' title='bbox 1131 238 1175 262; x_wconf 88' lang='grc' dir='ltr'>τε</span> <span class='ocrx_word' id='word_1_12' title='bbox 1200 225 1416 261; x_wconf 74' lang='grc' dir='ltr'>καταπλεῖν</span> <span class='ocrx_word' id='word_1_13' title='bbox 1436 222 1490 262; x_wconf 85' lang='grc' dir='ltr'>εἰς</span> 
     </span>
     <span class='ocr_line' id='line_1_3' title="bbox 164 287 1487 340; baseline -0.001 -12"><span class='ocrx_word' id='word_1_14' title='bbox 164 287 346 338; x_wconf 87' lang='grc' dir='ltr'>Ἀθήνας,</span> <span class='ocrx_word' id='word_1_15' title='bbox 373 288 509 329; x_wconf 83' lang='grc' dir='ltr'>ἔπειτα</span> <span class='ocrx_word' id='word_1_16' title='bbox 531 288 716 340; x_wconf 83' lang='grc' dir='ltr'>κατάγειν</span> <span class='ocrx_word' id='word_1_17' title='bbox 750 288 821 338; x_wconf 76' lang='grc' dir='ltr'>τὴν</span> <span class='ocrx_word' id='word_1_18' title='bbox 856 292 952 329; x_wconf 83' lang='grc' dir='ltr'>ναῦν</span> <span class='ocrx_word' id='word_1_19' title='bbox 977 289 1032 330; x_wconf 84' lang='grc' dir='ltr'>εἷς</span> <span class='ocrx_word' id='word_1_20' title='bbox 1057 288 1171 339; x_wconf 83' lang='grc' dir='ltr'>ἕτερα</span> <span class='ocrx_word' id='word_1_21' title='bbox 1203 288 1382 338; x_wconf 86' lang='grc' dir='ltr'>ἐμπόρια,</span> <span class='ocrx_word' id='word_1_22' title='bbox 1411 287 1487 339; x_wconf 79' lang='grc' dir='ltr'>φά-</span> 
     </span>
     <span class='ocr_line' id='line_1_4' title="bbox 165 354 1488 408; baseline -0.001 -14"><span class='ocrx_word' id='word_1_23' title='bbox 165 371 334 397; x_wconf 88' lang='grc' dir='ltr'>σκοντας</span> <span class='ocrx_word' id='word_1_24' title='bbox 358 356 526 408; x_wconf 86' lang='grc' dir='ltr'>ῥαγῆναι</span> <span class='ocrx_word' id='word_1_25' title='bbox 546 356 608 396; x_wconf 84' lang='grc' dir='ltr'>καὶ</span> <span class='ocrx_word' id='word_1_26' title='bbox 623 356 804 397; x_wconf 84' lang='grc' dir='ltr'>τοιαύτας</span> <span class='ocrx_word' id='word_1_27' title='bbox 821 355 1045 408; x_wconf 80' lang='grc' dir='ltr'>προφάσεις</span> <span class='ocrx_word' id='word_1_28' title='bbox 1061 354 1337 407; x_wconf 77' lang='grc' dir='ltr'>ποριζομένους</span> <span class='ocrx_word' id='word_1_29' title='bbox 1361 355 1488 394; x_wconf 87' lang='grc' dir='ltr'>οἵαισ-</span> 
     </span>
     <span class='ocr_line' id='line_1_5' title="bbox 165 421 1491 475; baseline 0.001 -13"><span class='ocrx_word' id='word_1_30' title='bbox 165 439 237 474; x_wconf 88' lang='grc' dir='ltr'>περ</span> <span class='ocrx_word' id='word_1_31' title='bbox 276 422 338 463; x_wconf 85' lang='grc' dir='ltr'>καὶ</span> <span class='ocrx_word' id='word_1_32' title='bbox 378 424 678 475; x_wconf 86' lang='grc' dir='ltr'>Διονυσόδωρος</span> <span class='ocrx_word' id='word_1_33' title='bbox 725 423 861 463; x_wconf 86' lang='grc' dir='ltr'>οὑτοσὶ</span> <span class='ocrx_word' id='word_1_34' title='bbox 908 425 1063 475; x_wconf 81' lang='grc' dir='ltr'>χρῆται,</span> <span class='ocrx_word' id='word_1_35' title='bbox 1114 423 1176 462; x_wconf 85' lang='grc' dir='ltr'>καὶ</span> <span class='ocrx_word' id='word_1_36' title='bbox 1223 421 1311 463; x_wconf 82' lang='grc' dir='ltr'>τοὺς</span> <span class='ocrx_word' id='word_1_37' title='bbox 1355 422 1491 463; x_wconf 78' lang='grc' dir='ltr'>τόκους</span> 
     </span>
    </p>

    <p class='ocr_par' dir='ltr' id='par_1_3' title="bbox 125 487 1557 810">
     <span class='ocr_line' id='line_1_6' title="bbox 125 487 1489 542; baseline -0.001 -13"><span class='ocrx_word' id='word_1_38' title='bbox 125 508 142 539; x_wconf 88' lang='lat'><strong><em>5</em></strong></span> <span class='ocrx_word' id='word_1_39' title='bbox 162 489 333 541; x_wconf 78' lang='grc' dir='ltr'>μερίζειν</span> <span class='ocrx_word' id='word_1_40' title='bbox 357 489 453 542; x_wconf 86' lang='grc' dir='ltr'>πρὸς</span> <span class='ocrx_word' id='word_1_41' title='bbox 478 489 545 530; x_wconf 81' lang='grc' dir='ltr'>τὸν</span> <span class='ocrx_word' id='word_1_42' title='bbox 564 494 690 531; x_wconf 82' lang='grc' dir='ltr'>πλοῦν</span> <span class='ocrx_word' id='word_1_43' title='bbox 714 489 758 531; x_wconf 82' lang='grc' dir='ltr'>ὃν</span> <span class='ocrx_word' id='word_1_44' title='bbox 783 488 831 530; x_wconf 80' lang='grc' dir='ltr'>ἂν</span> <span class='ocrx_word' id='word_1_45' title='bbox 851 488 1039 542; x_wconf 84' lang='grc' dir='ltr'>φήσωσιν</span> <span class='ocrx_word' id='word_1_46' title='bbox 1060 488 1334 535; x_wconf 83' lang='grc' dir='ltr'>πεπλευκέναι,</span> <span class='ocrx_word' id='word_1_47' title='bbox 1358 487 1418 528; x_wconf 86' lang='grc' dir='ltr'>καὶ</span> <span class='ocrx_word' id='word_1_48' title='bbox 1436 488 1489 539; x_wconf 75' lang='grc' dir='ltr'>μὴ</span> 
     </span>
     <span class='ocr_line' id='line_1_7' title="bbox 164 555 1491 610; baseline -0.001 -14"><span class='ocrx_word' id='word_1_49' title='bbox 164 559 260 608; x_wconf 84' lang='grc' dir='ltr'>πρὸς</span> <span class='ocrx_word' id='word_1_50' title='bbox 282 556 354 607; x_wconf 77' lang='grc' dir='ltr'>τὴν</span> <span class='ocrx_word' id='word_1_51' title='bbox 379 556 629 610; x_wconf 82' lang='grc' dir='ltr'>συγγραφήν,</span> <span class='ocrx_word' id='word_1_52' title='bbox 657 557 769 598; x_wconf 79' lang='grc' dir='ltr'>οὐδὲν</span> <span class='ocrx_word' id='word_1_53' title='bbox 796 557 967 597; x_wconf 84' lang='grc' dir='ltr'>κωλύσει</span> <span class='ocrx_word' id='word_1_54' title='bbox 996 555 1151 597; x_wconf 80' lang='grc' dir='ltr'>ἅπαντα</span> <span class='ocrx_word' id='word_1_55' title='bbox 1179 558 1227 596; x_wconf 81' lang='grc' dir='ltr'>τὰ</span> <span class='ocrx_word' id='word_1_56' title='bbox 1260 556 1491 607; x_wconf 77' lang='grc' dir='ltr'>συμβόλαια</span> 
     </span>
     <span class='ocr_line' id='line_1_8' title="bbox 163 623 1557 677; baseline -0.001 -14"><span class='ocrx_word' id='word_1_57' title='bbox 163 623 407 665; x_wconf 82' lang='grc' dir='ltr'>διαλύεσθαι.</span> <span class='ocrx_word' id='word_1_58' title='bbox 465 625 524 666; x_wconf 85' lang='grc' dir='ltr'>τίς</span> <span class='ocrx_word' id='word_1_59' title='bbox 550 626 624 676; x_wconf 78' lang='grc' dir='ltr'>γὰρ</span> <span class='ocrx_word' id='word_1_60' title='bbox 641 623 827 675; x_wconf 85' lang='grc' dir='ltr'>ἐθελήσει</span> <span class='ocrx_word' id='word_1_61' title='bbox 845 623 894 664; x_wconf 82' lang='grc' dir='ltr'>τὰ</span> <span class='ocrx_word' id='word_1_62' title='bbox 920 626 1058 664; x_wconf 80' lang='grc' dir='ltr'>ἑαυτοῦ</span> <span class='ocrx_word' id='word_1_63' title='bbox 1082 623 1287 675; x_wconf 85' lang='grc' dir='ltr'>προέσθαι,</span> <span class='ocrx_word' id='word_1_64' title='bbox 1307 623 1401 663; x_wconf 84' lang='grc' dir='ltr'>ὅταν</span> <span class='ocrx_word' id='word_1_65' title='bbox 1420 623 1490 677; x_wconf 78' lang='grc' dir='ltr'>ὁρᾷ</span> <span class='ocrx_word' id='word_1_66' title='bbox 1513 637 1557 673; x_wconf 86' lang='grc'>50</span> 
     </span>
     <span class='ocr_line' id='line_1_9' title="bbox 162 689 1491 744; baseline 0.001 -14"><span class='ocrx_word' id='word_1_67' title='bbox 162 691 232 732; x_wconf 82' lang='grc' dir='ltr'>τὰς</span> <span class='ocrx_word' id='word_1_68' title='bbox 266 692 339 742; x_wconf 82' lang='grc' dir='ltr'>μὲν</span> <span class='ocrx_word' id='word_1_69' title='bbox 369 693 606 744; x_wconf 75' lang='grc' dir='ltr'>συγγραφὰς</span> <span class='ocrx_word' id='word_1_70' title='bbox 643 691 817 743; x_wconf 81' lang='grc' dir='ltr'>ἀκύρους,</span> <span class='ocrx_word' id='word_1_71' title='bbox 851 691 1064 744; x_wconf 79' lang='grc' dir='ltr'>ἰσχύοντας</span> <span class='ocrx_word' id='word_1_72' title='bbox 1097 693 1137 732; x_wconf 82' lang='grc' dir='ltr'>δὲ</span> <span class='ocrx_word' id='word_1_73' title='bbox 1171 690 1261 732; x_wconf 81' lang='grc' dir='ltr'>τοὺς</span> <span class='ocrx_word' id='word_1_74' title='bbox 1292 689 1491 731; x_wconf 83' lang='grc' dir='ltr'>τοιούτους</span> 
     </span>
     <span class='ocr_line' id='line_1_10' title="bbox 161 757 1490 810; baseline -0.001 -13"><span class='ocrx_word' id='word_1_75' title='bbox 161 757 322 810; x_wconf 80' lang='grc' dir='ltr'>λόγους,</span> <span class='ocrx_word' id='word_1_76' title='bbox 341 758 404 799; x_wconf 88' lang='grc' dir='ltr'>καὶ</span> <span class='ocrx_word' id='word_1_77' title='bbox 428 759 498 801; x_wconf 80' lang='grc' dir='ltr'>τὰς</span> <span class='ocrx_word' id='word_1_78' title='bbox 521 759 647 800; x_wconf 81' lang='grc' dir='ltr'>αἰτίας</span> <span class='ocrx_word' id='word_1_79' title='bbox 671 762 747 799; x_wconf 84' lang='grc' dir='ltr'>τῶν</span> <span class='ocrx_word' id='word_1_80' title='bbox 772 758 1010 809; x_wconf 82' lang='grc' dir='ltr'>ἠδικηκότων</span> <span class='ocrx_word' id='word_1_81' title='bbox 1036 758 1261 810; x_wconf 82' lang='grc' dir='ltr'>ἔμπροσθεν</span> <span class='ocrx_word' id='word_1_82' title='bbox 1280 757 1402 798; x_wconf 80' lang='grc' dir='ltr'>οὔσας</span> <span class='ocrx_word' id='word_1_83' title='bbox 1422 760 1490 797; x_wconf 80' lang='grc' dir='ltr'>τοῦ</span> 
     </span>
    </p>

    <p class='ocr_par' dir='ltr' id='par_1_4' title="bbox 105 824 1651 1134">
     <span class='ocr_line' id='line_1_11' title="bbox 105 824 1491 879; baseline 0 -15"><span class='ocrx_word' id='word_1_84' title='bbox 105 842 142 864; x_wconf 86' lang='grc' dir='ltr'>ιο</span> <span class='ocrx_word' id='word_1_85' title='bbox 161 825 331 872; x_wconf 70' lang='grc' dir='ltr'>δικαίους</span> <span class='ocrx_word' id='word_1_86' title='bbox 356 828 555 876; x_wconf 85' lang='grc' dir='ltr'>μηδαμῶς,</span> <span class='ocrx_word' id='word_1_87' title='bbox 583 824 613 866; x_wconf 71' lang='grc' dir='ltr'><em>ὦ</em></span> <span class='ocrx_word' id='word_1_88' title='bbox 637 825 775 878; x_wconf 82' lang='grc' dir='ltr'>ἄνδρες</span> <span class='ocrx_word' id='word_1_89' title='bbox 805 827 1000 866; x_wconf 87' lang='grc' dir='ltr'>δικασταί·</span> <span class='ocrx_word' id='word_1_90' title='bbox 1039 826 1128 866; x_wconf 84' lang='grc' dir='ltr'>οὔτε</span> <span class='ocrx_word' id='word_1_91' title='bbox 1158 827 1232 878; x_wconf 78' lang='grc' dir='ltr'>γὰρ</span> <span class='ocrx_word' id='word_1_92' title='bbox 1263 828 1315 879; x_wconf 77' lang='grc' dir='ltr'>τῷ</span> <span class='ocrx_word' id='word_1_93' title='bbox 1347 824 1491 875; x_wconf 87' lang='grc' dir='ltr'>πλήθει</span> 
     </span>
     <span class='ocr_line' id='line_1_12' title="bbox 160 891 1487 948; baseline -0.001 -17"><span class='ocrx_word' id='word_1_94' title='bbox 160 895 212 946; x_wconf 81' lang='grc' dir='ltr'>τῷ</span> <span class='ocrx_word' id='word_1_95' title='bbox 243 891 413 947; x_wconf 81' lang='grc' dir='ltr'>ὑμετέρῳ</span> <span class='ocrx_word' id='word_1_96' title='bbox 440 892 636 945; x_wconf 89' lang='grc' dir='ltr'>συμφέρει</span> <span class='ocrx_word' id='word_1_97' title='bbox 665 897 778 933; x_wconf 79' lang='grc' dir='ltr'>τοῦτο</span> <span class='ocrx_word' id='word_1_98' title='bbox 815 894 902 933; x_wconf 78' lang='grc' dir='ltr'>οὔτε</span> <span class='ocrx_word' id='word_1_99' title='bbox 931 897 1012 935; x_wconf 87' lang='grc' dir='ltr'>τοῖς</span> <span class='ocrx_word' id='word_1_100' title='bbox 1048 892 1282 945; x_wconf 74' lang='grc' dir='ltr'>ἐργάζεσθαι</span> <span class='ocrx_word' id='word_1_101' title='bbox 1318 909 1487 948; x_wconf 78' lang='grc' dir='ltr'>προῃρη.</span> 
     </span>
     <span class='ocr_line' id='line_1_13' title="bbox 160 958 1651 1017; baseline 0 -18"><span class='ocrx_word' id='word_1_102' title='bbox 160 958 306 1009; x_wconf 85' lang='grc' dir='ltr'>μένοις,</span> <span class='ocrx_word' id='word_1_103' title='bbox 332 960 444 1011; x_wconf 84' lang='grc' dir='ltr'>οἵπερ</span> <span class='ocrx_word' id='word_1_104' title='bbox 469 960 767 1014; x_wconf 79' lang='grc' dir='ltr'>χρησιμώτατοί</span> <span class='ocrx_word' id='word_1_105' title='bbox 791 961 894 1000; x_wconf 84' lang='grc' dir='ltr'>εἰσιν</span> <span class='ocrx_word' id='word_1_106' title='bbox 924 960 987 1000; x_wconf 84' lang='grc' dir='ltr'>καὶ</span> <span class='ocrx_word' id='word_1_107' title='bbox 1017 966 1126 1017; x_wconf 79' lang='grc' dir='ltr'>κοινῇ</span> <span class='ocrx_word' id='word_1_108' title='bbox 1159 962 1282 1000; x_wconf 77' lang='grc' dir='ltr'>πᾶσιν</span> <span class='ocrx_word' id='word_1_109' title='bbox 1311 959 1401 1009; x_wconf 86' lang='grc' dir='ltr'>ὑμῖν</span> <span class='ocrx_word' id='word_1_110' title='bbox 1429 959 1490 998; x_wconf 89' lang='grc' dir='ltr'>καὶ</span> <span class='ocrx_word' id='word_1_111' title='bbox 1511 959 1651 1013; x_wconf 86' lang='lat'>[1298]</span> 
     </span>
     <span class='ocr_line' id='line_1_14' title="bbox 163 1025 1490 1081; baseline 0 -15"><span class='ocrx_word' id='word_1_112' title='bbox 163 1026 241 1080; x_wconf 74' lang='grc' dir='ltr'>ἰδίᾳ</span> <span class='ocrx_word' id='word_1_113' title='bbox 273 1030 326 1081; x_wconf 79' lang='grc' dir='ltr'>τῷ</span> <span class='ocrx_word' id='word_1_114' title='bbox 357 1026 649 1081; x_wconf 81' lang='grc' dir='ltr'>ἐντυγχάνοντι.</span> <span class='ocrx_word' id='word_1_115' title='bbox 722 1028 857 1080; x_wconf 83' lang='grc' dir='ltr'>διόπερ</span> <span class='ocrx_word' id='word_1_116' title='bbox 890 1030 950 1068; x_wconf 86' lang='grc' dir='ltr'>δεῖ</span> <span class='ocrx_word' id='word_1_117' title='bbox 975 1028 1073 1079; x_wconf 80' lang='grc' dir='ltr'>ὑμᾶς</span> <span class='ocrx_word' id='word_1_118' title='bbox 1106 1028 1235 1068; x_wconf 82' lang='grc' dir='ltr'>αὐτῶν</span> <span class='ocrx_word' id='word_1_119' title='bbox 1261 1025 1490 1078; x_wconf 84' lang='grc' dir='ltr'>ἐπιμέλειαν</span> 
     </span>
     <span class='ocr_line' id='line_1_15' title="bbox 162 1095 374 1134; baseline 0.005 -1"><span class='ocrx_word' id='word_1_120' title='bbox 162 1095 374 1134; x_wconf 88' lang='grc' dir='ltr'>ποιεῖσθαι.</span> 
     </span>
    </p>

    <p class='ocr_par' dir='ltr' id='par_1_5' title="bbox 104 1159 1490 1282">
     <span class='ocr_line' id='line_1_16' title="bbox 104 1159 1490 1215; baseline 0.001 -15"><span class='ocrx_word' id='word_1_121' title='bbox 104 1179 139 1210; x_wconf 85' lang='lat'>15</span> <span class='ocrx_word' id='word_1_122' title='bbox 228 1159 334 1213; x_wconf 82' lang='grc' dir='ltr'>Ἐγὼ</span> <span class='ocrx_word' id='word_1_123' title='bbox 358 1163 430 1212; x_wconf 80' lang='grc' dir='ltr'>μὲν</span> <span class='ocrx_word' id='word_1_124' title='bbox 454 1162 524 1203; x_wconf 74' lang='grc' dir='ltr'>οὖν</span> <span class='ocrx_word' id='word_1_125' title='bbox 547 1162 701 1215; x_wconf 86' lang='grc' dir='ltr'>ὅσαπερ</span> <span class='ocrx_word' id='word_1_126' title='bbox 726 1163 806 1204; x_wconf 75' lang='grc' dir='ltr'>οἶός</span> <span class='ocrx_word' id='word_1_127' title='bbox 831 1161 863 1201; x_wconf 91' lang='grc' dir='ltr'>τ’</span> <span class='ocrx_word' id='word_1_128' title='bbox 888 1161 948 1213; x_wconf 83' lang='grc' dir='ltr'>ἦν,</span> <span class='ocrx_word' id='word_1_129' title='bbox 977 1163 1123 1214; x_wconf 85' lang='grc' dir='ltr'>εἴρηκα·</span> <span class='ocrx_word' id='word_1_130' title='bbox 1161 1160 1256 1212; x_wconf 74' lang='grc' dir='ltr'>ἀξιῶ</span> <span class='ocrx_word' id='word_1_131' title='bbox 1273 1164 1315 1202; x_wconf 83' lang='grc' dir='ltr'>δὲ</span> <span class='ocrx_word' id='word_1_132' title='bbox 1335 1160 1397 1202; x_wconf 90' lang='grc' dir='ltr'>καὶ</span> <span class='ocrx_word' id='word_1_133' title='bbox 1413 1163 1490 1201; x_wconf 87' lang='grc' dir='ltr'>τῶν</span> 
     </span>
     <span class='ocr_line' id='line_1_17' title="bbox 161 1227 1210 1282; baseline 0.004 -15"><span class='ocrx_word' id='word_1_134' title='bbox 161 1227 292 1279; x_wconf 86' lang='grc' dir='ltr'>φίλων</span> <span class='ocrx_word' id='word_1_135' title='bbox 311 1230 381 1279; x_wconf 88' lang='grc' dir='ltr'>μοί</span> <span class='ocrx_word' id='word_1_136' title='bbox 401 1246 488 1270; x_wconf 90' lang='grc' dir='ltr'>τινα</span> <span class='ocrx_word' id='word_1_137' title='bbox 514 1234 726 1272; x_wconf 87' lang='grc' dir='ltr'>συνειπεῖν.</span> <span class='ocrx_word' id='word_1_138' title='bbox 800 1233 912 1282; x_wconf 73' lang='grc' dir='ltr'>δεῦρο</span> <span class='ocrx_word' id='word_1_139' title='bbox 939 1230 1210 1280; x_wconf 86' lang='grc' dir='ltr'>Δημόσθενες.</span> 
     </span>
    </p>
   </div>
   <div class='ocr_carea' id='block_1_3' title="bbox 161 1336 1491 1554">
    <p class='ocr_par' dir='ltr' id='par_1_6' title="bbox 161 1336 1491 1509">
     <span class='ocr_line' id='line_1_18' title="bbox 208 1336 1491 1380; baseline -0.002 -11"><span class='ocrx_word' id='word_1_140' title='bbox 208 1348 221 1368; x_wconf 94' lang='lat'>1</span> <span class='ocrx_word' id='word_1_141' title='bbox 242 1342 420 1371; x_wconf 83' lang='grc' dir='ltr'>καταπλεῖν</span> <span class='ocrx_word' id='word_1_142' title='bbox 431 1338 472 1379; x_wconf 84' lang='lat' dir='ltr'>A,</span> <span class='ocrx_word' id='word_1_143' title='bbox 486 1338 528 1370; x_wconf 88' lang='lat' dir='ltr'>cf.</span> <span class='ocrx_word' id='word_1_144' title='bbox 546 1342 583 1378; x_wconf 56' lang='grc' dir='ltr'>ἐξ</span> <span class='ocrx_word' id='word_1_145' title='bbox 598 1350 627 1378; x_wconf 81' lang='grc'>3,</span> <span class='ocrx_word' id='word_1_146' title='bbox 646 1350 659 1370; x_wconf 93' lang='lat'>1</span> <span class='ocrx_word' id='word_1_147' title='bbox 672 1350 682 1369; x_wconf 82' lang='lat'>1</span> <span class='ocrx_word' id='word_1_148' title='bbox 698 1351 705 1370; x_wconf 74' lang='grc' dir='ltr'>ε</span> <span class='ocrx_word' id='word_1_149' title='bbox 723 1342 816 1372; x_wconf 82' lang='grc' dir='ltr'>πλεῖν</span> <span class='ocrx_word' id='word_1_150' title='bbox 830 1340 853 1370; x_wconf 76' lang='lat' dir='ltr'>S</span> <span class='ocrx_word' id='word_1_151' title='bbox 868 1339 891 1369; x_wconf 89' lang='lat' dir='ltr'>F</span> <span class='ocrx_word' id='word_1_152' title='bbox 903 1339 933 1377; x_wconf 78' lang='lat' dir='ltr'>Q</span> <span class='ocrx_word' id='word_1_153' title='bbox 948 1340 977 1369; x_wconf 94' lang='lat' dir='ltr'>D</span> <span class='ocrx_word' id='word_1_154' title='bbox 1038 1350 1057 1378; x_wconf 90' lang='lat'><strong>4</strong></span> <span class='ocrx_word' id='word_1_155' title='bbox 1076 1341 1124 1371; x_wconf 77' lang='grc' dir='ltr'>καὶ</span> <span class='ocrx_word' id='word_1_156' title='bbox 1138 1343 1211 1379; x_wconf 80' lang='lat' dir='ltr'>post</span> <span class='ocrx_word' id='word_1_157' title='bbox 1226 1340 1368 1380; x_wconf 79' lang='grc' dir='ltr'>οἵαισπερ</span> <span class='ocrx_word' id='word_1_158' title='bbox 1380 1349 1446 1369; x_wconf 88' lang='lat' dir='ltr'>om.</span> <span class='ocrx_word' id='word_1_159' title='bbox 1458 1336 1491 1367; x_wconf 88' lang='lat' dir='ltr'><strong>A</strong></span> 
     </span>
     <span class='ocr_line' id='line_1_19' title="bbox 161 1382 1489 1424; baseline 0.001 -10"><span class='ocrx_word' id='word_1_160' title='bbox 161 1392 181 1422; x_wconf 90' lang='lat'>5</span> <span class='ocrx_word' id='word_1_161' title='bbox 204 1382 360 1423; x_wconf 69' lang='grc' dir='ltr'>μεριζεται</span> <span class='ocrx_word' id='word_1_162' title='bbox 377 1383 409 1413; x_wconf 91' lang='grc' dir='ltr'>Α</span> <span class='ocrx_word' id='word_1_163' title='bbox 540 1386 561 1414; x_wconf 89' lang='lat'>6</span> <span class='ocrx_word' id='word_1_164' title='bbox 578 1383 693 1415; x_wconf 82' lang='grc' dir='ltr'>κωλύει</span> <span class='ocrx_word' id='word_1_165' title='bbox 708 1383 810 1416; x_wconf 77' lang='grc' dir='ltr'>πάντα</span> <span class='ocrx_word' id='word_1_166' title='bbox 828 1383 858 1413; x_wconf 87' lang='grc' dir='ltr'>Α</span> <span class='ocrx_word' id='word_1_167' title='bbox 994 1384 1014 1413; x_wconf 90' lang='grc'>8</span> <span class='ocrx_word' id='word_1_168' title='bbox 1030 1385 1087 1416; x_wconf 83' lang='grc' dir='ltr'>τὰς</span> <span class='ocrx_word' id='word_1_169' title='bbox 1099 1383 1157 1424; x_wconf 84' lang='grc' dir='ltr'>μὲν</span> <span class='ocrx_word' id='word_1_170' title='bbox 1169 1382 1212 1421; x_wconf 83' lang='grc' dir='ltr'>Α,</span> <span class='ocrx_word' id='word_1_171' title='bbox 1227 1383 1385 1414; x_wconf 74' lang='lat' dir='ltr'>Gebauer</span> <span class='ocrx_word' id='word_1_172' title='bbox 1402 1393 1408 1412; x_wconf 94' lang='lat'><strong>:</strong></span> <span class='ocrx_word' id='word_1_173' title='bbox 1432 1383 1489 1414; x_wconf 72' lang='grc' dir='ltr'>τὰς</span> 
     </span>
     <span class='ocr_line' id='line_1_20' title="bbox 161 1426 1489 1467; baseline -0.001 -10"><span class='ocrx_word' id='word_1_174' title='bbox 161 1426 187 1457; x_wconf 87' lang='lat' dir='ltr'>S</span> <span class='ocrx_word' id='word_1_175' title='bbox 201 1427 224 1456; x_wconf 85' lang='lat' dir='ltr'>F</span> <span class='ocrx_word' id='word_1_176' title='bbox 235 1427 265 1465; x_wconf 80' lang='lat' dir='ltr'>Q</span> <span class='ocrx_word' id='word_1_177' title='bbox 282 1426 310 1455; x_wconf 95' lang='lat' dir='ltr'>D</span> <span class='ocrx_word' id='word_1_178' title='bbox 437 1436 449 1456; x_wconf 92' lang='lat'>1</span> <span class='ocrx_word' id='word_1_179' title='bbox 460 1437 472 1456; x_wconf 87' lang='lat'>1</span> <span class='ocrx_word' id='word_1_180' title='bbox 491 1430 591 1459; x_wconf 81' lang='grc' dir='ltr'>ταῦτα</span> <span class='ocrx_word' id='word_1_181' title='bbox 605 1428 635 1457; x_wconf 84' lang='grc' dir='ltr'>Α</span> <span class='ocrx_word' id='word_1_182' title='bbox 764 1438 799 1456; x_wconf 81' lang='lat'>12</span> <span class='ocrx_word' id='word_1_183' title='bbox 826 1429 894 1467; x_wconf 80' lang='grc' dir='ltr'>ὑμῖν</span> <span class='ocrx_word' id='word_1_184' title='bbox 910 1437 974 1457; x_wconf 86' lang='lat' dir='ltr'>om.</span> <span class='ocrx_word' id='word_1_185' title='bbox 991 1426 1022 1456; x_wconf 84' lang='grc' dir='ltr'><strong>Α</strong></span> <span class='ocrx_word' id='word_1_186' title='bbox 1144 1428 1182 1457; x_wconf 85' lang='grc'>16</span> <span class='ocrx_word' id='word_1_187' title='bbox 1207 1426 1407 1467; x_wconf 73' lang='grc' dir='ltr'>Δημόσθενες</span> <span class='ocrx_word' id='word_1_188' title='bbox 1427 1436 1489 1465; x_wconf 84' lang='lat' dir='ltr'>pro</span> 
     </span>
     <span class='ocr_line' id='line_1_21' title="bbox 161 1470 968 1509; baseline 0 -8"><span class='ocrx_word' id='word_1_189' title='bbox 161 1473 178 1502; x_wconf 88' lang='grc' dir='ltr'>ὁ</span> <span class='ocrx_word' id='word_1_190' title='bbox 195 1473 280 1502; x_wconf 80' lang='grc' dir='ltr'>δεῖνα</span> <span class='ocrx_word' id='word_1_191' title='bbox 296 1470 482 1501; x_wconf 84' lang='lat' dir='ltr'><strong>subiectum</strong></span> <span class='ocrx_word' id='word_1_192' title='bbox 497 1476 613 1502; x_wconf 77' lang='lat' dir='ltr'>censet</span> <span class='ocrx_word' id='word_1_193' title='bbox 632 1470 730 1502; x_wconf 85' lang='lat' dir='ltr'>Blass</span> <span class='ocrx_word' id='word_1_194' title='bbox 747 1470 822 1501; x_wconf 89' lang='lat' dir='ltr'>coll.</span> <span class='ocrx_word' id='word_1_195' title='bbox 839 1471 909 1501; x_wconf 87' lang='lat' dir='ltr'>lviii</span> <span class='ocrx_word' id='word_1_196' title='bbox 928 1481 968 1509; x_wconf 89' lang='lat'>70</span> 
     </span>
    </p>

    <p class='ocr_par' dir='ltr' id='par_1_7' title="bbox 206 1514 528 1554">
     <span class='ocr_line' id='line_1_22' title="bbox 206 1514 528 1554; baseline 0 -10"><span class='ocrx_word' id='word_1_197' title='bbox 206 1514 243 1544; x_wconf 88' lang='lat' dir='ltr'>In</span> <span class='ocrx_word' id='word_1_198' title='bbox 261 1514 285 1545; x_wconf 89' lang='lat' dir='ltr'>S</span> <span class='ocrx_word' id='word_1_199' title='bbox 302 1514 528 1554; x_wconf 81' lang='lat' dir='ltr'>subscriptum</span> 
     </span>
    </p>
   </div>
   <div class='ocr_carea' id='block_1_4' title="bbox 595 1574 1053 1688">
    <p class='ocr_par' dir='ltr' id='par_1_8' title="bbox 595 1574 1053 1688">
     <span class='ocr_line' id='line_1_23' title="bbox 595 1574 1050 1601; baseline -0.002 0"><span class='ocrx_word' id='word_1_200' title='bbox 595 1574 744 1601; x_wconf 85' lang='grc' dir='ltr'><strong>ΔΑΡΕῙΩ</strong></span> <span class='ocrx_word' id='word_1_201' title='bbox 771 1575 837 1601; x_wconf 82' lang='grc' dir='ltr'>ΚΑΙ</span> <span class='ocrx_word' id='word_1_202' title='bbox 863 1574 1050 1601; x_wconf 83' lang='grc' dir='ltr'><strong>ΠΑΜΦῙΛΩ</strong></span> 
     </span>
     <span class='ocr_line' id='line_1_24' title="bbox 604 1618 1053 1647; baseline -0.002 -2"><span class='ocrx_word' id='word_1_203' title='bbox 604 1619 709 1646; x_wconf 88' lang='grc' dir='ltr'>ΚΑΤΑ</span> <span class='ocrx_word' id='word_1_204' title='bbox 733 1618 1053 1647; x_wconf 81' lang='grc' dir='ltr'>ΔΙΟΝΎΣΟΔΩΡΟΤ</span> 
     </span>
     <span class='ocr_line' id='line_1_25' title="bbox 780 1663 808 1688; baseline 0 0"><span class='ocrx_word' id='word_1_205' title='bbox 780 1663 808 1688; x_wconf 96' lang='grc' dir='ltr'>Δ</span> 
     </span>
    </p>
   </div>
   <div class='ocr_carea' id='block_1_5' title="bbox 788 1689 800 1703">
    <p class='ocr_par' dir='ltr' id='par_1_9' title="bbox 788 1689 800 1703">
     <span class='ocr_line' id='line_1_26' title="bbox 788 1689 800 1703; baseline 0 0"><span class='ocrx_word' id='word_1_206' title='bbox 788 1689 800 1703; x_wconf 64' lang='lat'><strong><em>³</em></strong></span> 
     </span>
    </p>
   </div>
  </div>
 </body>
</html>
