<?xml version="1.0" encoding="UTF-8"?>
<!DOCTYPE html PUBLIC "-//W3C//DTD XHTML 1.0 Transitional//EN"
    "http://www.w3.org/TR/xhtml1/DTD/xhtml1-transitional.dtd">
<html xmlns="http://www.w3.org/1999/xhtml" xml:lang="en" lang="en">
 <head>
  <title>
</title>
<meta http-equiv="Content-Type" content="text/html;charset=utf-8" />
  <meta name='ocr-system' content='tesseract 3.04.00' />
  <meta name='ocr-capabilities' content='ocr_page ocr_carea ocr_par ocr_line ocrx_word'/>
</head>
<body>
  <div class='ocr_page' id='page_1' title='image "./orationesrecog03demouoft_0259.png"; bbox 0 0 1763 2778; ppageno 0'>
   <div class='ocr_carea' id='block_1_1' title="bbox 176 137 1657 194">
    <p class='ocr_par' dir='ltr' id='par_1_1' title="bbox 176 137 1657 194">
     <span class='ocr_line' id='line_1_1' title="bbox 176 137 1657 194; baseline 0.002 -18"><span class='ocrx_word' id='word_1_1' title='bbox 176 137 250 193; x_wconf 85' lang='lat' dir='ltr'>LVI]</span> <span class='ocrx_word' id='word_1_2' title='bbox 477 142 638 181; x_wconf 80' lang='grc' dir='ltr'>ΚΑΤΑ</span> <span class='ocrx_word' id='word_1_3' title='bbox 687 142 1186 180; x_wconf 75' lang='grc' dir='ltr'>ΔΙΟΝὙΣΟΔΩΡΟὙ</span> <span class='ocrx_word' id='word_1_4' title='bbox 1519 138 1657 194; x_wconf 88' lang='lat'>[1284]</span> 
     </span>
    </p>
   </div>
   <div class='ocr_carea' id='block_1_2' title="bbox 115 239 1541 1328">
    <p class='ocr_par' dir='ltr' id='par_1_2' title="bbox 115 239 1541 1328">
     <span class='ocr_line' id='line_1_2' title="bbox 176 239 1499 298; baseline -0.001 -17"><span class='ocrx_word' id='word_1_5' title='bbox 176 241 241 282; x_wconf 89' lang='grc' dir='ltr'>ἐπὶ</span> <span class='ocrx_word' id='word_1_6' title='bbox 265 247 313 298; x_wconf 83' lang='grc' dir='ltr'>τῇ</span> <span class='ocrx_word' id='word_1_7' title='bbox 336 242 412 291; x_wconf 81' lang='grc' dir='ltr'>νηί,</span> <span class='ocrx_word' id='word_1_8' title='bbox 441 241 506 293; x_wconf 84' lang='grc' dir='ltr'>ἐφ’</span> <span class='ocrx_word' id='word_1_9' title='bbox 531 240 560 297; x_wconf 76' lang='grc' dir='ltr'><em>ᾧ</em></span> <span class='ocrx_word' id='word_1_10' title='bbox 581 257 623 281; x_wconf 89' lang='grc' dir='ltr'>τε</span> <span class='ocrx_word' id='word_1_11' title='bbox 648 244 817 281; x_wconf 76' lang='grc' dir='ltr'>πλεῦσαι</span> <span class='ocrx_word' id='word_1_12' title='bbox 841 241 896 281; x_wconf 83' lang='grc' dir='ltr'>εἷς</span> <span class='ocrx_word' id='word_1_13' title='bbox 922 241 1122 292; x_wconf 84' lang='grc' dir='ltr'>Αἴγυπτον</span> <span class='ocrx_word' id='word_1_14' title='bbox 1142 241 1204 280; x_wconf 84' lang='grc' dir='ltr'>καὶ</span> <span class='ocrx_word' id='word_1_15' title='bbox 1232 239 1278 291; x_wconf 82' lang='grc' dir='ltr'>ἐξ</span> <span class='ocrx_word' id='word_1_16' title='bbox 1299 239 1499 292; x_wconf 82' lang='grc' dir='ltr'>Αἰγύπτου</span> 
     </span>
     <span class='ocr_line' id='line_1_3' title="bbox 176 305 1498 360; baseline 0 -12"><span class='ocrx_word' id='word_1_17' title='bbox 176 309 231 350; x_wconf 84' lang='grc' dir='ltr'>εἷς</span> <span class='ocrx_word' id='word_1_18' title='bbox 267 307 405 350; x_wconf 87' lang='grc' dir='ltr'>Ῥόδον</span> <span class='ocrx_word' id='word_1_19' title='bbox 440 305 464 359; x_wconf 81' lang='grc' dir='ltr'>ἢ</span> <span class='ocrx_word' id='word_1_20' title='bbox 504 309 559 351; x_wconf 86' lang='grc' dir='ltr'>εἷς</span> <span class='ocrx_word' id='word_1_21' title='bbox 596 306 779 358; x_wconf 82' lang='grc' dir='ltr'>Ἀθήνας,</span> <span class='ocrx_word' id='word_1_22' title='bbox 815 307 1199 360; x_wconf 74' lang='grc' dir='ltr'>διομολογησάμενοι</span> <span class='ocrx_word' id='word_1_23' title='bbox 1237 306 1326 349; x_wconf 81' lang='grc' dir='ltr'>τοὺς</span> <span class='ocrx_word' id='word_1_24' title='bbox 1363 307 1498 348; x_wconf 82' lang='grc' dir='ltr'>τόκους</span> 
     </span>
     <span class='ocr_line' id='line_1_4' title="bbox 176 370 1540 427; baseline -0.001 -12"><span class='ocrx_word' id='word_1_25' title='bbox 176 371 298 426; x_wconf 82' lang='grc' dir='ltr'>(τοὺς)</span> <span class='ocrx_word' id='word_1_26' title='bbox 325 376 380 418; x_wconf 87' lang='grc' dir='ltr'>εἷς</span> <span class='ocrx_word' id='word_1_27' title='bbox 403 374 591 427; x_wconf 79' lang='grc' dir='ltr'>ἑκάτερον</span> <span class='ocrx_word' id='word_1_28' title='bbox 613 379 692 416; x_wconf 84' lang='grc' dir='ltr'>τῶν</span> <span class='ocrx_word' id='word_1_29' title='bbox 717 376 915 427; x_wconf 82' lang='grc' dir='ltr'>ἐμπορίων</span> <span class='ocrx_word' id='word_1_30' title='bbox 943 370 1105 415; x_wconf 83' lang='grc' dir='ltr'>τούτων.</span> <span class='ocrx_word' id='word_1_31' title='bbox 1175 373 1499 426; x_wconf 76' lang='grc' dir='ltr'>ἀποκριναμένων</span> <span class='ocrx_word' id='word_1_32' title='bbox 1517 379 1540 413; x_wconf 89' lang='grc'>6</span> 
     </span>
     <span class='ocr_line' id='line_1_5' title="bbox 175 440 1500 495; baseline 0.001 -13"><span class='ocrx_word' id='word_1_33' title='bbox 175 442 207 482; x_wconf 91' lang='grc' dir='ltr'>δ’</span> <span class='ocrx_word' id='word_1_34' title='bbox 242 442 364 493; x_wconf 84' lang='grc' dir='ltr'>ἡμῶν,</span> <span class='ocrx_word' id='word_1_35' title='bbox 392 441 420 482; x_wconf 73' lang='grc' dir='ltr'><em>ὦ</em></span> <span class='ocrx_word' id='word_1_36' title='bbox 457 442 595 495; x_wconf 79' lang='grc' dir='ltr'>ἄνδρες</span> <span class='ocrx_word' id='word_1_37' title='bbox 631 443 825 489; x_wconf 88' lang='grc' dir='ltr'>δικασταί,</span> <span class='ocrx_word' id='word_1_38' title='bbox 863 442 923 482; x_wconf 84' lang='grc' dir='ltr'>ὅτι</span> <span class='ocrx_word' id='word_1_39' title='bbox 962 441 1029 482; x_wconf 83' lang='grc' dir='ltr'>οὐκ</span> <span class='ocrx_word' id='word_1_40' title='bbox 1069 440 1116 482; x_wconf 76' lang='grc' dir='ltr'>ἂν</span> <span class='ocrx_word' id='word_1_41' title='bbox 1155 443 1409 493; x_wconf 84' lang='grc' dir='ltr'>δανείσαιμεν</span> <span class='ocrx_word' id='word_1_42' title='bbox 1443 442 1500 484; x_wconf 81' lang='grc' dir='ltr'>εἷς</span> 
     </span>
     <span class='ocr_line' id='line_1_6' title="bbox 136 506 1498 562; baseline -0.001 -13"><span class='ocrx_word' id='word_1_43' title='bbox 136 524 154 556; x_wconf 84' lang='grc'>5</span> <span class='ocrx_word' id='word_1_44' title='bbox 175 509 309 562; x_wconf 83' lang='grc' dir='ltr'>ἕτερον</span> <span class='ocrx_word' id='word_1_45' title='bbox 342 509 532 562; x_wconf 84' lang='grc' dir='ltr'>ἐμπόριον</span> <span class='ocrx_word' id='word_1_46' title='bbox 563 509 678 551; x_wconf 80' lang='grc' dir='ltr'>οὐδὲν</span> <span class='ocrx_word' id='word_1_47' title='bbox 708 509 801 551; x_wconf 84' lang='grc' dir='ltr'>ἀλλ’</span> <span class='ocrx_word' id='word_1_48' title='bbox 832 506 855 560; x_wconf 82' lang='grc' dir='ltr'>ἦ</span> <span class='ocrx_word' id='word_1_49' title='bbox 880 510 937 552; x_wconf 85' lang='grc' dir='ltr'>εἷς</span> <span class='ocrx_word' id='word_1_50' title='bbox 960 508 1144 560; x_wconf 84' lang='grc' dir='ltr'>Ἀθήνας,</span> <span class='ocrx_word' id='word_1_51' title='bbox 1172 509 1272 549; x_wconf 78' lang='grc' dir='ltr'>οὕτω</span> <span class='ocrx_word' id='word_1_52' title='bbox 1298 525 1498 561; x_wconf 60' lang='grc' dir='ltr'>προσομο-</span> 
     </span>
     <span class='ocr_line' id='line_1_7' title="bbox 174 576 1501 630; baseline 0.001 -13"><span class='ocrx_word' id='word_1_53' title='bbox 174 579 344 630; x_wconf 86' lang='grc' dir='ltr'>λογοῦσι</span> <span class='ocrx_word' id='word_1_54' title='bbox 365 577 616 618; x_wconf 84' lang='grc' dir='ltr'>πλεύσεσθαι</span> <span class='ocrx_word' id='word_1_55' title='bbox 641 580 765 630; x_wconf 82' lang='grc' dir='ltr'>δεῦρο,</span> <span class='ocrx_word' id='word_1_56' title='bbox 792 576 854 617; x_wconf 86' lang='grc' dir='ltr'>καὶ</span> <span class='ocrx_word' id='word_1_57' title='bbox 879 577 944 618; x_wconf 85' lang='grc' dir='ltr'>ἐπὶ</span> <span class='ocrx_word' id='word_1_58' title='bbox 967 576 1125 618; x_wconf 85' lang='grc' dir='ltr'>ταύταις</span> <span class='ocrx_word' id='word_1_59' title='bbox 1156 579 1241 618; x_wconf 82' lang='grc' dir='ltr'>ταῖς</span> <span class='ocrx_word' id='word_1_60' title='bbox 1274 577 1501 629; x_wconf 82' lang='grc' dir='ltr'>ὁμολογίαις</span> 
     </span>
     <span class='ocr_line' id='line_1_8' title="bbox 175 643 1498 702; baseline 0.001 -19"><span class='ocrx_word' id='word_1_61' title='bbox 175 644 419 694; x_wconf 78' lang='grc' dir='ltr'>δανείζονται</span> <span class='ocrx_word' id='word_1_62' title='bbox 453 643 543 697; x_wconf 90' lang='grc' dir='ltr'>παρ’</span> <span class='ocrx_word' id='word_1_63' title='bbox 574 643 685 695; x_wconf 81' lang='grc' dir='ltr'>ἡμῶν</span> <span class='ocrx_word' id='word_1_64' title='bbox 717 644 782 685; x_wconf 86' lang='grc' dir='ltr'>ἐπὶ</span> <span class='ocrx_word' id='word_1_65' title='bbox 813 650 861 702; x_wconf 80' lang='grc' dir='ltr'>τῇ</span> <span class='ocrx_word' id='word_1_66' title='bbox 887 645 950 694; x_wconf 85' lang='grc' dir='ltr'>νηὶ</span> <span class='ocrx_word' id='word_1_67' title='bbox 974 645 1202 697; x_wconf 78' lang='grc' dir='ltr'>τρισχιλίας</span> <span class='ocrx_word' id='word_1_68' title='bbox 1227 645 1402 697; x_wconf 77' lang='grc' dir='ltr'>δραχμὰς</span> <span class='ocrx_word' id='word_1_69' title='bbox 1425 644 1498 695; x_wconf 83' lang='grc' dir='ltr'>ἆμ-</span> 
     </span>
     <span class='ocr_line' id='line_1_9' title="bbox 176 710 1500 764; baseline 0.001 -14"><span class='ocrx_word' id='word_1_70' title='bbox 176 711 467 763; x_wconf 87' lang='grc' dir='ltr'>φοτερόπλουν,</span> <span class='ocrx_word' id='word_1_71' title='bbox 494 711 556 752; x_wconf 89' lang='grc' dir='ltr'>καὶ</span> <span class='ocrx_word' id='word_1_72' title='bbox 586 711 825 764; x_wconf 74' lang='grc' dir='ltr'>συγγραφὴν</span> <span class='ocrx_word' id='word_1_73' title='bbox 850 710 1080 764; x_wconf 81' lang='grc' dir='ltr'>ἐγράψαντο</span> <span class='ocrx_word' id='word_1_74' title='bbox 1103 712 1201 763; x_wconf 81' lang='grc' dir='ltr'>ὑπὲρ</span> <span class='ocrx_word' id='word_1_75' title='bbox 1225 712 1386 752; x_wconf 88' lang='grc' dir='ltr'>τούτων.</span> <span class='ocrx_word' id='word_1_76' title='bbox 1458 711 1500 751; x_wconf 84' lang='grc' dir='ltr'>ἐν</span> 
     </span>
     <span class='ocr_line' id='line_1_10' title="bbox 173 777 1498 831; baseline 0 -13"><span class='ocrx_word' id='word_1_77' title='bbox 173 780 248 829; x_wconf 84' lang='grc' dir='ltr'>μὲν</span> <span class='ocrx_word' id='word_1_78' title='bbox 272 778 342 819; x_wconf 66' lang='grc' dir='ltr'>οὖν</span> <span class='ocrx_word' id='word_1_79' title='bbox 359 782 446 820; x_wconf 85' lang='grc' dir='ltr'>ταῖς</span> <span class='ocrx_word' id='word_1_80' title='bbox 465 778 677 830; x_wconf 81' lang='grc' dir='ltr'>συνθήκαις</span> <span class='ocrx_word' id='word_1_81' title='bbox 704 778 912 829; x_wconf 75' lang='grc' dir='ltr'>δανειστὴς</span> <span class='ocrx_word' id='word_1_82' title='bbox 932 778 1086 831; x_wconf 83' lang='grc' dir='ltr'>ἐγράφη</span> <span class='ocrx_word' id='word_1_83' title='bbox 1110 777 1326 830; x_wconf 83' lang='grc' dir='ltr'>Πάμφιλος</span> <span class='ocrx_word' id='word_1_84' title='bbox 1349 778 1498 818; x_wconf 85' lang='grc' dir='ltr'>οὑτοσί·</span> 
     </span>
     <span class='ocr_line' id='line_1_11' title="bbox 115 843 1501 901; baseline 0.001 -17"><span class='ocrx_word' id='word_1_85' title='bbox 115 860 155 884; x_wconf 93' lang='lat'>10</span> <span class='ocrx_word' id='word_1_86' title='bbox 175 845 254 898; x_wconf 85' lang='grc' dir='ltr'>ἐγὼ</span> <span class='ocrx_word' id='word_1_87' title='bbox 277 844 310 885; x_wconf 89' lang='grc' dir='ltr'>δ’</span> <span class='ocrx_word' id='word_1_88' title='bbox 335 843 482 894; x_wconf 81' lang='grc' dir='ltr'>ἔξωθεν</span> <span class='ocrx_word' id='word_1_89' title='bbox 505 850 691 899; x_wconf 82' lang='grc' dir='ltr'>μετεῖχον</span> <span class='ocrx_word' id='word_1_90' title='bbox 717 845 819 901; x_wconf 74' lang='grc' dir='ltr'>αὐτῷ</span> <span class='ocrx_word' id='word_1_91' title='bbox 832 849 901 886; x_wconf 83' lang='grc' dir='ltr'>τοῦ</span> <span class='ocrx_word' id='word_1_92' title='bbox 926 846 1199 897; x_wconf 85' lang='grc' dir='ltr'>δανείσματος.</span> <span class='ocrx_word' id='word_1_93' title='bbox 1261 845 1322 885; x_wconf 85' lang='grc' dir='ltr'>καὶ</span> <span class='ocrx_word' id='word_1_94' title='bbox 1347 849 1501 898; x_wconf 84' lang='grc' dir='ltr'>πρῶτον</span> 
     </span>
     <span class='ocr_line' id='line_1_12' title="bbox 172 911 1079 966; baseline 0.001 -14"><span class='ocrx_word' id='word_1_95' title='bbox 172 913 263 963; x_wconf 82' lang='grc' dir='ltr'>ὑμῖν</span> <span class='ocrx_word' id='word_1_96' title='bbox 286 913 561 966; x_wconf 85' lang='grc' dir='ltr'>ἀναγνώσεται</span> <span class='ocrx_word' id='word_1_97' title='bbox 585 912 707 964; x_wconf 76' lang='grc' dir='ltr'>αὐτὴν</span> <span class='ocrx_word' id='word_1_98' title='bbox 729 912 801 963; x_wconf 74' lang='grc' dir='ltr'>τὴν</span> <span class='ocrx_word' id='word_1_99' title='bbox 827 911 1079 966; x_wconf 79' lang='grc' dir='ltr'>συγγραφήν.</span> 
     </span>
     <span class='ocr_line' id='line_1_13' title="bbox 241 1011 944 1048; baseline -0.003 -8"><span class='ocrx_word' id='word_1_100' title='bbox 241 1044 247 1048; x_wconf 71' lang='lat'>,</span> <span class='ocrx_word' id='word_1_101' title='bbox 732 1011 944 1040; x_wconf 73' lang='grc' dir='ltr'>ΣΎΓΓΡΑΦΗ.</span> 
     </span>
     <span class='ocr_line' id='line_1_14' title="bbox 242 1072 1541 1127; baseline -0.001 -13"><span class='ocrx_word' id='word_1_102' title='bbox 242 1072 355 1114; x_wconf 76' lang='grc' dir='ltr'>Κατὰ</span> <span class='ocrx_word' id='word_1_103' title='bbox 391 1073 537 1125; x_wconf 88' lang='grc' dir='ltr'>ταύτην</span> <span class='ocrx_word' id='word_1_104' title='bbox 572 1073 643 1125; x_wconf 76' lang='grc' dir='ltr'>τὴν</span> <span class='ocrx_word' id='word_1_105' title='bbox 681 1073 931 1127; x_wconf 88' lang='grc' dir='ltr'>συγγραφήν,</span> <span class='ocrx_word' id='word_1_106' title='bbox 964 1072 993 1113; x_wconf 71' lang='grc' dir='ltr'><em>ὦ</em></span> <span class='ocrx_word' id='word_1_107' title='bbox 1027 1073 1163 1126; x_wconf 82' lang='grc' dir='ltr'>ἄνδρες</span> <span class='ocrx_word' id='word_1_108' title='bbox 1198 1074 1393 1120; x_wconf 89' lang='grc' dir='ltr'>δικασταί,</span> <span class='ocrx_word' id='word_1_109' title='bbox 1429 1078 1499 1113; x_wconf 86' lang='grc' dir='ltr'>λα-</span> <span class='ocrx_word' id='word_1_110' title='bbox 1521 1086 1541 1121; x_wconf 92' lang='grc'><em>7</em></span> 
     </span>
     <span class='ocr_line' id='line_1_15' title="bbox 176 1140 1503 1194; baseline 0.001 -14"><span class='ocrx_word' id='word_1_111' title='bbox 176 1140 322 1193; x_wconf 86' lang='grc' dir='ltr'>βόντες</span> <span class='ocrx_word' id='word_1_112' title='bbox 345 1140 436 1193; x_wconf 87' lang='grc' dir='ltr'>παρ’</span> <span class='ocrx_word' id='word_1_113' title='bbox 459 1141 570 1192; x_wconf 82' lang='grc' dir='ltr'>ἡμῶν</span> <span class='ocrx_word' id='word_1_114' title='bbox 593 1143 640 1181; x_wconf 74' lang='grc' dir='ltr'>τὰ</span> <span class='ocrx_word' id='word_1_115' title='bbox 666 1140 849 1194; x_wconf 84' lang='grc' dir='ltr'>χρήματα</span> <span class='ocrx_word' id='word_1_116' title='bbox 876 1142 1178 1193; x_wconf 86' lang='grc' dir='ltr'>Διονυσόδωρός</span> <span class='ocrx_word' id='word_1_117' title='bbox 1207 1158 1249 1182; x_wconf 88' lang='grc' dir='ltr'>τε</span> <span class='ocrx_word' id='word_1_118' title='bbox 1278 1141 1414 1181; x_wconf 84' lang='grc' dir='ltr'>οὑτοσὶ</span> <span class='ocrx_word' id='word_1_119' title='bbox 1441 1141 1503 1181; x_wconf 79' lang='grc' dir='ltr'>καὶ</span> 
     </span>
     <span class='ocr_line' id='line_1_16' title="bbox 117 1207 1504 1260; baseline 0.002 -14"><span class='ocrx_word' id='word_1_120' title='bbox 117 1224 153 1256; x_wconf 89' lang='lat'>15</span> <span class='ocrx_word' id='word_1_121' title='bbox 177 1209 197 1247; x_wconf 89' lang='grc' dir='ltr'>ὁ</span> <span class='ocrx_word' id='word_1_122' title='bbox 235 1207 420 1250; x_wconf 88' lang='grc' dir='ltr'>κοινωνὸς</span> <span class='ocrx_word' id='word_1_123' title='bbox 455 1208 573 1248; x_wconf 81' lang='grc' dir='ltr'>αὐτοῦ</span> <span class='ocrx_word' id='word_1_124' title='bbox 608 1210 888 1260; x_wconf 83' lang='grc' dir='ltr'>Παρμενίσκος</span> <span class='ocrx_word' id='word_1_125' title='bbox 921 1208 1174 1250; x_wconf 80' lang='grc' dir='ltr'>ἀπέστελλον</span> <span class='ocrx_word' id='word_1_126' title='bbox 1208 1207 1281 1259; x_wconf 75' lang='grc' dir='ltr'>τὴν</span> <span class='ocrx_word' id='word_1_127' title='bbox 1319 1211 1413 1249; x_wconf 78' lang='grc' dir='ltr'>ναῦν</span> <span class='ocrx_word' id='word_1_128' title='bbox 1449 1209 1504 1249; x_wconf 84' lang='grc' dir='ltr'>εἷς</span> 
     </span>
     <span class='ocr_line' id='line_1_17' title="bbox 176 1274 1504 1328; baseline 0 -13"><span class='ocrx_word' id='word_1_129' title='bbox 176 1275 248 1326; x_wconf 81' lang='grc' dir='ltr'>τὴν</span> <span class='ocrx_word' id='word_1_130' title='bbox 283 1276 483 1328; x_wconf 83' lang='grc' dir='ltr'>Αἴγυπτον</span> <span class='ocrx_word' id='word_1_131' title='bbox 519 1274 690 1316; x_wconf 81' lang='grc' dir='ltr'>ἐνθένδε.</span> <span class='ocrx_word' id='word_1_132' title='bbox 763 1275 824 1315; x_wconf 86' lang='grc' dir='ltr'>καὶ</span> <span class='ocrx_word' id='word_1_133' title='bbox 861 1276 881 1315; x_wconf 86' lang='grc' dir='ltr'>ὁ</span> <span class='ocrx_word' id='word_1_134' title='bbox 916 1278 989 1327; x_wconf 80' lang='grc' dir='ltr'>μὲν</span> <span class='ocrx_word' id='word_1_135' title='bbox 1026 1276 1303 1328; x_wconf 86' lang='grc' dir='ltr'>Παρμενίσκος</span> <span class='ocrx_word' id='word_1_136' title='bbox 1340 1274 1504 1316; x_wconf 82' lang='grc' dir='ltr'>ἐπέπλει</span> 
     </span>
    </p>
   </div>
   <div class='ocr_carea' id='block_1_3' title="bbox 178 1340 1661 1397">
    <p class='ocr_par' dir='ltr' id='par_1_3' title="bbox 178 1340 1661 1397">
     <span class='ocr_line' id='line_1_18' title="bbox 178 1340 1661 1397; baseline -0.001 -15"><span class='ocrx_word' id='word_1_137' title='bbox 178 1342 242 1383; x_wconf 89' lang='grc' dir='ltr'>ἐπὶ</span> <span class='ocrx_word' id='word_1_138' title='bbox 276 1345 347 1394; x_wconf 83' lang='grc' dir='ltr'>τῆς</span> <span class='ocrx_word' id='word_1_139' title='bbox 381 1342 491 1389; x_wconf 86' lang='grc' dir='ltr'>νεώς,</span> <span class='ocrx_word' id='word_1_140' title='bbox 530 1343 666 1383; x_wconf 81' lang='grc' dir='ltr'>οὑτοσὶ</span> <span class='ocrx_word' id='word_1_141' title='bbox 702 1345 744 1383; x_wconf 81' lang='grc' dir='ltr'>δὲ</span> <span class='ocrx_word' id='word_1_142' title='bbox 780 1342 898 1383; x_wconf 81' lang='grc' dir='ltr'>αὐτοῦ</span> <span class='ocrx_word' id='word_1_143' title='bbox 931 1343 1153 1393; x_wconf 83' lang='grc' dir='ltr'>κατέμενεν.</span> <span class='ocrx_word' id='word_1_144' title='bbox 1226 1342 1329 1393; x_wconf 82' lang='grc' dir='ltr'>ἦσαν</span> <span class='ocrx_word' id='word_1_145' title='bbox 1361 1341 1447 1395; x_wconf 85' lang='grc' dir='ltr'>γάρ,</span> <span class='ocrx_word' id='word_1_146' title='bbox 1473 1340 1503 1381; x_wconf 72' lang='grc' dir='ltr'><em>ὦ</em></span> <span class='ocrx_word' id='word_1_147' title='bbox 1524 1341 1661 1397; x_wconf 85' lang='lat'>[1285]</span> 
     </span>
    </p>
   </div>
   <div class='ocr_carea' id='block_1_4' title="bbox 116 1408 1542 2405">
    <p class='ocr_par' dir='ltr' id='par_1_4' title="bbox 116 1408 1542 2405">
     <span class='ocr_line' id='line_1_19' title="bbox 178 1408 1504 1463; baseline 0.002 -15"><span class='ocrx_word' id='word_1_148' title='bbox 178 1408 315 1462; x_wconf 82' lang='grc' dir='ltr'>ἄνδρες</span> <span class='ocrx_word' id='word_1_149' title='bbox 355 1410 552 1456; x_wconf 89' lang='grc' dir='ltr'>δικασταί,</span> <span class='ocrx_word' id='word_1_150' title='bbox 592 1410 657 1450; x_wconf 84' lang='grc' dir='ltr'>ἵνα</span> <span class='ocrx_word' id='word_1_151' title='bbox 692 1412 791 1461; x_wconf 80' lang='grc' dir='ltr'>μηδὲ</span> <span class='ocrx_word' id='word_1_152' title='bbox 833 1414 948 1451; x_wconf 80' lang='grc' dir='ltr'>τοῦτο</span> <span class='ocrx_word' id='word_1_153' title='bbox 989 1411 1170 1463; x_wconf 80' lang='grc' dir='ltr'>ἀγνοῆτε,</span> <span class='ocrx_word' id='word_1_154' title='bbox 1210 1409 1399 1462; x_wconf 81' lang='grc' dir='ltr'>ὑπηρέται</span> <span class='ocrx_word' id='word_1_155' title='bbox 1441 1409 1504 1450; x_wconf 88' lang='grc' dir='ltr'>καὶ</span> 
     </span>
     <span class='ocr_line' id='line_1_20' title="bbox 178 1476 1503 1534; baseline 0 -18"><span class='ocrx_word' id='word_1_156' title='bbox 178 1476 362 1529; x_wconf 85' lang='grc' dir='ltr'>συνεργοὶ</span> <span class='ocrx_word' id='word_1_157' title='bbox 409 1476 555 1519; x_wconf 84' lang='grc' dir='ltr'>πάντες</span> <span class='ocrx_word' id='word_1_158' title='bbox 596 1476 703 1517; x_wconf 76' lang='grc' dir='ltr'>οὗτοι</span> <span class='ocrx_word' id='word_1_159' title='bbox 746 1477 996 1529; x_wconf 83' lang='grc' dir='ltr'>Κλεομένους</span> <span class='ocrx_word' id='word_1_160' title='bbox 1036 1481 1105 1518; x_wconf 81' lang='grc' dir='ltr'>τοῦ</span> <span class='ocrx_word' id='word_1_161' title='bbox 1148 1478 1190 1517; x_wconf 88' lang='grc' dir='ltr'>ἐν</span> <span class='ocrx_word' id='word_1_162' title='bbox 1227 1483 1274 1534; x_wconf 75' lang='grc' dir='ltr'>τῇ</span> <span class='ocrx_word' id='word_1_163' title='bbox 1317 1476 1503 1532; x_wconf 81' lang='grc' dir='ltr'>Αἰγύπτῳ</span> 
     </span>
     <span class='ocr_line' id='line_1_21' title="bbox 117 1542 1504 1598; baseline 0.001 -16"><span class='ocrx_word' id='word_1_164' title='bbox 117 1556 158 1578; x_wconf 81' lang='lat'>20</span> <span class='ocrx_word' id='word_1_165' title='bbox 177 1542 381 1596; x_wconf 79' lang='grc' dir='ltr'>ἄρξαντος,</span> <span class='ocrx_word' id='word_1_166' title='bbox 408 1542 450 1585; x_wconf 76' lang='grc' dir='ltr'>ὃς</span> <span class='ocrx_word' id='word_1_167' title='bbox 477 1542 523 1594; x_wconf 77' lang='grc' dir='ltr'>ἐξ</span> <span class='ocrx_word' id='word_1_168' title='bbox 544 1543 588 1584; x_wconf 80' lang='grc' dir='ltr'>οὗ</span> <span class='ocrx_word' id='word_1_169' title='bbox 617 1543 688 1594; x_wconf 73' lang='grc' dir='ltr'>τὴν</span> <span class='ocrx_word' id='word_1_170' title='bbox 723 1544 848 1598; x_wconf 76' lang='grc' dir='ltr'>ἀρχὴν</span> <span class='ocrx_word' id='word_1_171' title='bbox 880 1544 1112 1596; x_wconf 78' lang='grc' dir='ltr'>παρέλαβεν</span> <span class='ocrx_word' id='word_1_172' title='bbox 1148 1544 1215 1585; x_wconf 81' lang='grc' dir='ltr'>οὐκ</span> <span class='ocrx_word' id='word_1_173' title='bbox 1252 1545 1370 1597; x_wconf 79' lang='grc' dir='ltr'>ὀλίγα</span> <span class='ocrx_word' id='word_1_174' title='bbox 1406 1545 1504 1584; x_wconf 74' lang='grc' dir='ltr'>κακὰ</span> 
     </span>
     <span class='ocr_line' id='line_1_22' title="bbox 175 1609 1503 1664; baseline 0.002 -14"><span class='ocrx_word' id='word_1_175' title='bbox 175 1609 380 1663; x_wconf 85' lang='grc' dir='ltr'>ἠργάσατο</span> <span class='ocrx_word' id='word_1_176' title='bbox 418 1610 489 1660; x_wconf 81' lang='grc' dir='ltr'>τὴν</span> <span class='ocrx_word' id='word_1_177' title='bbox 527 1611 646 1651; x_wconf 89' lang='grc' dir='ltr'>πόλιν</span> <span class='ocrx_word' id='word_1_178' title='bbox 684 1610 756 1661; x_wconf 78' lang='grc' dir='ltr'>τὴν</span> <span class='ocrx_word' id='word_1_179' title='bbox 793 1611 997 1664; x_wconf 79' lang='grc' dir='ltr'>ὑμετέραν,</span> <span class='ocrx_word' id='word_1_180' title='bbox 1036 1614 1192 1663; x_wconf 72' lang='grc' dir='ltr'>μᾶλλον</span> <span class='ocrx_word' id='word_1_181' title='bbox 1234 1613 1276 1652; x_wconf 79' lang='grc' dir='ltr'>δὲ</span> <span class='ocrx_word' id='word_1_182' title='bbox 1314 1611 1376 1651; x_wconf 86' lang='grc' dir='ltr'>καὶ</span> <span class='ocrx_word' id='word_1_183' title='bbox 1413 1610 1503 1652; x_wconf 82' lang='grc' dir='ltr'>τοὺς</span> 
     </span>
     <span class='ocr_line' id='line_1_23' title="bbox 176 1676 1504 1730; baseline 0.002 -13"><span class='ocrx_word' id='word_1_184' title='bbox 176 1676 326 1719; x_wconf 82' lang='grc' dir='ltr'>ἄλλους</span> <span class='ocrx_word' id='word_1_185' title='bbox 343 1676 563 1728; x_wconf 67' lang='grc' dir='ltr'>’Έλληνας,</span> <span class='ocrx_word' id='word_1_186' title='bbox 588 1679 952 1730; x_wconf 86' lang='grc' dir='ltr'>παλιγκαπηλεύων</span> <span class='ocrx_word' id='word_1_187' title='bbox 981 1679 1044 1719; x_wconf 86' lang='grc' dir='ltr'>καὶ</span> <span class='ocrx_word' id='word_1_188' title='bbox 1075 1678 1266 1720; x_wconf 85' lang='grc' dir='ltr'>συνιστὰς</span> <span class='ocrx_word' id='word_1_189' title='bbox 1294 1679 1360 1719; x_wconf 76' lang='grc' dir='ltr'>τὰς</span> <span class='ocrx_word' id='word_1_190' title='bbox 1390 1678 1504 1728; x_wconf 78' lang='grc' dir='ltr'>τιμὰς</span> 
     </span>
     <span class='ocr_line' id='line_1_24' title="bbox 176 1744 1542 1797; baseline 0.001 -13"><span class='ocrx_word' id='word_1_191' title='bbox 176 1747 245 1784; x_wconf 84' lang='grc' dir='ltr'>τοῦ</span> <span class='ocrx_word' id='word_1_192' title='bbox 285 1744 398 1784; x_wconf 89' lang='grc' dir='ltr'>σίτου</span> <span class='ocrx_word' id='word_1_193' title='bbox 437 1746 498 1785; x_wconf 85' lang='grc' dir='ltr'>καὶ</span> <span class='ocrx_word' id='word_1_194' title='bbox 534 1744 648 1785; x_wconf 83' lang='grc' dir='ltr'>αὐτὸς</span> <span class='ocrx_word' id='word_1_195' title='bbox 686 1746 749 1786; x_wconf 79' lang='grc' dir='ltr'>καὶ</span> <span class='ocrx_word' id='word_1_196' title='bbox 785 1745 893 1786; x_wconf 77' lang='grc' dir='ltr'>οὗτοι</span> <span class='ocrx_word' id='word_1_197' title='bbox 927 1744 1012 1797; x_wconf 85' lang='grc' dir='ltr'>μετ’</span> <span class='ocrx_word' id='word_1_198' title='bbox 1048 1745 1178 1786; x_wconf 82' lang='grc' dir='ltr'>αὐτοῦ.</span> <span class='ocrx_word' id='word_1_199' title='bbox 1248 1747 1285 1786; x_wconf 86' lang='grc' dir='ltr'>οἱ</span> <span class='ocrx_word' id='word_1_200' title='bbox 1320 1747 1393 1796; x_wconf 79' lang='grc' dir='ltr'>μὲν</span> <span class='ocrx_word' id='word_1_201' title='bbox 1427 1746 1542 1797; x_wconf 70' lang='grc' dir='ltr'>γῖιρ8</span> 
     </span>
     <span class='ocr_line' id='line_1_25' title="bbox 177 1810 1501 1866; baseline 0 -15"><span class='ocrx_word' id='word_1_202' title='bbox 177 1810 304 1852; x_wconf 84' lang='grc' dir='ltr'>αὐτῶν</span> <span class='ocrx_word' id='word_1_203' title='bbox 329 1810 583 1852; x_wconf 86' lang='grc' dir='ltr'>ἀπέστελλον</span> <span class='ocrx_word' id='word_1_204' title='bbox 608 1812 652 1852; x_wconf 86' lang='grc' dir='ltr'>ἐκ</span> <span class='ocrx_word' id='word_1_205' title='bbox 676 1815 747 1863; x_wconf 84' lang='grc' dir='ltr'>τῆς</span> <span class='ocrx_word' id='word_1_206' title='bbox 770 1813 973 1865; x_wconf 82' lang='grc' dir='ltr'>Αἰγύπτου</span> <span class='ocrx_word' id='word_1_207' title='bbox 996 1814 1044 1853; x_wconf 70' lang='grc' dir='ltr'>τὰ</span> <span class='ocrx_word' id='word_1_208' title='bbox 1069 1811 1264 1866; x_wconf 80' lang='grc' dir='ltr'>χρήματα,</span> <span class='ocrx_word' id='word_1_209' title='bbox 1295 1813 1331 1852; x_wconf 84' lang='grc' dir='ltr'>οἱ</span> <span class='ocrx_word' id='word_1_210' title='bbox 1356 1811 1389 1851; x_wconf 87' lang='grc' dir='ltr'>δ’</span> <span class='ocrx_word' id='word_1_211' title='bbox 1414 1810 1501 1852; x_wconf 87' lang='grc' dir='ltr'>ἐπέ-</span> 
     </span>
     <span class='ocr_line' id='line_1_26' title="bbox 116 1879 1503 1931; baseline -0.001 -12"><span class='ocrx_word' id='word_1_212' title='bbox 116 1892 156 1923; x_wconf 82' lang='lat'>25</span> <span class='ocrx_word' id='word_1_213' title='bbox 177 1883 304 1919; x_wconf 89' lang='grc' dir='ltr'>πλεον</span> <span class='ocrx_word' id='word_1_214' title='bbox 333 1882 419 1920; x_wconf 84' lang='grc' dir='ltr'>ταῖς</span> <span class='ocrx_word' id='word_1_215' title='bbox 451 1879 671 1931; x_wconf 88' lang='grc' dir='ltr'>ἐμπορίαις,</span> <span class='ocrx_word' id='word_1_216' title='bbox 703 1881 738 1920; x_wconf 83' lang='grc' dir='ltr'>οἱ</span> <span class='ocrx_word' id='word_1_217' title='bbox 773 1879 805 1919; x_wconf 87' lang='grc' dir='ltr'>δ’</span> <span class='ocrx_word' id='word_1_218' title='bbox 837 1879 977 1920; x_wconf 83' lang='grc' dir='ltr'>ἐνθάδε</span> <span class='ocrx_word' id='word_1_219' title='bbox 1004 1879 1190 1931; x_wconf 85' lang='grc' dir='ltr'>μένοντες</span> <span class='ocrx_word' id='word_1_220' title='bbox 1219 1879 1431 1919; x_wconf 86' lang='grc' dir='ltr'>διετίθεντο</span> <span class='ocrx_word' id='word_1_221' title='bbox 1455 1879 1503 1918; x_wconf 79' lang='grc' dir='ltr'>τὰ</span> 
     </span>
     <span class='ocr_line' id='line_1_27' title="bbox 177 1945 1503 1998; baseline -0.002 -12"><span class='ocrx_word' id='word_1_222' title='bbox 177 1945 521 1997; x_wconf 81' lang='grc' dir='ltr'>ἀποστελλόμενα·</span> <span class='ocrx_word' id='word_1_223' title='bbox 559 1945 644 1986; x_wconf 76' lang='grc' dir='ltr'>εἶτα</span> <span class='ocrx_word' id='word_1_224' title='bbox 667 1949 764 1998; x_wconf 83' lang='grc' dir='ltr'>πρὸς</span> <span class='ocrx_word' id='word_1_225' title='bbox 787 1949 858 1988; x_wconf 73' lang='grc' dir='ltr'>τὰς</span> <span class='ocrx_word' id='word_1_226' title='bbox 884 1948 1169 1997; x_wconf 87' lang='grc' dir='ltr'>καθεστηκυίας</span> <span class='ocrx_word' id='word_1_227' title='bbox 1192 1948 1307 1997; x_wconf 74' lang='grc' dir='ltr'>τιμὰς</span> <span class='ocrx_word' id='word_1_228' title='bbox 1326 1946 1503 1995; x_wconf 86' lang='grc' dir='ltr'>ἔπεμπον</span> 
     </span>
     <span class='ocr_line' id='line_1_28' title="bbox 176 2011 1503 2065; baseline 0 -13"><span class='ocrx_word' id='word_1_229' title='bbox 176 2011 386 2065; x_wconf 84' lang='grc' dir='ltr'>γράμματα</span> <span class='ocrx_word' id='word_1_230' title='bbox 421 2014 458 2053; x_wconf 78' lang='grc' dir='ltr'>οἱ</span> <span class='ocrx_word' id='word_1_231' title='bbox 494 2013 774 2064; x_wconf 83' lang='grc' dir='ltr'>ἐπιδημοῦντες</span> <span class='ocrx_word' id='word_1_232' title='bbox 808 2016 892 2056; x_wconf 80' lang='grc' dir='ltr'>τοῖς</span> <span class='ocrx_word' id='word_1_233' title='bbox 923 2014 1206 2065; x_wconf 77' lang='grc' dir='ltr'>ἀποδημοῦσιν,</span> <span class='ocrx_word' id='word_1_234' title='bbox 1234 2014 1298 2053; x_wconf 85' lang='grc' dir='ltr'>ἵνα</span> <span class='ocrx_word' id='word_1_235' title='bbox 1330 2014 1400 2053; x_wconf 76' lang='grc' dir='ltr'>ἐὰν</span> <span class='ocrx_word' id='word_1_236' title='bbox 1429 2014 1503 2063; x_wconf 79' lang='grc' dir='ltr'>μὲν</span> 
     </span>
     <span class='ocr_line' id='line_1_29' title="bbox 177 2077 1501 2137; baseline -0.002 -17"><span class='ocrx_word' id='word_1_237' title='bbox 177 2078 268 2132; x_wconf 88' lang='grc' dir='ltr'>παρ’</span> <span class='ocrx_word' id='word_1_238' title='bbox 292 2080 384 2131; x_wconf 83' lang='grc' dir='ltr'>ὑμῖν</span> <span class='ocrx_word' id='word_1_239' title='bbox 414 2080 540 2131; x_wconf 92' lang='grc' dir='ltr'>τίμιος</span> <span class='ocrx_word' id='word_1_240' title='bbox 564 2078 588 2137; x_wconf 83' lang='grc' dir='ltr'><em>ᾖ</em></span> <span class='ocrx_word' id='word_1_241' title='bbox 611 2080 632 2120; x_wconf 91' lang='grc' dir='ltr'>ὁ</span> <span class='ocrx_word' id='word_1_242' title='bbox 662 2084 786 2127; x_wconf 82' lang='grc' dir='ltr'>σῖτος,</span> <span class='ocrx_word' id='word_1_243' title='bbox 812 2083 926 2133; x_wconf 79' lang='grc' dir='ltr'>δεῦρο</span> <span class='ocrx_word' id='word_1_244' title='bbox 959 2080 1078 2121; x_wconf 82' lang='grc' dir='ltr'>αὐτὸν</span> <span class='ocrx_word' id='word_1_245' title='bbox 1111 2081 1343 2131; x_wconf 87' lang='grc' dir='ltr'>κομίσωσιν,</span> <span class='ocrx_word' id='word_1_246' title='bbox 1370 2077 1440 2120; x_wconf 82' lang='grc' dir='ltr'>ἐὰν</span> <span class='ocrx_word' id='word_1_247' title='bbox 1467 2078 1501 2118; x_wconf 89' lang='grc' dir='ltr'>δ’</span> 
     </span>
     <span class='ocr_line' id='line_1_30' title="bbox 220 2188 1502 2229; baseline -0.004 -7"><span class='ocrx_word' id='word_1_248' title='bbox 220 2198 240 2218; x_wconf 83' lang='grc'><strong><em>2</em></strong></span> <span class='ocrx_word' id='word_1_249' title='bbox 263 2189 337 2220; x_wconf 80' lang='grc' dir='ltr'>τοὺς</span> <span class='ocrx_word' id='word_1_250' title='bbox 356 2199 423 2219; x_wconf 84' lang='lat'>0111·</span> <span class='ocrx_word' id='word_1_251' title='bbox 446 2188 478 2218; x_wconf 85' lang='lat' dir='ltr'><strong>A</strong></span> <span class='ocrx_word' id='word_1_252' title='bbox 630 2199 650 2227; x_wconf 84' lang='lat'>3</span> <span class='ocrx_word' id='word_1_253' title='bbox 674 2190 747 2222; x_wconf 76' lang='grc' dir='ltr'>τοὺς</span> <span class='ocrx_word' id='word_1_254' title='bbox 765 2194 842 2229; x_wconf 83' lang='lat' dir='ltr'>post</span> <span class='ocrx_word' id='word_1_255' title='bbox 866 2190 978 2222; x_wconf 86' lang='grc' dir='ltr'>τόκους</span> <span class='ocrx_word' id='word_1_256' title='bbox 1002 2190 1078 2220; x_wconf 85' lang='lat' dir='ltr'>add.</span> <span class='ocrx_word' id='word_1_257' title='bbox 1106 2189 1205 2220; x_wconf 85' lang='lat' dir='ltr'>Blass</span> <span class='ocrx_word' id='word_1_258' title='bbox 1224 2188 1300 2220; x_wconf 86' lang='lat' dir='ltr'><strong>coll.</strong></span> <span class='ocrx_word' id='word_1_259' title='bbox 1325 2191 1361 2226; x_wconf 73' lang='lat'>§5</span> <span class='ocrx_word' id='word_1_260' title='bbox 1392 2198 1439 2221; x_wconf 83' lang='lat'>12,</span> <span class='ocrx_word' id='word_1_261' title='bbox 1460 2197 1502 2217; x_wconf 88' lang='lat'>22</span> 
     </span>
     <span class='ocr_line' id='line_1_31' title="bbox 176 2230 1501 2274; baseline -0.002 -11"><span class='ocrx_word' id='word_1_262' title='bbox 176 2240 196 2271; x_wconf 90' lang='lat'>5</span> <span class='ocrx_word' id='word_1_263' title='bbox 213 2245 385 2272; x_wconf 88' lang='grc' dir='ltr'>εμπορειων</span> <span class='ocrx_word' id='word_1_264' title='bbox 398 2231 423 2262; x_wconf 91' lang='lat' dir='ltr'>S</span> <span class='ocrx_word' id='word_1_265' title='bbox 440 2242 501 2273; x_wconf 84' lang='lat' dir='ltr'>per</span> <span class='ocrx_word' id='word_1_266' title='bbox 515 2232 760 2272; x_wconf 82' lang='lat' dir='ltr'>diphthongum</span> <span class='ocrx_word' id='word_1_267' title='bbox 778 2234 831 2264; x_wconf 89' lang='lat' dir='ltr'>hic</span> <span class='ocrx_word' id='word_1_268' title='bbox 847 2239 881 2264; x_wconf 85' lang='lat' dir='ltr'>et</span> <span class='ocrx_word' id='word_1_269' title='bbox 899 2233 985 2264; x_wconf 79' lang='lat' dir='ltr'>infra</span> <span class='ocrx_word' id='word_1_270' title='bbox 1058 2243 1158 2263; x_wconf 92' lang='lat'>10—11</span> <span class='ocrx_word' id='word_1_271' title='bbox 1179 2236 1303 2274; x_wconf 80' lang='grc' dir='ltr'>πρῶτον</span> <span class='ocrx_word' id='word_1_272' title='bbox 1315 2232 1374 2271; x_wconf 83' lang='grc' dir='ltr'>μὲν</span> <span class='ocrx_word' id='word_1_273' title='bbox 1391 2230 1501 2271; x_wconf 80' lang='grc' dir='ltr'>ὑμΐνΑ</span> 
     </span>
     <span class='ocr_line' id='line_1_32' title="bbox 179 2275 1499 2315; baseline 0 -10"><span class='ocrx_word' id='word_1_274' title='bbox 179 2285 218 2314; x_wconf 87' lang='lat'>14</span> <span class='ocrx_word' id='word_1_275' title='bbox 241 2289 278 2307; x_wconf 87' lang='grc' dir='ltr'>τε</span> <span class='ocrx_word' id='word_1_276' title='bbox 301 2286 366 2306; x_wconf 89' lang='lat' dir='ltr'>om.</span> <span class='ocrx_word' id='word_1_277' title='bbox 394 2275 444 2314; x_wconf 88' lang='lat' dir='ltr'>S¹,</span> <span class='ocrx_word' id='word_1_278' title='bbox 468 2276 544 2307; x_wconf 86' lang='lat' dir='ltr'>add.</span> <span class='ocrx_word' id='word_1_279' title='bbox 569 2277 602 2307; x_wconf 84' lang='lat' dir='ltr'>in</span> <span class='ocrx_word' id='word_1_280' title='bbox 627 2287 693 2315; x_wconf 86' lang='lat' dir='ltr'>mg.</span> <span class='ocrx_word' id='word_1_281' title='bbox 719 2277 793 2308; x_wconf 79' lang='lat' dir='ltr'><strong>ead.</strong></span> <span class='ocrx_word' id='word_1_282' title='bbox 820 2287 862 2309; x_wconf 87' lang='lat' dir='ltr'>m.</span> <span class='ocrx_word' id='word_1_283' title='bbox 1000 2278 1104 2315; x_wconf 85' lang='lat'>15-16</span> <span class='ocrx_word' id='word_1_284' title='bbox 1128 2276 1334 2307; x_wconf 81' lang='grc' dir='ltr'>ἀπέστελλον</span> <span class='ocrx_word' id='word_1_285' title='bbox 1357 2299 1363 2305; x_wconf 92' lang='grc'><em>.</em></span> <span class='ocrx_word' id='word_1_286' title='bbox 1388 2298 1395 2305; x_wconf 92' lang='grc'><strong>.</strong></span> <span class='ocrx_word' id='word_1_287' title='bbox 1421 2298 1428 2305; x_wconf 92' lang='grc'><strong>.</strong></span> <span class='ocrx_word' id='word_1_288' title='bbox 1450 2275 1499 2305; x_wconf 79' lang='grc' dir='ltr'>καὶ</span> 
     </span>
     <span class='ocr_line' id='line_1_33' title="bbox 175 2318 1499 2361; baseline -0.002 -13"><span class='ocrx_word' id='word_1_289' title='bbox 175 2328 241 2349; x_wconf 88' lang='lat' dir='ltr'>om.</span> <span class='ocrx_word' id='word_1_290' title='bbox 255 2318 288 2348; x_wconf 91' lang='lat' dir='ltr'><strong>A</strong></span> <span class='ocrx_word' id='word_1_291' title='bbox 422 2319 462 2349; x_wconf 86' lang='lat'>16</span> <span class='ocrx_word' id='word_1_292' title='bbox 485 2319 701 2361; x_wconf 79' lang='grc' dir='ltr'>Παρμένισκος</span> <span class='ocrx_word' id='word_1_293' title='bbox 714 2331 777 2352; x_wconf 82' lang='lat' dir='ltr'>om.</span> <span class='ocrx_word' id='word_1_294' title='bbox 792 2319 825 2350; x_wconf 82' lang='lat' dir='ltr'><strong>A</strong></span> <span class='ocrx_word' id='word_1_295' title='bbox 960 2330 998 2358; x_wconf 91' lang='lat'>19</span> <span class='ocrx_word' id='word_1_296' title='bbox 1022 2330 1099 2350; x_wconf 88' lang='lat' dir='ltr'>num</span> <span class='ocrx_word' id='word_1_297' title='bbox 1119 2320 1247 2351; x_wconf 83' lang='grc' dir='ltr'>πάντων</span> <span class='ocrx_word' id='word_1_298' title='bbox 1263 2318 1499 2349; x_wconf 67' lang='lat' dir='ltr'>scribendum?</span> 
     </span>
     <span class='ocr_line' id='line_1_34' title="bbox 175 2360 1500 2405; baseline 0.003 -14"><span class='ocrx_word' id='word_1_299' title='bbox 175 2361 217 2392; x_wconf 90' lang='lat' dir='ltr'>cf.</span> <span class='ocrx_word' id='word_1_300' title='bbox 235 2361 332 2392; x_wconf 86' lang='lat' dir='ltr'>xxxii</span> <span class='ocrx_word' id='word_1_301' title='bbox 352 2363 391 2392; x_wconf 89' lang='lat'>16</span> <span class='ocrx_word' id='word_1_302' title='bbox 507 2374 550 2393; x_wconf 84' lang='lat'>20</span> <span class='ocrx_word' id='word_1_303' title='bbox 572 2364 755 2405; x_wconf 77' lang='grc' dir='ltr'>παρέλαβεν</span> <span class='ocrx_word' id='word_1_304' title='bbox 780 2364 804 2394; x_wconf 82' lang='lat' dir='ltr'>S</span> <span class='ocrx_word' id='word_1_305' title='bbox 817 2363 883 2402; x_wconf 83' lang='lat' dir='ltr'>FQ</span> <span class='ocrx_word' id='word_1_306' title='bbox 896 2363 925 2393; x_wconf 96' lang='lat' dir='ltr'>D</span> <span class='ocrx_word' id='word_1_307' title='bbox 942 2375 949 2394; x_wconf 91' lang='lat'>:</span> <span class='ocrx_word' id='word_1_308' title='bbox 985 2365 1103 2401; x_wconf 77' lang='grc' dir='ltr'>ἔλαβεν</span> <span class='ocrx_word' id='word_1_309' title='bbox 1120 2363 1151 2392; x_wconf 86' lang='grc' dir='ltr'><strong>Α</strong></span> <span class='ocrx_word' id='word_1_310' title='bbox 1270 2371 1307 2391; x_wconf 82' lang='lat'>21</span> <span class='ocrx_word' id='word_1_311' title='bbox 1334 2360 1500 2402; x_wconf 77' lang='grc' dir='ltr'>ἠργάσατο</span> 
     </span>
    </p>
   </div>
   <div class='ocr_carea' id='block_1_5' title="bbox 174 2404 1500 2491">
    <p class='ocr_par' dir='ltr' id='par_1_5' title="bbox 174 2404 1500 2491">
     <span class='ocr_line' id='line_1_35' title="bbox 174 2404 1500 2447; baseline -0.002 -12"><span class='ocrx_word' id='word_1_312' title='bbox 174 2405 295 2444; x_wconf 81' lang='lat' dir='ltr'>scripsi</span> <span class='ocrx_word' id='word_1_313' title='bbox 311 2415 387 2436; x_wconf 90' lang='lat' dir='ltr'>cum</span> <span class='ocrx_word' id='word_1_314' title='bbox 399 2406 445 2437; x_wconf 87' lang='lat' dir='ltr'>S:</span> <span class='ocrx_word' id='word_1_315' title='bbox 468 2406 641 2447; x_wconf 82' lang='grc' dir='ltr'>εἰργάσατο</span> <span class='ocrx_word' id='word_1_316' title='bbox 657 2409 745 2447; x_wconf 87' lang='lat' dir='ltr'><strong>vulg.</strong></span> <span class='ocrx_word' id='word_1_317' title='bbox 839 2417 880 2447; x_wconf 87' lang='lat'>25</span> <span class='ocrx_word' id='word_1_318' title='bbox 905 2407 1082 2439; x_wconf 86' lang='grc' dir='ltr'>διετέθεντο</span> <span class='ocrx_word' id='word_1_319' title='bbox 1099 2405 1137 2438; x_wconf 84' lang='lat' dir='ltr'>S¹</span> <span class='ocrx_word' id='word_1_320' title='bbox 1156 2417 1163 2437; x_wconf 78' lang='lat' dir='ltr'><em>z</em></span> <span class='ocrx_word' id='word_1_321' title='bbox 1188 2406 1362 2445; x_wconf 80' lang='grc' dir='ltr'>συνετίμων</span> <span class='ocrx_word' id='word_1_322' title='bbox 1380 2404 1500 2434; x_wconf 83' lang='lat' dir='ltr'>Suidas</span> 
     </span>
     <span class='ocr_line' id='line_1_36' title="bbox 174 2449 455 2491; baseline 0 -10"><span class='ocrx_word' id='word_1_323' title='bbox 174 2457 200 2481; x_wconf 83' lang='lat' dir='ltr'>S.</span> <span class='ocrx_word' id='word_1_324' title='bbox 215 2459 245 2480; x_wconf 90' lang='lat' dir='ltr'>V.</span> <span class='ocrx_word' id='word_1_325' title='bbox 266 2449 455 2491; x_wconf 85' lang='grc' dir='ltr'>συνετιμήθη</span> 
     </span>
    </p>
   </div>
  </div>
 </body>
</html>
