1763 2778
107 132 248 187 [1093]

206 306 247 341 45

106 498 249 553 [1094]

207 1097 251 1138 46

207 1565 250 1600 47

206 1896 252 1938 48

651 132 1174 187 [AHMOEQENO‘PE]
1497 133 1597 189 [xmv

837 234 1054 262 ΜΑΡΊὝΡΕΣ.

336 299 428 337 Τῶν
450 298 522 348 μὲν
547 297 679 337 τοίνυν
704 295 944 349 πραγμάτων
969 296 1154 337 ἁπάντων
1179 297 1385 348 ἀκηκόατε,
1413 296 1442 339 ὦ
1462 297 1599 352 ἄνδρες

271 364 467 410 δικασταί,
496 365 559 405 καὶ
588 368 666 404 τῶν
697 363 745 415 ἐξ
774 365 899 417 ἀρχῆς
928 364 1202 417 γεγενημένων
1231 365 1321 416 περὶ
1349 368 1417 406 τὸν
1455 368 1600 418 κλῆρον

269 434 409 472 τοῦτον
447 431 508 471 καὶ
544 435 622 472 τῶν
658 431 826 483 ὕστερον
863 431 1117 483 συμβάντων,
1155 432 1287 483 ἐπειδὴ
1320 431 1493 486 τάχιστα
1528 433 1599 484 τὴν

270 496 386 550 λῆξιν
421 498 533 550 ἡμεῖς
574 498 858 550 ἐποιησάμεθα.
927 498 1070 540 λοιπὸν
1112 499 1145 540 δ’
1189 499 1276 540 ἐστὶ
1317 501 1410 552 περί
1447 517 1490 542 τε
1530 503 1599 551 τῆς

270 566 546 618 διαμαρτυρίας
585 566 704 617 αὐτῆς
744 567 869 607 εἰπεῖν
907 566 970 607 καὶ
1006 567 1095 619 περὶ
1131 570 1208 608 τῶν
1245 568 1376 619 νόμων
1413 567 1497 608 καθ’
1533 568 1600 610 οὓς

270 631 454 684 ἀξιοῦμεν
484 636 757 686 κληρονομεῖν·
794 633 851 674 ἔτι
878 633 933 680 δέ,
967 632 1016 675 ἂν
1045 635 1205 691 ἐγχωρῇ
1240 634 1285 675 τὸ
1316 636 1418 688 ὕδωρ
1455 635 1518 676 καὶ
1546 635 1599 687 μὴ

270 700 483 752 μέλλωμεν
505 702 596 752 ὑμῖν
622 702 817 754 ἐνοχλεῖν,
845 700 1051 754 ἐξελέγξαι
1077 703 1124 742 τὰ
1148 703 1223 743 ὑπὸ
1251 702 1399 743 τούτων
1431 703 1600 756 ῥηθησό-

270 785 382 819 μενα,
408 768 468 808 ὅτι
494 769 583 809 οὔτε
607 769 737 809 δίκαια
762 767 842 809 οὔθ’
867 769 956 821 ὑγιῆ
982 770 1083 810 ἐστι.
1155 770 1218 810 καὶ
1242 773 1398 822 πρῶτον
1427 773 1500 822 μὲν
1529 770 1601 821 τὴν

271 837 548 888 διαμαρτυρίαν
580 836 809 888 ἀναγνώτω,
837 836 900 877 καὶ
932 837 1091 889 σφόδρα
1123 836 1193 877 τὸν
1216 840 1307 878 νοῦν
1333 837 1429 895 αὐτῇ
1453 837 1596 891 προσέ-

270 920 376 956 χετε·
413 903 503 955 περὶ
527 905 602 956 γὰρ
626 904 768 954 ταύτης
791 904 814 954 ἡ
839 905 981 956 ψῆφος
1003 903 1239 954 οἰσθήσεται
1264 905 1359 946 νυνί.

784 1018 1070 1046 ΔῙΑΜΑΡΊὝΡῙΑ.

339 1081 493 1122 Οὐκοῦν
535 1079 657 1133 δήπου
699 1082 1058 1135 διαμεμαρτύρηκεν
1099 1082 1250 1129 οὑτοσί,
1301 1082 1353 1126 ὡς
1393 1083 1598 1134 ἀκηκόατε,

273 1150 283 1166 ‘
299 1148 352 1200 μὴ
382 1150 557 1190 ἐπίδικον
591 1148 692 1190 εἶναι
719 1149 788 1190 τὸν
818 1151 964 1202 κλῆρον
991 1149 1060 1190 τὸν
1091 1148 1319 1203 Ἀρχιάδου,
1343 1150 1600 1205 ὅντωναῦτῷ

271 1216 422 1257 παίδων
458 1218 635 1270 γνησίων
679 1217 817 1269 κυρίως
858 1218 956 1257 κατὰ
995 1216 1066 1257 τὸν
1106 1216 1281 1268 θεσμόν.’
1351 1216 1602 1269 ἐξετάσωμεν

271 1285 420 1332 τοίνυν,
450 1285 485 1325 εἰ
522 1284 626 1325 εἰσὶν
659 1280 684 1335 ἢ
720 1286 770 1325 τὰ
802 1286 931 1338 ψευδῆ
969 1284 1329 1337 διαμεμαρτύρηκεν
1359 1286 1510 1326 οὑτοσί.
1581 1286 1602 1325 6

271 1353 347 1404 γὰρ
380 1350 596 1405 Ἀρχιάδης
626 1352 787 1399 ἐκεῖνος,
818 1351 864 1392 οὗ
895 1354 1007 1393 ἐστιν
1035 1352 1057 1392 ὁ
1085 1354 1244 1404 κλῆρος,
1270 1351 1488 1403 ἐποιήσατο
1518 1352 1602 1393 υἱὸν

271 1421 341 1459 τὸν
364 1422 433 1459 τοῦ
457 1419 860 1472 διαμεμαρτυρηκότος
885 1420 970 1461 νυνὶ
994 1418 1169 1460 πάππον·
1208 1420 1354 1461 ἐκεῖνος
1379 1419 1412 1460 δ’
1438 1421 1600 1472 ἐγκατα-

271 1486 400 1527 λιπὼν
423 1485 508 1527 υἱὸν
533 1485 700 1539 γνήσιον
725 1486 794 1527 τὸν
819 1487 960 1529 τούτου
974 1486 1128 1539 πατέρα
1145 1487 1409 1539 Λεώστρατον
1426 1488 1598 1538 ἐπανῆλ-

272 1556 339 1594 θεν
376 1555 430 1595 εἰς
466 1553 555 1595 τοὺς
590 1553 875 1596 Ἐλευσινίους.
945 1553 1044 1606 μετὰ
1079 1556 1120 1595 δὲ
1157 1558 1279 1595 ταῦτα
1312 1553 1429 1597 αὐτὸς
1463 1555 1600 1595 οὑτοσὶ

270 1621 532 1674 Λεώστρατος
562 1620 684 1662 πάλιν
717 1622 993 1674 ἐγκαταλιπὼν
1025 1621 1110 1663 υἱὸν
1138 1621 1263 1677 ᾤχετο
1294 1621 1423 1663 ἀπιὼν
1452 1622 1508 1664 εἷς
1531 1622 1602 1663 τὸν

271 1692 452 1743 πατρῷον
477 1688 598 1729 οἶκον·
637 1689 657 1728 ὁ
683 1688 714 1729 δ’
740 1690 1069 1741 ἐγκαταλειφθεὶς
1101 1689 1177 1729 ὑπὸ
1210 1689 1349 1730 τούτου
1377 1693 1602 1732 τελευταῖος

272 1754 458 1796 ἁπάντων
505 1759 582 1796 τῶν
631 1755 940 1807 εἰσποιηθέντων
987 1757 1266 1807 τετελεύτηκεν
1312 1756 1443 1803 ἄπαις,
1497 1757 1601 1798 ὥστε

271 1823 451 1875 γίγνεται
488 1823 629 1875 ἔρημος
666 1824 686 1863 6
723 1823 840 1869 οἶκος,
881 1823 944 1864 καὶ
979 1822 1272 1874 ἐπανελήλυθεν
1304 1823 1327 1875 ἡ
1363 1825 1602 1877 κληρονομία

272 1889 394 1930 πάλιν
428 1891 482 1932 εἷς
514 1890 604 1933 τοὺς
636 1890 684 1942 ἐξ
705 1891 830 1944 ἀρχῆς
862 1891 1058 1943 ἐγγύτατα
1084 1890 1220 1944 γένους
1249 1892 1377 1934 ὄντας.
1451 1896 1530 1934 πῶς
1553 1891 1602 1932 ἂν

272 1957 341 1997 οὖν
388 1958 527 2008 εἴησαν
576 1959 673 1998 κατὰ
719 1958 791 2009 τὴν
835 1959 1113 2011 διαμαρτυρίαν
1161 1960 1257 2001 υἱεῖς
1298 1958 1357 2000 ἔτι
1401 1961 1506 2001 τινὲς
1547 1962 1601 2014 τῷ

271 2023 478 2081 Ἀρχιάδῃ,
514 2023 543 2080 ᾧ
571 2027 608 2066 οἱ
640 2027 712 2077 μὲν
751 2025 1045 2077 εἰσποιηθέντες
1084 2027 1370 2079 ὁμολογοῦνται
1405 2026 1599 2078 ἐπανελη-

271 2091 446 2139 λυθέναι,
486 2093 505 2131 6
541 2091 574 2133 δ’
608 2093 936 2146 ἐγκαταλειφθεὶς
970 2097 1196 2135 τελευταῖος
1224 2093 1342 2136 ἄπαις
1374 2094 1600 2145 τετελεύτη-

317 2211 335 2241 5
361 2202 449 2241 ἡμεῖς
462 2203 522 2241 τὴν
535 2209 567 2234 λ.
583 2202 613 2233 Α
680 2216 718 2234 τε
742 2202 852 2233 om.A
924 2213 941 2242 7
967 2203 1149 2244 ἡξιοῦμενῧ
1164 2202 1231 2242 FQ
1246 2203 1276 2234 D
1344 2214 1366 2243 9
1389 2205 1452 2236 οὔθ’
1467 2203 1601 2244 ὑγιῆΑτ

274 2247 346 2277 οὔτε
364 2247 467 2284 ἀληθῆ
485 2250 564 2276 cett.
658 2256 697 2276 10
721 2252 799 2286 post
824 2248 1046 2288 διαμαρτυρίαν
1070 2248 1146 2277 add.
1173 2249 1273 2285 αὐτὴν
1297 2247 1327 2277 Α
1420 2257 1453 2277 11
1481 2248 1602 2286 ταύτης

274 2290 384 2328 vulg.:
409 2290 541 2328 αὐτῆςδ
625 2300 661 2319 12
687 2296 959 2322 ΔΙΑΜΑΡΊὝΡΙΑ
971 2290 1081 2322 οιιι.Α
1170 2301 1206 2329 15
1231 2290 1358 2333 κυρίως]
1373 2292 1422 2323 καὶ
1438 2292 1548 2332 κυρίως
1559 2291 1600 2329 Λ,

275 2332 372 2363 Blass
387 2333 463 2364 coll.
486 2336 500 2371 §
524 2343 577 2373 49,
596 2334 691 2364 cuius
710 2334 773 2364 loci
789 2334 854 2364 alia
872 2339 922 2365 est
940 2334 1025 2364 ratio
1140 2336 1178 2364 16
1203 2334 1296 2367 οὗτος
1311 2335 1343 2364 Α
1456 2337 1494 2364 18
1511 2340 1545 2366 et
1561 2345 1599 2365 21

273 2379 300 2407 δ’
318 2378 545 2416 ἐγκαταλιπὼν
561 2377 591 2407 Λ
607 2389 614 2408 1
640 2377 674 2409 δὲ
692 2379 878 2409 καταλιπὼν
892 2377 916 2408 S
928 2377 952 2407 F
966 2377 996 2416 Q
1013 2378 1042 2407 D
1186 2388 1224 2417 19
1247 2379 1373 2410 τουτουὶ
1391 2378 1424 2409 Α
1561 2389 1599 2408 21

272 2421 411 2452 ἆπιὼνΑ
423 2421 463 2451 cs.
486 2421 545 2451 xlii
565 2431 581 2460 7
597 2432 604 2451 ε
628 2422 777 2453 ἀπελθὼν
792 2427 870 2452 cett.
982 2431 1089 2459 24—25
1114 2421 1212 2453 πάλιν
1229 2422 1248 2460 ἦ
1266 2429 1318 2454 κλ.
1338 2422 1368 2451 Α
1452 2423 1485 2462 ἐξ
1500 2423 1602 2464 ἀρχῆς

271 2474 339 2495 om.
360 2464 391 2493 Α
491 2466 532 2494 26
558 2466 779 2506 διαμαρτυρίαν
796 2465 825 2495 Α
845 2476 852 2495 t
876 2466 1047 2507 μαρτυρίαν
1064 2465 1088 2495 S
1102 2465 1125 2495 F
1137 2464 1167 2503 Q
1182 2465 1222 2504 D,
1242 2465 1282 2498 cs.
1303 2468 1318 2503 §
1336 2474 1356 2504 5

1620 521 1637 553 5

1623 861 1661 883 10

1623 1573 1664 1596 20
