1742 2774
862 404 1005 442 XLIII

372 514 535 563 ΠΡΟΣ
587 518 1018 560 ΜΑΚΛΡΤΑΤΟΝ
1069 518 1212 560 ΠΕΡΙ
1263 520 1495 562 ΛΓΝΙΟΤ

800 586 1051 626 ΚΛΗΡΟΤ

818 711 1035 741 ΎΠΟΘΕΣΙΣ.

315 781 464 831 Ἀγνίας
499 779 558 818 καὶ
593 778 832 828 Εὐβουλίδης
865 779 964 828 ἦσαν
999 780 1152 830 ἀνεψιοί.
1210 781 1347 819 τούτων
1381 779 1411 819 δ’
1446 779 1596 832 Ἀγνίας

263 836 503 884 ἐτελεύτησεν
524 835 645 875 ἅπαις·
668 836 688 872 ὁ
708 832 737 872 δ’
758 834 999 884 Εὐβουλίδης
1020 834 1203 886 θυγατέρα
1228 836 1402 873 κατέλιπε
1425 836 1596 886 Φυλομά-

261 906 342 940 χην,
363 890 441 939 ἥτις
461 889 692 936 ἐπεδικάζετο
710 891 776 928 τοῦ
803 889 943 939 κλήρου
963 892 1029 927 τοῦ
1048 889 1208 941 Ἀγνίου,
1231 891 1278 930 ὡς
1298 890 1393 929 οὖσα
1413 891 1597 942 ἐγγύτατα

261 947 311 995 τῷ
336 945 444 995 γένει.
503 944 773 1012 ἠμφισβήτουν
801 944 830 982 δ’
853 945 946 994 αὐτῇ
971 944 1139 984 Γλαῦκός
1161 961 1216 985 τις
1240 945 1300 982 καὶ
1320 946 1507 992 Γλαύκων,
1531 947 1596 983 οὐκ

262 999 461 1050 ἀγχιστεία
496 1000 633 1051 γένους,
670 1000 773 1037 ἄλλα
813 998 1004 1048 διαθήκαις
1042 998 1326 1050 ἰσχυριζόμενοι.
1383 1000 1432 1038 ὧν
1471 1002 1509 1038 ἐν
1545 1004 1594 1052 τῷ
1615 1014 1632 1046 5

262 1053 485 1105 δικαστηρίω
516 1054 656 1104 ψευδῶν
688 1053 949 1106 ἐλεγχθεισῶν,
983 1054 1276 1104 παραλαμβάνει
1306 1054 1370 1093 τὸν
1405 1055 1544 1104 κλῆρον
1571 1056 1594 1104 ἡ

262 1109 482 1160 Φυλομάχη.
542 1110 665 1148 εἰσιὼν
699 1108 782 1147 δ’ὁ
818 1108 1054 1159 Θεόπομπος,
1089 1110 1219 1149 αυτούς
1252 1126 1293 1148 τε
1329 1109 1480 1150 τούτους
1512 1109 1596 1150 τοὺς

261 1163 490 1214 ἡττωμένους
508 1164 741 1214 παραλαβὼν
762 1163 820 1202 καὶ
840 1163 931 1213 πρὸς
952 1164 1093 1204 τούτοις
1114 1163 1347 1214 Ευπόλεμον,
1369 1164 1595 1214 προσεκαλέ-

262 1235 337 1257 σατ
376 1220 425 1258 εἷς
454 1218 685 1258 διαδικασίαν
712 1220 777 1257 τοῦ
808 1219 946 1269 κλήρου
975 1236 1042 1269 την
1070 1219 1313 1270 Φυλομάχην·
1343 1218 1462 1258 ἐδιδου
1483 1220 1555 1271 γὰρ
1575 1219 1595 1258 ὃ

263 1273 374 1323 νόμος
391 1275 441 1324 τῷ
463 1274 684 1325 βουλομένῳ
711 1273 1013 1323 προσκαλεῖσθαι
1040 1273 1104 1312 τὸν
1132 1274 1345 1323 νενικηκότα
1374 1274 1432 1312 καὶ
1463 1275 1595 1326 ἔχοντα
1619 1289 1657 1312 10

263 1327 328 1366 τὸν
357 1313 506 1377 κλῆιρον.
565 1328 932 1379 κατασκευασθείσης
965 1329 1002 1367 δὲ
1030 1330 1122 1379 πρὸς
1151 1329 1294 1378 ἀπάτην
1321 1331 1388 1379 τῆς
1411 1329 1522 1379 δίκης,
1549 1329 1595 1370 ὥς

102 1367 244 1421 [¹050]
265 1385 364 1450 φησι
380 1382 609 1431 Σωσίθεος,’
593 1384 761 1433 ενίκησεν
777 1385 796 1422 ὁ
813 1384 1044 1435 Θεόπομπος.
1095 1385 1258 1425 κάκεῖνος
1271 1386 1340 1435 μὲν
1355 1385 1594 1434 ἐτελεύτησεν

225 1435 244 1459 ²
265 1437 342 1475 υἱὸν
369 1439 581 1476 καταλιπὼν
610 1439 869 1489 Μακάρτατον·
897 1442 943 1490 τῇ
971 1439 1009 1478 δὲ
1036 1441 1246 1491 Φυλομάχῃ
1272 1441 1411 1492 γίνεται
1435 1442 1530 1487 παῖς,
1553 1439 1594 1478 ὃν

263 1491 455 1541 ὠνόμασεν
475 1493 715 1542 Εὐβουλίδην
735 1511 794 1532 και
812 1495 1049 1544 εἰσεποίησεν
1069 1495 1147 1533 υἱὸν
1169 1495 1384 1546 Εὐβουλίδῃ
1399 1498 1449 1547 τῷ
1466 1496 1594 1544 ἑαυτῆς

261 1546 329 1595 μὲν
357 1563 476 1596 πατρι,
508 1549 643 1599 ἀνεψιῷ
672 1548 710 1586 δὲ
738 1548 889 1600 Αγνίου
918 1551 983 1587 τοῦ
1010 1549 1075 1588 τὸν
1102 1550 1242 1599 κλῆρον
1268 1550 1591 1590 καταλελοιπότος.
1616 1569 1654 1602 15

263 1602 518 1651 εἷσποιήσασα
538 1602 566 1640 δ’
589 1602 787 1654 εἰσήγαγεν
809 1605 857 1643 εἷς
883 1603 967 1643 τοὺς
987 1604 1172 1653 φράτερας
1193 1605 1257 1641 τοῦ
1278 1604 1515 1652 Εἰβουλίδου
1537 1603 1596 1641 καὶ

262 1653 420 1707 Ἀγνίου,
439 1657 497 1694 καὶ
514 1658 548 1695 οἱ
563 1658 742 1706 φράτερες
758 1657 916 1702 ἐδέξανθ’
932 1659 978 1698 ὡς
995 1658 1139 1699 δικαιως
1156 1658 1356 1709 εἷσαγόμεν
1358 1675 1409 1696 ον.
1458 1658 1596 1697 τούτων

263 1709 300 1748 δὲ
320 1710 592 1761 πραχθέντωνξ
577 1728 596 1748 0
616 1712 701 1751 παῖς
725 1713 774 1751 εἷς
800 1711 1030 1750 διαδικασιαν
1057 1714 1122 1750 τοῦ
1151 1712 1290 1762 κληρου
1317 1712 1596 1762 προσκεκληται

263 1765 513 1814 Μακάρτατον
544 1765 609 1803 τὸν
643 1765 720 1803 υἱὸν
752 1767 817 1803 τοῦ
851 1766 1089 1815 Θεοπόμπου.
1150 1765 1211 1806 καὶ
1242 1767 1345 1818 λέγει
1377 1765 1447 1817 ,τὸν
1479 1767 1595 1820 λόγον

263 1819 448 1861 Σωσίθεος
469 1820 488 1857 ὁ
508 1820 621 1867 φύσει
640 1820 762 1868 πατὴρ
782 1821 847 1858 τοῦ
866 1819 1006 1860 παιδός.
1615 1835 1654 1857 20

329 1928 492 1979 Ἐπειδὴ
528 1929 589 1969 καὶ
624 1929 814 1981 πρότερον
852 1930 1002 1981 ἀγῶνες
1039 1929 1224 1981 ἐγένοντο
1260 1929 1364 1980 ἡμῖν,
1400 1928 1429 1970 ὦ
1455 1930 1594 1983 ἄνδρες

263 1996 457 2042 δικασταί,
489 1995 585 2046 πρὸς
614 1995 703 2037 τοὺς
739 1996 877 2037 αὐτοὺς
914 1996 1074 2037 τούτους
1110 1995 1198 2046 περὶ
1238 1999 1307 2036 τοῦ
1344 1996 1488 2049 κλήρου
1527 2002 1595 2038 τοῦ

261 2062 433 2115 Ἀγνίου,
464 2062 527 2102 καὶ
559 2061 670 2103 οὐδὲν
702 2061 894 2102 παύονται
924 2065 1241 2114 παρανομοῦντες
1271 2063 1334 2103 καὶ
1362 2064 1595 2114 βιαζόμενοι

261 2130 366 2171 ὥστε
391 2130 433 2170 ἐκ
470 2129 616 2172 παντὸς
650 2128 795 2181 τρόπου
833 2129 880 2169 τὰ
915 2128 968 2180 μὴ
1007 2126 1245 2180 προσήκονθ’
1282 2129 1433 2172 ἑαυτοῖς
1469 2130 1590 2184 ἔχειν,

303 2235 484 2267 TlTULUS:
525 2234 594 2275 περὶ
621 2233 750 2273 Ἁγνίου
777 2232 897 2274 κλήρου
931 2232 1073 2273 (Ἁγνίου
1103 2242 1168 2263 om.
1199 2231 1245 2272 Α)
1279 2231 1402 2265 codd.:
1436 2234 1506 2274 περὶ
1535 2236 1592 2266 τοῦ

261 2280 387 2321 Ἀγνίου
404 2279 522 2320 κλήρου
541 2278 737 2316 Ha1·.pocr:
762 2277 941 2308 διαδικασία
959 2276 1056 2306 Dion.
1079 2275 1157 2307 Hal.
1178 2275 1315 2306 Demos.
1338 2285 1375 2314 ¹3

309 2345 326 2374 7
351 2335 458 2367 εἰσιὼν
469 2333 501 2365 δὲ
514 2331 632 2363 Wolf:
651 2333 738 2364 εἷσον
751 2331 814 2372 ’γὰρ
827 2330 871 2361 F:
890 2331 934 2362 εἷς
944 2331 981 2362 ὃν
990 2330 1052 2370 ’γὰρ
1063 2328 1119 2360 D:
1136 2329 1180 2361 εἷς
1191 2330 1234 2361 ὢν
1246 2330 1308 2371 ’γὰρ
1320 2330 1344 2361 S
1454 2332 1475 2362 8
1492 2331 1591 2370 ἡττη.

260 2377 370 2418 μένους
388 2378 488 2409 Blass
505 2385 683 2417 perperam
831 2385 853 2413 9
877 2374 1022 2405 δικασίαν
1039 2372 1151 2411 codd„
1170 2383 1257 2405 corr.
1278 2373 1407 2405 Reiske
1533 2378 1591 2414 τῆς

260 2433 383 2460 Φυλομκ
402 2426 426 2458 S
519 2427 558 2455 16
581 2423 738 2466 φράτερας
757 2422 838 2453 FD:
864 2427 959 2463 φραΤΡ
978 2422 1020 2453 S:
1040 2421 1197 2464 φράτορας
1213 2422 1290 2453 Ald.
