1742 2774
78 134 220 190 [1058]
648 127 702 185 [Δ
713 133 752 170 H
763 133 805 170 M
817 133 978 171 osc->E
994 129 1174 183 ΝοτΣ]
1465 130 1569 185 [me

239 235 292 287 τῷ
316 234 390 284 μὲν
413 232 522 273 παιδὶ
539 232 681 287 τουτῳί
702 232 812 271 ἐστιν
830 233 954 282 ὄνομα
976 234 1053 271 τῶν
1074 232 1116 271 ἐν
1140 232 1191 286 τῷ
1215 232 1319 287 νόμῳ
1341 232 1567 285 εἰρημένων,

242 300 302 339 καὶ
327 299 444 352 μέχρι
469 301 523 340 ὧν
539 300 560 339 ὁ
586 301 703 351 νόμος
730 298 880 339 κελεύει
905 298 977 348 τὴν
995 299 1231 352 ἀγχιστείαν
1251 299 1363 340 εἶναι·
1401 301 1570 353 ἀνεψιοῦ

240 368 316 419 γὰρ
350 365 511 418 Ἅγνίου
545 370 638 408 παῖς
674 368 798 407 ἐστιν·
849 366 868 405 6
900 367 972 418 γὰρ
1002 365 1130 418 πατὴρ
1166 367 1284 407 αὐτοῦ
1319 367 1569 419 Εὐβουλίδης

240 433 406 486 ἀνεψιὸς
432 432 478 483 ἦν
501 431 655 488 Ἁγνίᾳ,
677 433 722 473 οὗ
747 434 860 473 ἐστιν
883 433 905 473 6
931 435 1087 485 κλῆρος.
1145 434 1165 473 6
1191 432 1232 474 δέ
1257 451 1301 486 γε
1329 435 1569 486 Θεόπομπος

240 501 262 540 ὁ
295 501 448 541 τουτουὶ
486 499 613 552 πατὴρ
651 498 914 552 Μακαρτάτου
943 500 1011 540 οὐκ
1046 499 1095 541 ἂν
1132 499 1240 554 εἶχεν
1275 502 1400 552 ὄνομα
1428 501 1569 542 θέσθαι

239 569 342 622 αὐτῷ
367 571 446 607 τῶν
471 568 514 608 ἐν
537 567 591 622 τῷ
605 568 711 622 νόμῳ
739 566 953 619 εἰρημένων
978 566 1104 608 οὐδέν·
1143 567 1188 618 ἐξ
1211 567 1344 620 ἑτέρου
1368 570 1442 622 γὰρ
1462 570 1570 610 οἴκου

175 649 218 683 28
239 634 300 686 ἦν,
320 637 387 675 τοῦ
403 635 607 686 Στρατίου.
662 634 706 674 οὐ
727 633 917 686 προσήκει
936 634 991 680 δέ,
1013 632 1042 674 ὦ
1059 635 1195 687 ἄνδρες
1214 637 1410 682 δικασταί,
1430 635 1570 677 οὐδένα

240 702 455 754 ἀνθρώπων
487 701 596 755 ἔχειν
629 701 696 742 τὸν
734 703 879 753 κλῆρον
911 701 983 742 τὸν
1015 701 1175 755 Ἃγνίου
1212 702 1260 754 ἐξ
1293 703 1427 755 ἑτέρου
1461 705 1571 745 οἴκου

240 770 347 815 ὄντα,
382 769 453 810 ἕως
486 768 532 809 ἄν
561 786 619 811 τις
647 769 831 820 λείπηται
869 773 947 809 τῶν
984 769 1207 821 γενομένων
1245 772 1285 810 ἐν
1315 770 1366 826 τῷ
1393 772 1486 826 οἴκῳ
1520 771 1572 827 τῷ

238 835 410 889 “Αγνίου,
431 835 510 876 οὐδ’
538 836 756 887 ἐκβάλλειν
775 836 861 891 βίᾳ,
879 837 976 888 ὅπερ
994 836 1102 877 οὗτοι
1122 836 1440 890 διαπράττονται,
1462 837 1569 892 γένει

239 921 282 945 τε
318 903 505 957 ἀπωτέρω
541 905 652 946 ὄντες
686 903 750 944 καὶ
783 903 851 944 οὐκ
883 905 925 945 ἐν
956 904 1009 959 τῷ
1038 903 1139 960 αὐτῷ
1169 907 1275 961 οἴκῳ.
1347 908 1461 946 τοῦτο
1493 906 1568 960 γάρ

239 972 361 1017 ἐστιν,
400 969 431 1012 ὦ
465 970 604 1024 ἄνδρες
637 971 833 1018 δικασταί,
869 969 899 1028 ᾦ
935 972 1232 1024 παρεκρούσατο
1271 974 1511 1025 Θεόπομπος
1548 975 1569 1014 6

175 1057 220 1093 29
238 1039 391 1079 τουτουὶ
426 1039 554 1091 πατὴρ
591 1038 868 1091 λ’Ῑακαρτάτου.
938 1041 1042 1081 τίνες
1078 1039 1146 1080 οὖν
1179 1042 1215 1081 οἱ
1245 1042 1402 1089 λοιποί,·
1441 1043 1477 1082 οἰ
1510 1041 1569 1082 ἔτι

237 1109 307 1147 νῦν
332 1107 442 1149 ὄντες
468 1107 510 1147 ἐν
533 1107 586 1161 τῷ
608 1108 699 1161 οἴκῳ
725 1107 777 1162 τῷ
799 1105 973 1159 Ἁγνίου,
1000 1106 1222 1161 Φυλομάχη
1239 1125 1282 1150 τε
1305 1108 1329 1160 ἡ
1357 1108 1429 1160 ε’μὴ
1454 1108 1565 1162 γυνή,

241 1173 488 1225 Εὐβουλίδου
513 1176 553 1214 δὲ
580 1173 750 1227 θυγάτηρ
776 1174 877 1214 οὖσα
913 1177 982 1214 τοῦ
1007 1175 1176 1227 ἀνεψιοῦ
1206 1178 1276 1216 τοῦ
1304 1174 1478 1229 (Αγνίου,
1505 1176 1568 1217 καὶ

238 1241 375 1282 οὑτοσὶ
408 1241 429 1281 ὁ
461 1245 552 1282 παῖς
582 1241 603 1281 6
635 1241 872 1294 εἰσηγμένος
900 1242 956 1284 εἷς
988 1244 1056 1282 τὸν
1090 1242 1198 1283 οἶκον
1223 1242 1292 1284 τὸν
1320 1243 1569 1295 Εὐβουλίδου

70 1310 218 1366 [1059]
240 1307 494 1361 va‘Ayva'ov.
567 1309 809 1359 Θεόπομπος
832 1311 876 1350 δὲ
899 1309 919 1348 ὁ
945 1310 1099 1350 τουτουὶ
1129 1310 1256 1360 πατὴρ
1286 1310 1566 1364 Μακαρτάτου,

238 1375 307 1416 οὐκ
332 1374 386 1417 ὣν
411 1380 480 1417 τοῦ
503 1378 611 1417 οἴκου
636 1379 705 1416 τοῦ
720 1375 893 1429 Ἁγνίου,
922 1377 1127 1429 ἐψεύσατο
1149 1377 1246 1430 πρὸς
1263 1378 1353 1421 τοὺς
1379 1380 1568 1421 δικαστὰς

237 1443 501 1496 ὑπερμέγεθες
526 1446 673 1496 ψεῦδος
698 1444 790 1496 περί
809 1461 853 1485 τε
877 1447 946 1495 τῆς
971 1443 1216 1498 Φυλομάχης
1240 1448 1309 1496 τῆς
1341 1450 1409 1486 τοῦ
1434 1446 1564 1487 Πολέ-

237 1527 366 1562 μωνος
398 1512 590 1563 ἀδελφῆς,
616 1512 773 1562 τηθίδος
801 1514 844 1552 δὲ
872 1511 1045 1565 Ἁγνίου,
1082 1513 1143 1553 ὅτι
1176 1512 1243 1553 οὐκ
1278 1512 1325 1564 ἦν
1350 1514 1401 1570 τῷ
1432 1514 1564 1555 Πολέ-

237 1595 339 1630 μωνι
363 1578 416 1634 τῷ
436 1582 503 1619 τοῦ
527 1578 688 1631 Ἁγνίου
712 1580 790 1620 υἱεῖ
810 1579 1030 1632 ὁμοπατρία
1060 1580 1122 1621 καὶ
1148 1580 1365 1634 ὁμομητρία
1394 1580 1564 1634 ἀδελφή,

239 1645 300 1686 καὶ
329 1644 451 1687 πάλιν
479 1646 819 1699 προσποιούμενος
847 1651 916 1688 τοῦ
948 1646 1067 1687 αὐτοῦ
1098 1649 1204 1689 οἴκου
1237 1648 1338 1690 εἶναι
1366 1647 1518 1704 Ἀγνίᾳ,
1547 1650 1567 1689 6

173 1734 219 1770 30
237 1713 485 1755 οὐδεπώποτε
521 1714 745 1766 γενόμενος.
815 1717 937 1755 ταῦτα
973 1716 1016 1756 δὲ
1050 1714 1179 1755 πάντα
1215 1716 1338 1759 ἀδεῶς
1374 1716 1514 1771 ἔλεγεν
1545 1718 1566 1758 ὁ

239 1782 492 1833 Θεόπομπος,
508 1780 685 1834 μάρτυρα
709 1783 782 1835 μὲν
805 1781 948 1823 οὐδένα
973 1783 1291 1836 παρασχόμενος,
1316 1784 1430 1827 ὅστις
1449 1785 1565 1836 ἔμελ-

238 1853 310 1888 λεν
334 1848 548 1890 ὑπεύθυνος
565 1848 657 1900 ἡμῖν
675 1849 853 1895 ἔσεσθαι,
873 1853 1243 1903 συνομολογοῦντας
1268 1850 1301 1890 δ’
1319 1853 1440 1907 ἑαυτῷ
1461 1852 1566 1906 ἔχων

238 1914 329 1957 τοὺς
350 1916 569 1962 κοινωνούς,
594 1916 627 1956 οἲ
654 1914 757 1966 ἦσαν
783 1916 977 1968 ἀλλήλοις
1004 1919 1298 1969 συναγωνισταὶ
1324 1919 1386 1959 καὶ
1411 1918 1566 1960 ἅπαντα

239 1982 432 2036 ἔπραττον
463 1984 580 2040 κοινῇ,
616 1984 721 2025 ὅπως
751 1982 982 2036 ἀφέλωνται
1013 1983 1084 2034 τὴν
1114 1988 1280 2036 γυναῖκα
1312 1985 1383 2036 τὴν
1413 1987 1566 2028 τουτουὶ

238 2049 387 2103 μητέρα
411 2054 480 2090 τοῦ
504 2050 641 2093 παιδὸς
665 2050 734 2092 τὸν
764 2053 923 2103 κλῆρον,
951 2050 996 2091 ὃν
1029 2050 1125 2108 αὐτῇ
1149 2052 1257 2102 ὑμεῖς
1286 2054 1564 2106 ἐψηφίσασθε.

290 2163 303 2184 1
328 2155 443 2195 ’τουτῳί
460 2154 512 2186 D:
535 2155 637 2195 τούτῳ
656 2159 733 2186 cett.
855 2164 874 2184 2
900 2155 1077 2196 ἆγχιστίαν
1095 2153 1132 2186 Sl
1252 2167 1268 2194 4
1296 2157 1423 2198 Ἁγνίου
1440 2157 1466 2188 F
1478 2169 1563 2190 corr.

240 2197 271 2236 Q
286 2197 316 2228 D
397 2200 418 2228 6
441 2200 524 2239 αὐτῷ
544 2198 567 2228 S
583 2198 608 2228 F
619 2198 649 2237 Q
664 2198 711 2229 D:
739 2199 839 2238 ἑαυτῷ
853 2197 906 2227 A:
933 2201 1014 2238 αὐτῷ
1031 2198 1176 2237 Sauppe.
1257 2209 1273 2238 7
1299 2201 1337 2238 δὴ
1354 2200 1385 2230 Α
1465 2202 1485 2231 8
1508 2204 1564 2234 τὸν

240 2244 358 2282 κλῆρον
375 2242 464 2282 ἔχειν
479 2241 510 2271 Α
619 2252 656 2272 12
677 2240 699 2282 ᾧ
715 2241 866 2282 πρότερον
883 2255 955 2282 παρ.
976 2241 1090 2272 Naber
1228 2252 1265 2281 13
1289 2244 1318 2275 οἷ
1333 2250 1364 2276 λ.
1381 2243 1405 2274 S
1421 2255 1428 2275 :
1452 2247 1511 2277 εἰσὶ
1529 2253 1562 2278 λ.

240 2285 329 2324 vulg.
406 2285 434 2317 οἱ
447 2284 511 2325 ἔτι]
524 2284 556 2317 οἳ
565 2285 611 2316 ἔτι
631 2284 665 2315 S.
702 2284 981 2322 interrogationis
999 2285 1130 2323 signum
1144 2291 1222 2325 post
1238 2288 1344 2319 λοιποί
1357 2287 1446 2326 vulg.
1467 2299 1473 2318 :
1488 2294 1563 2328 post

240 2329 366 2369 Ἁγνίου
382 2326 452 2369 (14)
467 2328 563 2359 Turr.
637 2337 673 2365 14
691 2329 736 2367 τῷ
747 2331 825 2357 ante
839 2328 965 2367 Ἀγνίου
977 2338 1042 2358 om.
1058 2328 1087 2357 A
1158 2339 1194 2367 15
1213 2329 1245 2361 δὲ
1257 2339 1323 2360 οιη.
1336 2330 1366 2359 Α
1432 2332 1469 2361 16
1487 2337 1563 2371 post

240 2372 429 2413 εἰσηγμένος
446 2372 523 2403 add.
542 2371 605 2403 υἱὸς
623 2370 646 2401 S
661 2369 684 2399 F
698 2369 739 2408 Q.
758 2373 831 2402 παῖς
849 2370 878 2399 D
896 2382 903 2400 τ
931 2381 995 2400 orn.
1013 2371 1045 2400 A
1140 2382 1176 2410 ¹9
1200 2386 1235 2403 τε
1253 2382 1318 2404 om.
1336 2373 1367 2402 Λ
1456 2384 1498 2404 20
1525 2375 1564 2413 ἧν

241 2415 265 2446 S
277 2415 302 2446 F
316 2416 347 2454 Q
362 2415 390 2445 D
406 2427 412 2446 :
438 2418 485 2453 εἴη
502 2415 533 2444 Α
701 2423 741 2443 22
767 2416 782 2445 6
799 2424 865 2444 om.
885 2413 917 2443 A
930 2413 955 2442 F
973 2424 1058 2445 corr.
1235 2426 1275 2454 24
1299 2417 1517 2457 παρεχόμενος
1533 2419 1563 2447 A

240 2461 282 2490 26
306 2461 356 2491 καὶ
374 2460 499 2491 ἅπαντα
516 2457 541 2488 F
558 2467 644 2489 corr.
668 2457 833 2497 [Dobree)
851 2468 858 2487 :
882 2458 933 2489 καὶ
950 2457 1054 2489 πάντα
1067 2458 1119 2487 A:
1144 2459 1194 2490 καὶ
1209 2459 1258 2490 διὰ
1269 2459 1373 2491 πάντα
1385 2460 1409 2490 S
1424 2471 1430 2491 3
1457 2463 1506 2493 καὶ
1525 2464 1563 2493 δι’

239 2502 260 2534 ἃ
276 2502 380 2536 πάντα
398 2501 436 2533 F¹
451 2501 481 2540 Q
496 2502 526 2532 D
657 2502 698 2531 28
724 2502 809 2541 ὑμεῖς
825 2503 906 2543 αὐτῇ
922 2500 955 2530 Α

1591 861 1630 883 10

1588 1537 1628 1558 20
