1763 2778
186 104 250 161 Lu]
555 109 714 147 ΠΡΟΣ
764 109 1144 147 ΚΑΛΛΙΠΠΟΝ

187 209 239 251 ὥς
266 209 345 262 ε’γὼ
378 210 522 260 οἴομαι,
547 209 609 249 ὅτι
641 207 770 249 πάντα
801 211 900 262 πρὸς
932 209 1033 259 ὑμᾶς
1066 208 1275 260 ἔψευσται.
1346 212 1398 263 τῷ
1436 209 1510 260 γὰρ

185 276 353 322 Λύκωνι,
380 273 409 315 ὦ
435 275 573 329 ἄνδρες
598 276 793 323 δικασταί,
821 277 929 328 εἴπερ
954 274 1154 326 ἠσπάζετο
1179 278 1252 326 μὲν
1276 275 1430 315 τουτονὶ
1448 275 1510 315 καὶ

185 344 336 386 οἰκείως
378 343 500 396 εἶχεν,
537 343 677 396 ὥσπερ
715 342 829 385 οὗτός
868 343 1242 396 φησιν,·ἐβούλετο
1282 345 1324 383 δὲ
1361 344 1510 394 δωρεὰν

185 413 320 451 δοῦναι
342 409 458 465 αὐτῷ,
485 411 523 451 εἴ
543 427 581 451 τι
609 409 741 456 πάθοι,
769 409 813 450 τὸ
847 410 1044 463 ἀργύριον,
1071 410 1238 463 πότερον
1273 409 1438 449 κάλλιον
1463 408 1510 459 ἦν

146 477 363 530 5ἄντικρυς
401 478 508 530 παρὰ
543 482 596 533 τῷ
638 479 862 532 Καλλίππῳ
903 481 1135 518 καταλιπεῖν
1172 477 1217 517 τὸ
1253 477 1451 529 ἀργύριον,
1488 475 1510 517 ὃ

185 547 332 597 ἔμελλε
365 544 509 587 σωθεὶς
543 547 618 596 μὲν
651 545 777 598 ὀρθῶς
812 545 874 585 καὶ
906 545 1065 587 δικαίως
1092 543 1382 597 ἀπολήψεσθαι
1404 545 1511 596 παρὰ

185 614 306 666 φίλου
330 629 377 665 γε
401 613 515 654 ὄντος
537 613 640 667 αὐτῷ
666 612 730 652 καὶ
755 610 958 664 προξένου,
987 613 1020 653 εἰ
1044 611 1089 654 δέ
1111 629 1150 653 τι
1173 611 1305 662 πάθοι,
1331 611 1511 663 ἄντικρυς

184 680 352 721 ἔσεσθαι
389 679 575 725 δεδωκώς,
614 680 749 731 ὥσπερ
787 679 850 720 καὶ
886 679 1093 731 ἐβούλετο,
1122 676 1146 730 ἢ
1178 680 1242 720 ἐπὶ
1267 685 1314 736 τῇ
1339 678 1510 734 τραπέζῃ

185 749 435 793 καταλιπεῖν;
464 747 541 799 ἐγὼ
564 749 638 798 μὲν
661 746 739 799 γὰρ
771 745 881 798 οἶμαι
916 748 1042 787 ε’κεῖνο
1077 746 1140 786 καὶ
1170 747 1414 796 δικαιότερον
1448 746 1508 785 καὶ

126 831 165 853 10
182 813 587 866 μεγαλοπρεπέστρον
611 813 726 854 εἶναι.
783 813 828 854 οὐ
853 814 984 854 τοίνυν
1011 815 1194 866 φαίνεται
1221 813 1370 853 τούτων
1397 814 1509 853 οὐδὲν

185 879 366 932 ποιήσας,
407 881 512 921 ὥστε
555 881 617 920 καὶ
652 884 773 921 ταῦτα
808 882 900 931 ὑμῖν
933 880 1121 932 τεκμήρια
1157 880 1273 925 ἔστω,
1313 880 1421 919 ἀλλὰ
1455 883 1509 935 τῷ

186 947 415 1004 Κηφισιάδῃ
439 948 500 988 καὶ
526 947 687 1001 γράψας
713 948 776 988 καὶ
801 947 1028 1000 προστάξας
1053 949 1279 988 ἀποδοῦναι.

245 1014 337 1056 Ἔτι
371 1017 503 1056 τοίνυν
536 1016 600 1056 καὶ
632 1016 716 1056 τοδὶ
747 1015 976 1067 σκέψασθε,
1001 1013 1031 1055 ὦ
1057 1014 1196 1067 ἄνδρες
1228 1015 1424 1061 δικασταί,
1450 1014 1511 1055 ὅτι

186 1082 421 1124 Κάλλιππος
445 1084 518 1131 μὲν
541 1081 590 1133 ἧν
614 1084 781 1133 πολίτης
804 1082 990 1135 ὑμέτερος
1015 1082 1078 1122 καὶ
1102 1082 1171 1122 οὐκ
1192 1082 1382 1123 ἀδύνατος
1401 1080 1509 1121 οὐδέ-

127 1165 163 1197 15
185 1167 276 1202 τερα
312 1152 490 1200 ποιῆσαι,
526 1150 617 1190 οὔτε
654 1154 779 1191 κακῶς
814 1150 904 1190 οὔτε
940 1150 994 1196 εὖ,
1029 1150 1051 1189 ὁ
1083 1152 1124 1190 δὲ
1159 1148 1413 1201 Κηφισιάδης
1450 1149 1511 1188 καὶ

183 1216 363 1268 μέτοικος
388 1218 452 1258 καὶ
472 1216 584 1258 οὐδὲν
603 1216 829 1269 δυνάμενος,
851 1217 956 1257 ὥστε
980 1216 1033 1268 μὴ
1059 1215 1309 1269 προσθέσθαι
1333 1215 1381 1256 ἂν
1407 1216 1511 1267 παρὰ

185 1283 228 1324 τὸ
263 1285 414 1325 δίκαιον
448 1285 500 1340 τῷ
531 1284 763 1341 Κηφισιάδῃ
791 1287 950 1335 μᾶλλον
979 1284 1048 1324 τὸν
1076 1283 1225 1336 πατέρα
1254 1279 1277 1333 ἢ
1309 1283 1431 1337 τούτῳ
1463 1283 1511 1322 τὰ

185 1352 311 1392 δίκαια
335 1353 512 1402 ποιῆσαι.
575 1351 682 1392 ἀλλὰ
706 1351 753 1403 νὴ
782 1352 873 1398 Δία,
899 1353 998 1393 ἴσως
1023 1351 1071 1391 ἂν
1095 1353 1212 1396 εἴποι,
1240 1351 1451 1402 κερδαίνων
1474 1366 1510 1390 τι

185 1419 262 1473 ἰδίᾳ
284 1418 307 1459 ὁ
330 1418 460 1471 πατὴρ
483 1418 560 1460 ἀπὸ
584 1422 654 1459 τοῦ
679 1420 862 1471 ἀργυρίου
897 1420 1030 1473 ἐκείνῳ
1065 1421 1220 1469 μᾶλλον
1253 1418 1511 1469 προσετίθετο

127 1503 165 1525 20
184 1485 254 1536 τὴν
286 1486 446 1538 γνώμην
469 1482 494 1537 ἢ
518 1486 655 1541 τούτῳ.
729 1486 814 1527 εἶτα
845 1489 1001 1538 πρῶτον
1033 1488 1107 1537 μὲν
1137 1489 1208 1525 τὸν
1243 1485 1512 1535 δυνησόμενον

185 1551 399 1594 διπλάσιον
446 1556 514 1593 τοῦ
560 1552 766 1605 λήμματος
815 1552 934 1593 κακὸν
979 1555 1145 1603 ποιῆσαι
1191 1551 1328 1602 ἠδίκει,
1378 1551 1513 1591 ἔπειτα

184 1621 352 1661 ἐνταῦθα
391 1622 463 1672 μὲν
504 1620 790 1673 αἰσχροκερδὴς
832 1619 892 1670 ἦν,
934 1621 988 1662 εἰς
1029 1622 1073 1660 δὲ
1110 1619 1178 1661 τὰς
1217 1619 1412 1670 εἰσφορὰς
1450 1618 1512 1658 καὶ

182 1688 419 1744 λῃτουργίας
456 1688 517 1728 καὶ
554 1686 701 1739 δωρεὰς
737 1693 783 1744 τῇ
813 1688 931 1728 πόλει
966 1688 1028 1733 οὕ;
1068 1687 1130 1726 καὶ
1166 1690 1244 1726 τῶν
1279 1687 1352 1737 μὲν
1388 1684 1512 1736 ξένων

183 1754 324 1796 οὐδένα
354 1754 492 1805 ἠδίκει,
526 1753 767 1795 Κάλλιππον
800 1754 861 1801 δέ,·
901 1755 963 1794 καὶ
996 1754 1120 1799 οὗτος,
1157 1753 1207 1794 ὡς
1243 1756 1405 1807 χρηστῷ
1440 1754 1512 1803 μὲν

126 1834 163 1865 25
184 1821 286 1877 αὐτῷ
311 1823 395 1863 ὄντι
420 1822 482 1862 καὶ
505 1821 619 1862 οὐδὲν
643 1820 692 1863 ἂν
714 1821 957 1876 ψευσαμένῳ
983 1823 1100 1873 ὅρκον
1127 1822 1265 1865 ἐδίδου,
1294 1820 1344 1861 ὥς
1370 1825 1509 1872 φησιν,

185 1889 236 1931 ὦς
260 1889 350 1942 περὶ
373 1892 545 1941 πονηροῦ
570 1891 612 1930 δὲ
641 1889 704 1930 καὶ
733 1889 1030 1940 ἀπαλείφοντος
1063 1887 1141 1929 ἀπὸ
1173 1891 1251 1927 τῶν
1285 1903 1508 1939 παρακατα-

185 1958 312 2007 θηκῶν
349 1957 434 1997 νυνὶ
469 1956 714 2009 διαλέγεται,·
753 1957 930 1997 κάκεῖνος
968 1955 1048 1996 οὔτ’
1084 1955 1232 2007 ὀμόσαι
1266 1953 1421 1999 ’θέλων,
1461 1953 1511 1994 ὡς

183 2022 299 2066 οὗτός
337 2029 478 2077 φησιν,
517 2023 596 2064 οὔτ’
633 2023 841 2065 ἀποδιδοὺς
885 2022 953 2063 οὐκ
992 2022 1103 2065 εὐθὺς
1143 2022 1190 2063 ἂν
1228 2020 1425 2074 ὠφλήκει,·
1462 2020 1515 2075 τῷ

233 2143 246 2163 1
266 2133 369 2174 ἔγωγε
384 2132 449 2172 FQ
463 2133 492 2163 D
582 2143 602 2163 2
618 2134 744 2165 τουτονὶ
758 2133 782 2164 S
795 2133 838 2163 D:
857 2135 973 2165 τοῦτον
983 2133 1075 2172 vulg.
1090 2133 1153 2173 (tea)
1165 2134 1278 2163 τοῦτον
1290 2130 1329 2171 Ρ)
1421 2140 1440 2168 4
1457 2128 1511 2161 πό-

185 2177 292 2218 τερον]
311 2176 462 2219 πρότερον
479 2177 503 2207 S
636 2187 657 2216 9
679 2177 739 2217 μὲν
754 2187 818 2208 om.
840 2176 890 2215 S¹,
910 2177 986 2207 add.
1005 2186 1030 2207 S.
1044 2187 1073 2206 v.
1095 2177 1167 2206 ead.
1187 2185 1229 2206 m.
1380 2184 1418 2213 13
1441 2175 1509 2205 τοδὶ

186 2220 364 2262 σκέψασθε]
382 2222 420 2253 τὸ
437 2219 668 2261 διασκέψασθαι
686 2219 724 2251 S¹
870 2230 907 2258 14
932 2220 1079 2261 ὑμέτερος
1098 2220 1195 2249 Blass
1211 2230 1218 2249 :
1243 2217 1393 2258 ἡμέτερος
1409 2217 1508 2247 codd.

190 2265 229 2294 16
251 2264 445 2305 προσθέσθαι
461 2264 558 2295 codd.
575 2275 582 2294 τ
606 2264 799 2305 προελέσθαι
817 2264 1032 2294 Herwerden
1198 2262 1302 2300 18—19
1326 2275 1357 2292 τι
1375 2260 1451 2302 ἰδίᾳ]
1469 2261 1509 2291 τὰ

187 2309 249 2339 ιδια
265 2309 313 2339 ὅτι
331 2307 354 2338 S
447 2318 486 2347 19
503 2308 611 2348 ἐκείνῳ
629 2307 755 2338 Reiske
774 2319 780 2338 :
805 2309 852 2339 διὸ
870 2308 978 2348 ἐκείνῳ
996 2307 1105 2345 codd.,
1118 2317 1184 2346 quo
1198 2310 1332 2336 servato
1344 2305 1511 2344 κερδαίνων

186 2360 288 2390 supra
304 2351 336 2381 in
349 2350 506 2392 ἐκέρδαινε
523 2356 628 2382 mutat
644 2350 836 2382 Felicianus
958 2360 999 2389 25
1022 2350 1209 2391 ψευσαμένῳ
1226 2349 1335 2387 codd.,
1347 2347 1418 2388 <ἆιι>
1433 2346 1508 2376 add.

186 2393 302 2424 Wolf:
326 2393 510 2436 ψευσαμένῳ
523 2394 620 2425 Turr.
711 2396 752 2427 ὥς
764 2402 864 2435 φησιν
879 2399 959 2425 ante
971 2397 1011 2426 ὡς
1023 2394 1158 2435 χρήστῳ
1170 2393 1266 2423 codd.
1284 2403 1290 2422 z
1315 2396 1391 2430 post
1409 2391 1511 2420 ἐδίδου

186 2442 314 2477 transp.
328 2437 485 2469 Gebauer
495 2438 567 2470 coll.
585 2441 622 2476 §§
639 2447 687 2477 15,
705 2449 740 2477 17
756 2448 764 2476 ;
789 2439 829 2468 cs.
843 2438 986 2478 Antiph.
999 2448 1019 2468 v
1030 2448 1071 2475 44
1187 2437 1229 2465 26
1253 2436 1469 2475 ἀπαλίφοντος
1488 2432 1512 2462 S

1529 100 1668 159 [1242]

1530 426 1574 459 24

1530 938 1670 994 [1243]

1532 1025 1574 1061 25

1532 1358 1577 1392 26

1533 1698 1576 1731 27
