1746 2774
89 128 231 185 [1480]
676 130 1163 169 ΔΙΙΜΟΣΘΕΝΟΎΣ

253 230 298 271 τὸ
326 229 476 283 ὄφλημ’
512 231 812 271 ἐπιστείλαντος
848 228 1134 280 Ἀλεξάνδρου;
1175 229 1236 268 καὶ
1269 228 1394 269 πάλιν
1422 231 1581 279 Μνησι-

252 299 389 352 βούλῳ
419 301 471 351 τῷ
498 297 690 350 Ἀχαρνεῖ
720 298 871 337 ἁλῶναι
893 298 966 348 μὲν
997 296 1142 347 ὁμοίως
1181 297 1442 348 καταγνόντος
1468 295 1584 335 αὐτοῦ

252 368 322 405 τοῦ
351 364 603 415 δικαστηρίου
640 365 774 416 ὥσπερ
812 364 873 403 καὶ
910 367 988 404 τῶν
1020 363 1248 415 Λυκούργου
1276 364 1440 409 παίδων,
1467 363 1581 415 ἀφεῖ-

187 445 231 480 25
254 434 351 472 σθαι
371 433 416 472 δὲ
453 435 581 472 καλῶς
617 433 811 476 ποιοῦντι;
851 430 960 480 ἄξιος
991 431 1066 483 γὰρ
1097 429 1208 482 ἁνήρ.
1280 430 1342 469 καὶ
1368 430 1495 471 οὐδεὶς
1516 429 1582 470 ἐπὶ

253 499 405 540 τούτοις
432 498 522 539 τοὺς
559 499 701 548 νόμους
737 498 814 549 ἔφη
855 497 1121 537 καταλύεσθαι
1159 501 1239 537 τῶν
1272 499 1342 538 νῦν
1378 496 1582 548 βοώντων.
1604 516 1620 547 5

255 566 428 607 εἰκότως·
458 565 550 606 οὐδὲ
572 567 649 618 γὰρ
674 564 924 610 κατελύοντο,
953 566 1062 617 εἴπερ
1098 563 1269 605 ἅπαντες
1303 565 1339 603 οἱ
1370 564 1484 613 νόμοι
1505 566 1584 603 τῶν

255 634 414 673 δικαίων
441 634 573 673 εἵνεκα
595 631 658 672 καὶ
685 633 883 684 σωτηρίας
907 635 984 671 τῶν
1004 635 1192 684 χρηστῶν
1213 631 1430 683 ἀνθρώπων
1455 630 1581 670 τίθεν-

254 716 332 746 ται,
358 700 422 740 καὶ
445 699 536 751 μήτ’
568 699 717 741 ἀϊδίους
748 702 830 740 τοῖς
864 697 1094 750 ἀτυχήσασι
1122 697 1357 739 καθιστάναι
1390 699 1460 738 τὰς
1486 714 1583 748 συμ-

190 776 234 810 26
254 769 381 820 φορὰς
415 766 624 819 συμφέρει,
649 765 739 818 μήτ’
765 767 1006 819 ἀχαρίστους
1036 767 1155 808 ὄντας
1178 767 1409 819 φαίνεσθαι.
1479 765 1586 805 ἀλλὰ

253 835 330 886 μὴν
357 835 395 876 εἴ
414 851 460 888 γε
478 833 587 874 ταῦθ’
610 835 746 880 οὕτως,
767 835 902 886 ὥσπερ
925 832 973 873 ἂν
1000 831 1215 885 φήσαιμεν,
1241 834 1351 887 ἔχειν
1375 831 1584 885 συμφέρει,
1609 852 1648 874 10

256 902 300 941 οὐ
328 902 452 953 μόνον
475 901 566 944 τοὺς
599 903 743 951 νόμους
772 901 819 942 οὐ
851 901 1074 947 κατελύετε,
1102 900 1202 951 ἡνίκ’
1238 901 1408 942 ἐκείνους
1431 900 1585 951 ἀφίετε,

255 968 361 1009 ἀλλὰ
389 969 451 1008 καὶ
476 969 565 1011 τοὺς
590 968 810 1020 λογισμοὺς
836 966 998 1023 ἐσῴζετε
1027 973 1108 1009 τῶν
1129 968 1220 1010 τοὺς
1245 968 1387 1019 νόμους
1414 966 1587 1018 θεμένων

256 1036 485 1088 ἀνθρώπων,
514 1035 681 1089 Λάχητα
704 1039 776 1087 μὲν
807 1035 903 1088 πρὸς
933 1035 1053 1088 χάριν
1085 1035 1292 1086 δεηθέντος
1322 1033 1588 1087 Ἀλεξάνδρου

257 1103 439 1156 ἀφέντες,
460 1104 752 1154 Μνησίβουλον
771 1106 810 1143 δὲ
836 1109 882 1160 τῇ
898 1106 968 1143 τοῦ
990 1104 1084 1155 βίου
1104 1103 1349 1159 σωφροσύνῃ
1367 1099 1585 1156 σῴσαντες.

192 1186 235 1220 27
255 1169 309 1222 μὴ
333 1172 464 1211 τοίνυν
488 1170 532 1209 τὸ
559 1169 786 1220 κτήσασθαί
807 1170 881 1210 τιν’
909 1169 1056 1220 ἔξωθεν
1078 1170 1220 1222 φιλίαν
1252 1168 1587 1220 λυσιτελέστερον
1611 1184 1646 1215 ¹5

102 1240 234 1296 [1481]
257 1236 422 1278 δείκνυτ’
443 1234 469 1289 ἢ
493 1237 536 1278 τὸ
562 1241 614 1292 τῷ
641 1236 747 1291 δήμῳ
774 1236 1121 1288 παρακαταθέσθαι
1146 1237 1298 1282 ἑαυτόν,
1318 1238 1416 1287 μηδὲ
1441 1235 1485 1275 τὸ
1509 1236 1588 1275 τὼν

257 1305 445 1358 ἀγνώτων
471 1304 570 1345 εῖναι
593 1308 766 1356 κρεῖττον
793 1301 814 1354 ἢ
841 1308 924 1344 τοῖς
947 1307 1116 1346 πολλοῖς
1137 1304 1229 1354 ὑμῖν
1254 1305 1302 1343 τέι
1331 1301 1588 1354 συμφέροντα

257 1373 565 1422 πολιτευόμενον
589 1372 900 1424 γιγνώσκεσθαι.
974 1370 1016 1410 τὸ
1049 1372 1120 1421 μὲν
1145 1370 1221 1422 γὰρ
1251 1373 1375 1410 πᾶσιν
1404 1369 1588 1422 ἀρέσκειν

257 1439 326 1480 τὸν
351 1439 679 1491 συμβουλεύοντα
700 1439 762 1478 καὶ
785 1438 834 1478 τὰ
854 1439 965 1478 κοινὰ
986 1436 1195 1488 πράττοντ’
1217 1437 1424 1478 ἀδύνατον·
1460 1437 1531 1477 ἐὰν
1557 1436 1588 1477 δ’

259 1506 318 1547 ἐπ’
339 1506 469 1561 εὐνοίᾳ
493 1507 616 1546 ταύτὰ
639 1510 692 1560 τῷ
720 1506 826 1560 δήμῳ
841 1522 901 1548 τις
916 1510 1060 1561 φρονῇ,
1081 1505 1229 1546 δίκαιός
1249 1505 1361 1545 ἐστιν
1380 1501 1588 1559 σῴζεσθαι.
1613 1521 1650 1542 20

259 1575 292 1614 εἰ
317 1576 358 1614 δὲ
381 1572 446 1624 μή,
475 1574 536 1613 καὶ
562 1573 791 1625 θεραπεύειν
815 1572 970 1624 ἑτέρους
991 1574 1150 1624 μᾶλλον
1176 1568 1198 1621 ἦ
1222 1571 1292 1612 τὸν
1316 1574 1438 1622 δῆμον
1462 1570 1587 1611 ἅπαν-

256 1658 327 1683 τας
352 1639 540 1691 διδάξετε,
558 1642 621 1681 καὶ
642 1640 805 1693 φεύγειν
821 1639 866 1680 τὸ
884 1643 964 1680 τῶν
981 1640 1074 1691 ὑμῖν
1095 1639 1382 1692 συμφερόντων
1401 1637 1590 1679 ποιοῦντά

196 1715 239 1749 28
259 1724 296 1749 τι
334 1710 573 1761 γνωσθῆναι.
645 1709 748 1749 ὅλως
787 1710 828 1748 δὲ
871 1708 1003 1748 κοινόν
1040 1708 1155 1748 ἐστιν
1195 1708 1347 1748 ὄνειδος
1386 1704 1587 1751 ἁπάντων,

259 1774 398 1827 ἄνδρες
420 1774 634 1826 Ἀθηναῖοι,
658 1775 718 1815 καὶ
738 1776 835 1825 ὅλης
853 1777 924 1825 τῆς
942 1775 1098 1816 πόλεως
1118 1773 1319 1826 συμφορά,
1347 1773 1414 1813 τὸν
1436 1772 1589 1825 φθόνον

260 1844 388 1883 δοκεῖν
403 1844 536 1893 μεῖζον
553 1843 708 1896 ἰσχύειν
724 1841 814 1895 παρ’
830 1843 920 1893 ὑμῖν
936 1839 960 1892 ἢ
976 1841 1046 1882 τὰς
1062 1845 1140 1881 τῶν
1155 1840 1391 1893 εὐεργεσιῶν
1410 1839 1587 1893 χάριτας,
1611 1861 1649 1891 ²5

303 1963 368 1993 2—3
390 1953 492 1984 verba
509 1954 628 1993 ὁμοίως.
653 1954 714 1991 καὶ,
735 1951 919 1993 Λυκούργου
937 1963 1001 1983 om.
1017 1951 1098 1991 Pap.
1268 1963 1287 1990 4
1311 1953 1453 1983 ποιοῦντι
1469 1949 1589 1981 codd.:

260 2000 358 2029 ποιῶν
374 1996 457 2037 Pap.
583 1997 660 2037 ἁνήρ
679 1997 838 2027 Bekker:
862 1997 940 2037 ἀνήρ
957 1997 1052 2027 codd.
1072 2005 1164 2035 gsme
1182 1995 1303 2034 spiritu
1322 1994 1360 2034 S)
1489 1993 1589 2025 οὐδεὶς

261 2041 343 2080 Pap.
377 2040 569 2079 (Sauppe):
608 2042 708 2073 οὐδεὶς
739 2042 778 2072 ἂν
810 2041 907 2070 codd.
1110 2048 1128 2077 5
1156 2038 1217 2080 ἔφη
1255 2039 1331 2072 τοὺς
1362 2037 1476 2077 νόμους
1507 2035 1589 2076 Pap.

259 2086 280 2115 6
304 2084 374 2116 οὐδὲ
393 2084 477 2126 Ργρ.
493 2084 522 2122 Q
535 2097 589 2125 γρ.
608 2084 708 2123 Pap.:
733 2086 767 2115 οὐ
785 2082 809 2114 S
821 2083 845 2113 F
861 2083 891 2121 Q
939 2093 955 2121 7
981 2084 1086 2115 εἵνεκα
1102 2081 1181 2121 Pap.
1203 2081 1332 2122 (Blass)
1348 2092 1356 2112 ε
1381 2081 1473 2113 ἕνεκα
1489 2079 1586 2110 codd.

259 2130 414 2169 χρηστῶν
430 2129 525 2158 codd.
543 2138 550 2157 :
574 2131 683 2158 καλῶν
700 2127 780 2166 Pap.
799 2137 842 2157 ex
859 2127 1050 2166 sequiorum
1068 2135 1131 2156 usu
1248 2126 1387 2156 τίθενται
1406 2124 1430 2154 S
1445 2124 1471 2154 F
1483 2122 1564 2162 Pap.
1581 2134 1589 2154 :

259 2172 421 2203 κείσονται
439 2171 522 2211 Ργρ.
537 2170 566 2208 Q
624 2172 644 2201 8
667 2170 799 2211 ἀϊδίους]
819 2171 868 2202 διὰ.
885 2171 959 2202 τοὺς
979 2169 1057 2209 Pap.
1121 2179 1142 2208 9
1167 2167 1336 2209 συνφέρειν
1352 2167 1435 2207 Pap.
1499 2176 1538 2197 10
1563 2168 1593 2198 εἴ

259 2228 298 2255 ’γε
315 2215 412 2245 codd.
429 2226 436 2245 :
461 2216 487 2246 εἰ
504 2213 584 2253 Pap.
642 2213 793 2255 συμφέρει
811 2213 910 2244 codd.
925 2223 932 2243 :
957 2213 1110 2254 προσήκει
1122 2211 1201 2252 Pap.
1297 2221 1331 2241 11
1356 2211 1454 2250 μόνον
1467 2210 1564 2241 codd.
1580 2220 1588 2240 :

259 2258 358 2298 μόνον
372 2257 449 2290 τότε
467 2257 546 2296 Pap.
602 2258 713 2298 ἀφίετε
731 2257 830 2296 Pap.:
855 2257 967 2296 ἠφίετε
984 2257 1082 2288 codd.
1177 2265 1216 2285 12
1241 2255 1417 2294 λογισμοὺς
1435 2253 1585 2290 Nitsche‚

260 2301 335 2332 coll.
356 2301 438 2332 Plat.
456 2301 559 2340 Legg.
572 2302 636 2339 644
649 2310 672 2330 D
687 2311 694 2331 :
717 2301 806 2337 βίους
822 2300 918 2331 codd.
934 2299 1015 2339 Pap.
1076 2308 1115 2338 13
1140 2298 1379 2339 Ἀλεξᾶνδρουε
1393 2297 1522 2328 Blassio
1535 2306 1587 2327 se-

261 2345 400 2383 clusum,
420 2344 520 2374 habet
538 2344 616 2383 Pap.
731 2354 769 2382 14
794 2343 842 2383 δὲ]
860 2343 920 2383 μὲν
938 2343 961 2374 S
974 2342 996 2383 ¹,
1014 2353 1102 2375 corr.
1121 2343 1194 2373 ead.
1211 2351 1254 2372 m.
1378 2350 1415 2379 15
1431 2339 1492 2372 τιν’
1506 2340 1585 2379 Pap.

263 2388 414 2428 (Blass):
438 2390 498 2426 τὴν
511 2388 609 2418 codd.
670 2388 709 2417 16
733 2387 847 2418 ἑαυτόν
863 2387 983 2417 codd.:
1008 2386 1110 2418 ἀστόν
1127 2386 1207 2425 Pap.
1270 2386 1308 2415 18
1332 2382 1588 2423 πολιτευομένων

264 2431 345 2471 Pap.
404 2441 443 2471 19
465 2433 505 2462 ἂν
522 2431 604 2470 Pap.
662 2441 704 2461 20
727 2431 848 2462 δίκαιον
865 2429 943 2469 Pap.
1005 2440 1047 2459 22
1070 2444 1101 2462 τι
1118 2432 1269 2461 ποιοῦντα
1286 2428 1365 2468 Pap.
1420 2438 1461 2465 24
1479 2429 1587 2468 ἄνδρες

263 2475 286 2505 S
301 2475 324 2505 F
345 2475 423 2515 Pap.
441 2486 449 2506 ε
472 2474 495 2506 ὦ
512 2475 542 2505 ἄ.
561 2474 647 2513 vulg.
703 2474 856 2515 συμφοραί
873 2473 957 2513 Pap.
1026 2483 1066 2512 25
1090 2472 1198 2513 μεῖζον
1216 2472 1336 2503 codd.:
1359 2474 1488 2512 μᾶλλον
1505 2471 1585 2509 Pap.
