1763 2778
173 140 302 196 [1412]
723 138 1243 196 [ΔΗΜΟΣΘΕΝΟΎΣ]
1579 138 1655 193 [m

327 242 556 294 ἀποβάντος
582 242 740 284 πλεῖστ’
765 241 813 282 ἂν
834 244 1102 293 κατορθοῖμεν,
1126 241 1412 293 διαφθαρέντος
1432 244 1473 282 δὲ
1498 241 1654 293 μέγιστ’

325 310 373 350 ἶιν
397 311 676 363 βλαπτοίμεθα
704 311 809 360 παρὰ
839 308 907 349 τὸν
936 309 1045 359 βίον·
1083 308 1127 348 οὐ
1160 310 1235 360 γὰρ
1262 307 1409 359 ἄδηλον
1435 309 1494 348 ὅτι
1519 309 1657 348 τούτου

327 377 390 418 καὶ
423 376 585 428 μάλιστ’
623 376 852 427 ἐπιμέλειαν
887 375 1086 426 ποιητέον,
1128 374 1148 415 ὃ
1185 376 1382 428 μεγίστην
1421 374 1548 428 ῥοπὴν
1589 374 1656 427 ἐφ’

262 457 304 492 37
326 443 510 495 ἑκάτερον
545 443 780 495 ἐργάζεσθαι
812 442 1003 495 πέφυκεν.
1072 446 1149 482 τῶν
1179 444 1252 493 μὲν
1274 444 1406 483 τοίνυν
1440 443 1482 482 ἐν
1506 442 1654 495 ἀνθρώ-

327 528 414 552 ποις
440 509 615 551 διάνοιαν
641 509 826 550 ἁπάντων
851 508 1070 561 εὑρήσομεν
1094 509 1427 561 ἡγεμονεύουσαν,
1447 509 1591 559 ταύτην
1617 511 1657 550 δὲ

327 578 577 630 φιλοσοφίαν
609 577 733 628 μόνην
766 577 978 617 παιδεῦσαί
1006 575 1039 616 τ’
1075 577 1198 628 ὀρθῶς
1223 575 1288 617 καὶ
1318 575 1517 629 γυμνάσαι
1540 579 1654 617 δυνα-

325 644 460 695 μένην.
530 644 575 694 ἣς
608 646 740 695 οἴομαι
772 661 820 684 σε
858 646 939 684 δεῖν
975 646 1204 696 μετασχεῖν,
1240 644 1302 684 καὶ
1334 642 1386 694 μὴ
1417 645 1658 694 κατοκνῆσαι

324 713 421 763 μηδὲ
442 715 584 763 φυγεῖν
602 713 672 753 τὰς
692 711 859 754 ἐνούσας
884 712 927 751 ἐν
946 710 1042 767 αὐτῇ
1067 710 1349 763 πραγματείας,
1370 710 1658 761 ἐνθυμούμενον

326 780 387 819 ὅτι
416 780 478 819 διὰ
509 780 581 829 μὲν
611 779 748 830 ἀργίας
775 779 836 819 καὶ
861 777 1050 831 ῥᾳθυμίας
1076 778 1139 818 καὶ
1163 776 1210 817 τὰ
1236 780 1441 820 παντελῶς
1464 778 1657 827 ἐπιπολῆς

326 845 557 898 δυσχείρωτ’
584 847 682 896 ἐστι’,
711 847 773 885 διῖι
799 847 840 885 δὲ
867 845 1071 896 καρτερίας
1091 844 1154 884 καὶ
1179 844 1418 896 φιλοπονίας
1442 843 1554 884 οὐδὲν
1578 847 1657 884 τῶν

259 921 307 966 38
328 913 451 952 ὄντων
476 913 634 965 ἀγαθῶν
659 911 866 953 ἀνάλωτον
890 911 1080 964 πέφυκεν,
1107 911 1170 951 καὶ
1195 911 1293 952 διότι
1318 910 1475 952 πάντων
1501 911 1654 963 ἀλογώ-

327 979 446 1019 τατόν
470 980 558 1019 ἐστι
583 978 678 1031 πρὸς
702 981 776 1030 μὲν
799 977 1078 1032 χρηματισμὸν
1103 978 1165 1018 καὶ
1187 979 1322 1030 ῥώμην
1341 977 1405 1018 καὶ
1428 979 1477 1018 τὰ
1501 981 1659 1018 τοιαῦτα

329 1047 548 1099 φιλοτίμως
573 1045 681 1099 ἔχειν
708 1045 770 1086 καὶ
795 1045 949 1087 πολλὰς
977 1044 1188 1096 ὑπομένειν
1209 1046 1461 1092 κακοπαθίας,
1480 1045 1506 1086 δι
1529 1044 1659 1086 πάντα

329 1111 437 1164 θνήτ’
463 1113 574 1154 ἐστὶν
600 1112 663 1153 καὶ
687 1118 734 1170 τῇ
759 1113 912 1167 διανοίᾳ
937 1111 1138 1153 δουλεύειν
1165 1114 1312 1159 εἴωθεν,
1337 1111 1410 1162 τὴν
1435 1111 1468 1152 δ’
1492 1113 1656 1152 ἐπιστα-

328 1183 477 1221 τοῦσαν
508 1182 580 1231 μὲν
617 1184 695 1220 τῶν
728 1179 876 1226 ἄλλων,
909 1183 1248 1220 συνδιατελοῦσαν
1285 1181 1327 1220 δὲ
1361 1183 1445 1222 τοῖς
1479 1179 1656 1232 ἔχουσιν,

174 1251 305 1307 [1413]
328 1248 423 1288 ὅλου
453 1246 487 1287 δ’
511 1247 829 1300 ἡγεμονεύουσαν
853 1250 922 1287 τοῦ
944 1247 1038 1298 βίου
1060 1246 1111 1298 μὴ
1142 1247 1266 1297 ζητεῖν
1289 1247 1396 1289 ὅπως
1418 1247 1659 1287 διακείσεται

263 1331 307 1366 39
327 1313 506 1365 βέλτιον.
577 1316 701 1354 καίτοι
739 1314 860 1355 καλὸν
891 1316 964 1365 μὲν
990 1313 1053 1354 καὶ
1083 1315 1146 1354 διὰ
1178 1314 1301 1367 τύχην
1338 1315 1381 1354 ἐν
1416 1317 1498 1356 τοῖς
1534 1330 1656 1354 σπου-

327 1380 546 1424 δαιοτάτοις
571 1380 848 1432 θαυμάζεσθαι,
874 1380 976 1422 πολὺ
1003 1383 1044 1422 δὲ
1070 1379 1234 1421 κάλλιον
1254 1380 1316 1422 διὰ
1338 1379 1410 1431 τὴν
1430 1380 1658 1432 ἐπιμέλειαν

326 1447 397 1499 τὴν
422 1449 539 1488 αὑτοῦ
562 1448 729 1500 μηδενὸς
753 1452 831 1489 τῶν
857 1447 1026 1499 ἐνδόξων
1051 1447 1215 1501 ἄμοιρον
1246 1447 1448 1501 γενέσθαι·
1485 1450 1554 1498 τῆς
1582 1450 1656 1499 μὲν

326 1516 401 1567 γὰρ
432 1516 556 1556 ἐνίοτε
591 1516 652 1555 καὶ
681 1519 763 1558 τοῖς
794 1516 962 1568 φαύλοις
994 1519 1212 1569 μετασχεῖν
1245 1515 1411 1566 συνέβη,
1437 1517 1504 1565 τῆς
1530 1514 1563 1555 δ’
1587 1514 1656 1555 οὐκ

327 1582 438 1623 ἔστιν
464 1582 602 1624 ἄλλοις
627 1583 816 1634 μετουσία
833 1582 938 1632 πλὴν
954 1586 1036 1624 τοῖς
1062 1583 1104 1622 ἐν
1125 1582 1368 1636 ἀνδραγαθίᾳ
1383 1581 1652 1634 διαφέρουσιν.

263 1666 309 1698 4ο
328 1649 435 1689 ἀλλὰ
475 1648 552 1700 μὴν
593 1650 685 1702 περί
719 1667 764 1701 γε
804 1651 872 1699 τῆς
908 1649 1154 1701 φιλοσοφίας
1192 1650 1366 1702 ἀκριβῶς
1401 1651 1473 1700 μὲν
1509 1649 1657 1689 ἕκαστα

327 1718 500 1756 διελθεῖν
524 1716 692 1768 ἡγοῦμαι
717 1715 785 1756 τὸν
809 1715 1011 1767 μέλλοντα
1036 1716 1182 1770 χρόνον
1206 1716 1299 1767 ἡμῖν
1324 1714 1654 1768 ἐπιτηδειοτέρους

329 1782 483 1835 καιροὺς
519 1783 783 1834 παραδώσειν·
838 1783 1042 1833 συντόμως
1078 1782 1111 1822 δ’
1152 1784 1275 1824 εἰπεῖν
1316 1783 1405 1824 οὐδὲ
1441 1786 1509 1824 νῦν
1545 1782 1656 1823 οὐδὲν

330 1849 499 1890 κωλύσει
531 1851 619 1902 περὶ
652 1850 782 1901 αὐτῆς.
854 1849 896 1890 ἓν
928 1850 994 1890 οὖν
1024 1853 1181 1901 πρῶτον
1208 1850 1338 1890 ἐκεῖνό
1366 1867 1415 1890 σε
1446 1853 1508 1890 δεῖ
1537 1866 1652 1889 κατα-

328 1919 467 1968 μαθεῖν
503 1917 689 1969 ἀκριβῶς,
727 1917 787 1956 ὅτι
823 1919 934 1957 πᾶσα
965 1918 1038 1967 μὲν
1071 1916 1226 1957 παιδεία
1260 1916 1307 1958 δι’
1341 1915 1560 1967 ἐπιστήμης
1593 1915 1656 1957 καὶ

328 1982 495 2034 μελέτης
519 1983 626 2026 τινὸς
652 1983 908 2034 συνέστηκεν,
935 1983 957 2034 ἡ
984 1986 1025 2024 δὲ
1050 1985 1279 2036 φιλοσοφία
1303 1984 1366 2024 καὶ
1389 1987 1546 2035 μᾶλλον
1577 1987 1656 2024 τῶν

329 2050 478 2091 ἄλλων·
527 2051 609 2105 ὅσῳ
651 2050 729 2103 γὰρ
776 2049 1095 2102 φρονιμωτέρους
1143 2050 1227 2104 ἔχει
1274 2051 1364 2093 τοὺς
1412 2052 1652 2103 ἐφεστῶτας,

265 2129 306 2163 41
330 2118 505 2171 τοσούτῳ
549 2117 713 2157 κάλλιον
749 2117 869 2168 αὐτὴν
912 2120 1147 2170 συγκεῖσθαι
1183 2117 1388 2170 προσήκει.
1459 2118 1583 2158 καίτοι
1617 2118 1658 2158 τί

377 2236 396 2256 2
419 2225 631 2265 βλαπτόμεθα
649 2225 685 2256 S¹
817 2237 837 2264 4
863 2225 1012 2266 ἑκάτερον
1031 2226 1179 2256 Reiske:
1204 2227 1360 2268 ἑκατέρων
1377 2226 1471 2257 codd.
1564 2224 1654 2266 ἐργά-

331 2268 438 2309 ζεσθαι
454 2269 542 2309 vulg.
564 2280 570 2299 :
597 2271 697 2310 ἐνεργ.
718 2268 784 2308 SQ
799 2279 814 2298 r
881 2273 946 2301 τῶν
965 2270 994 2299 D
1015 2269 1179 2311 (Sauppe)
1199 2280 1206 2300 ε
1229 2271 1290 2308 τὴν
1305 2276 1382 2302 cett.
1473 2279 1492 2308 5
1517 2269 1655 2302 διάνοιαν

329 2322 394 2343 om.
416 2313 439 2344 S
571 2323 592 2352 9
616 2315 770 2353 ἐπιπολῆς
786 2323 848 2344 om.
871 2313 894 2343 S
1017 2323 1053 2351 13
1078 2315 1268 2346 κακοπαθίας
1285 2314 1322 2352 S,
1336 2314 1377 2345 cs.
1392 2313 1652 2344 Crbnert-Mem.

330 2356 435 2387 Herc.
469 2366 500 2395 p.
533 2366 596 2394 32:
619 2358 828 2389 κακοπαθείας
858 2357 945 2394 vulg.
1082 2367 1119 2395 14
1145 2362 1220 2396 post
1251 2359 1350 2396 θνητὰ
1382 2358 1456 2388 add.
1488 2370 1525 2388 τε
1557 2356 1654 2386 Blass

333 2409 370 2438 17
398 2400 448 2431 διὰ
477 2399 500 2430 S
531 2399 645 2438 vulg.:
675 2401 759 2440 παρὰ
787 2399 885 2440 Ωγρ.
916 2404 1012 2430 recte
1040 2400 1128 2439 fort.‚
1155 2401 1216 2431 sed
1242 2401 1283 2432 cf.
1311 2404 1325 2439 ξ
1352 2411 1383 2440 9,
1411 2401 1514 2431 Isocr.
1541 2399 1586 2429 xii
1611 2409 1653 2438 32

331 2453 368 2472 21
397 2444 445 2483 ἐν]
464 2445 514 2474 ἐπ’
532 2443 561 2472 D
576 2443 711 2483 (Wolfw,
731 2444 792 2473 sed
810 2443 850 2474 cf.
869 2443 902 2472 lx
923 2452 971 2483 14,
991 2444 1140 2475 Prooem.
1159 2445 1240 2475 xxiv
1345 2445 1386 2474 28
1402 2442 1653 2485 φρονιμωτέρους

330 2486 409 2527 Γγρ.
424 2487 454 2525 Q
465 2500 516 2528 γρ.
532 2486 561 2516 Y
573 2499 623 2527 γρ.
640 2497 647 2516 :
672 2486 919 2527 ἀκριβεστέρους
937 2486 960 2517 S
973 2487 1060 2525 vulg.

1678 859 1718 882 10

1680 1194 1718 1226 15

1678 1531 1718 1553 20

1676 1865 1716 1896 25
