1746 2774
121 847 160 869 10

119 1518 158 1540 20

633 125 962 162 EHIETOAH
1001 128 1062 163 III

182 222 426 276 καταφυγήν,
455 222 805 276 ἀγνωμονέστερον
839 224 1054 274 φαίνεσθαι
1084 223 1300 268 Φιλίππου,
1329 222 1369 263 ὃς
1395 223 1503 262 ἀνου-

181 290 340 341 θέτητος
367 289 616 337 ὢν-εἰκότως,
643 291 805 342 τραφείς
830 289 867 342 γ’
891 291 934 330 ἐν
959 288 1136 344 ἐξουσίᾳ,
1163 290 1266 340 ὅμως
1293 288 1385 344 ᾤετο
1412 292 1504 336 δεῖν,

178 357 280 409 ἡνίκ’
322 357 547 410 ηὐτύχησεν
586 356 777 409 μάλιστα,
827 356 906 396 τότ’
946 357 1280 408 ἀνθρωπινώτατα
1325 355 1508 407 πράττων

181 425 409 478 φαίνεσθαι,
448 424 511 465 καὶ
546 424 635 466 τοὺς
672 422 1031 477 παραταξαμένους,
1069 423 1166 475 πρὸς
1204 423 1270 465 οὓς
1306 423 1394 475 περὶ
1431 427 1508 463 τῶν

179 492 286 532 ὅλων
323 492 645 537 διεκινδύνευσεν,
685 493 751 532 οὐκ
795 492 1018 541 ἐτόλμησεν
1056 493 1174 541 δῆσαι
1211 494 1254 530 τὸ
1291 491 1408 531 τίνων
1445 490 1507 530 καὶ

179 560 281 599 τίνες
312 560 415 599 εἰσὶν
451 558 655 609 ἐξετάσας·
693 558 737 598 οὐ
769 560 844 610 γὰρ
877 558 928 599 ὡς
966 558 1090 598 ἔοικεν
1127 558 1268 608 ὁμοίως
1303 561 1381 597 τῶν
1418 557 1506 608 παρ’

179 626 271 676 ὑμῖν
292 626 468 678 ρητόρων
495 627 612 667 ἐνίοις
637 626 725 665 οὔτε
752 625 867 665 δίκαι’
891 624 938 665 ἂν
965 624 1066 665 εῖναι
1089 625 1186 676 πρὸς
1205 624 1378 666 ἅπαντας
1399 623 1505 664 ταῦτ’

180 693 270 733 οὔτε
295 691 381 732 κάλ’
405 692 551 745 ἡγεῖτο,
579 693 686 732 ἀλλὰ
711 692 782 742 τὴν
814 695 883 743 τῆς
910 691 1020 742 ἀξίας
1053 691 1284 744 προσθήκην
1315 697 1505 744 συλλογι-

182 760 339 811 ζόμενος
364 760 411 799 τὰ
435 758 580 800 τοιαῦτ’
599 759 814 811 ἐπέκρινεν.
874 760 981 810 ὑμεῖς
1007 758 1060 804 δέ,
1081 761 1191 801 ὄντες
1216 759 1419 809 Ἀθηναῖοι
1446 758 1508 798 καὶ

180 828 222 867 ἐν
246 826 446 880 παρρήσια
471 827 609 876 ζῶντες
636 825 658 876 ἢ
684 827 747 868 καὶ
771 826 858 867 τοὺς
885 825 1147 876 ἀναισθήτους
1172 826 1357 868 ἀνεκτοὺς
1382 829 1508 866 ποιεῖν

179 896 288 934 δοκεῖ
326 894 530 941 δύνασθαι,
571 897 727 946 πρῶτον
766 893 851 945 μέν,
895 893 915 933 ὃ
954 893 1113 934 πάντων
1152 892 1508 945 ἀγνωμονέστατόν

179 962 304 1007 ἐστιν,
329 962 425 1014 ὑπὲρ
451 963 506 1002 ὧν
528 961 599 1002 τὸν
632 960 766 1013 πατέρ’
791 961 994 1001 αἰτιῶνταί
1020 977 1136 1006 τινες,
1165 960 1254 1002 τοὺς
1284 962 1378 1001 υἱεῖς
1403 960 1507 1001 δεδέ-

179 1045 282 1075 κατε,
323 1028 407 1069 εἶτα
442 1028 486 1068 τὸ
515 1032 637 1069 ταῦτα
672 1031 799 1069 ποιεῖν
833 1029 925 1069 ἴσον
960 1028 1065 1068 εἶναι’
1096 1032 1211 1080 φατε,
1246 1028 1382 1080 ὥσπερ
1413 1028 1508 1079 ὑπὲρ

179 1098 368 1146 σταθμῶν
403 1092 427 1146 ἢ
461 1095 614 1148 μέτρων
651 1096 695 1136 τὸ
733 1098 824 1137 ἰ’σον
859 1095 1136 1146 σκοπούμενοι,
1176 1094 1268 1135 ἀλλ’
1306 1094 1380 1148 οὐχ
1410 1095 1508 1147 ὑπὲρ

178 1163 330 1214 ἀνδρῶν
370 1163 637 1215 προαιρέσεως
675 1164 738 1204 καὶ
777 1164 980 1205 πολιτείας
1021 1163 1321 1213 βουλευόμενοι,
1366 1163 1409 1202 ἐν
1450 1163 1507 1203 οῖς

179 1228 470 1280 ἐξεταζομένοις
497 1231 530 1270 εἰ
555 1233 626 1282 μὲν
642 1232 799 1283 χρηστὰ
827 1230 888 1270 καὶ
912 1232 1101 1281 δημοτικὰ
1126 1230 1189 1270 καὶ
1215 1229 1275 1270 ἐπ’
1302 1228 1434 1284 εὐνοίᾳ
1460 1231 1508 1268 τὰ

179 1297 389 1351 Λυκούργῳ
424 1297 681 1349 πεπραγμένα
715 1298 910 1349 φαίνεται,
946 1296 1114 1348 μηδενὸς
1148 1300 1266 1337 κακοῦ
1303 1297 1410 1336 ἀλλὰ
1446 1297 1508 1337 καὶ

179 1363 338 1404 πάντων
363 1368 439 1404 τῶν
459 1364 618 1417 ἀγαθῶν
644 1365 734 1405 τοὺς
752 1367 892 1406 παῖδας
917 1364 1033 1404 αὐτοῦ
1051 1364 1200 1403 δίκαιόν
1227 1365 1339 1404 ἐστιν
1363 1363 1508 1416 τυγχά-

178 1447 261 1472 νειν
295 1431 385 1483 παρ’
418 1432 538 1482 ὑμῶν·
577 1433 610 1472 εἰ
643 1433 685 1471 δὲ
719 1432 908 1471 τάναντία
937 1431 1099 1480 τούτων,
1133 1432 1296 1477 ἐκεῖνον,
1334 1431 1391 1470 ὅτ’
1428 1431 1507 1481 ἔζη,

178 1498 256 1539 ἔδει
291 1499 403 1548 δίκην
431 1499 595 1544 διδόναι,
630 1498 789 1540 τούτους
823 1500 863 1538 δὲ
892 1498 980 1548 μηδ’
1011 1499 1146 1544 οὕτως,
1182 1497 1248 1550 ἐφ’
1284 1498 1343 1539 οῖς
1374 1499 1508 1553 ἐκείνῳ

177 1582 237 1607 τις
255 1566 428 1617 ἐγκαλεῖ,
446 1565 659 1618 τυγχάνειν
675 1566 805 1617 ὀργῆς·
844 1568 943 1605 πᾶσι
960 1567 1034 1618 γὰρ
1062 1564 1220 1605 πάντων
1239 1569 1318 1605 τῶν
1336 1567 1505 1618 ἁμαρτη-

177 1631 313 1684 μάτων
342 1633 432 1685 ὅρος
458 1633 546 1673 ἐστὶ
571 1631 746 1682 τελευτή.
820 1633 904 1673 ἐπεὶ
932 1633 968 1672 εἴ
990 1632 1026 1684 γ’
1053 1633 1174 1674 οὕτως
1201 1631 1320 1682 ἕξετε,
1350 1632 1446 1672 ὥσθ’
1471 1634 1508 1673 οἱ

177 1701 250 1750 μὲν
291 1699 557 1752 ἀχθεσθέντες
592 1717 629 1740 τι
665 1703 748 1741 τοῖς
783 1701 881 1751 ὑπὲρ
916 1703 984 1740 τοῦ
1026 1698 1149 1750 δήμου
1186 1698 1509 1750 πολιτευομένοις

176 1769 275 1817 μηδὲ
310 1766 406 1818 πρὸς
435 1766 754 1818 τελευτήσαντας
789 1765 1148 1819 διαλλαγήσονται,
1183 1768 1291 1807 ἀλλὰ
1329 1768 1390 1807 καὶ
1427 1772 1508 1808 τοῖς

178 1834 293 1874 παισὶ
319 1833 389 1884 τὴν
418 1834 565 1888 ἔχθραν
594 1833 925 1887 διαφυλάξουσιν,
953 1835 973 1873 ὁ
1002 1836 1041 1874 δὲ
1068 1837 1201 1885 δῆμος,
1229 1833 1261 1889 ᾦ
1287 1835 1506 1886 συναγωνί-

181 1902 284 1951 ζεται
309 1905 386 1941 τῶν
419 1904 637 1951 δημοτικῶν
671 1901 853 1948 ἕκαστος,
888 1901 1006 1953 μέχρι
1033 1904 1099 1941 τοῦ
1138 1902 1302 1952 παρόντι
1333 1903 1508 1953 χρῆσθαι

225 2023 244 2042 2
267 2010 299 2050 γ’
317 2011 501 2042 Schaeser:
526 2011 556 2042 τ’
574 2011 682 2049 codd„
707 2012 784 2050 Pap.
920 2021 939 2050 3
965 2011 1230 2051 ἀνθρωπινώτατα
1248 2011 1346 2051 Pap.:
1372 2012 1508 2052 τάνθρώ-

178 2069 253 2087 πινα
269 2055 293 2085 S
310 2054 332 2084 F
347 2054 376 2093 Q
548 2065 566 2093 5
594 2055 813 2086 ἐκινδύνευσεν
843 2054 926 2093 Pap.
1043 2054 1231 2094 ἐτόλμησαν
1264 2054 1302 2085 51
1414 2057 1507 2092 δῆσαι

179 2099 317 2137 SPap.:
361 2101 504 2136 δηλῶσαι
533 2098 621 2137 vulg.
758 2098 776 2128 6
801 2099 862 2138 ’γὰρ
895 2099 1016 2128 codd.:
1056 2099 1118 2139 ’γὰρ
1151 2099 1191 2136 ἧν
1209 2097 1288 2137 Pap.
1428 2109 1443 2136 7
1468 2099 1507 2130 ἂν

179 2143 255 2174 εἶναι
274 2153 337 2173 om.
359 2142 438 2180 Pap.
587 2153 608 2180 9
632 2142 721 2175 ὄντες
747 2144 905 2179 Ἀθηναῖοι
935 2144 984 2173 καὶ
1014 2153 1078 2172 om.
1109 2142 1202 2181 Pap„
1234 2142 1293 2172 sed
1318 2143 1357 2172 cf.
1385 2153 1429 2171 xv
1453 2151 1506 2179 23,

177 2186 258 2216 xviii
271 2187 313 2215 68
326 2186 368 2216 al.
508 2196 548 2216 10
572 2187 604 2217 ἐν
620 2186 779 2227 παρρησίᾳ
797 2184 912 2224 ζῶντες
927 2185 1023 2224 Pap„
1038 2185 1081 2215 cf.
1094 2184 1196 2216 Isocr.
1216 2186 1236 2214 ii
1252 2195 1282 2223 3,
1298 2197 1316 2223 4
1333 2197 1339 2215 :
1364 2185 1506 2217 παιδείας

176 2229 371 2269 μετέχοντες
386 2229 481 2259 codd.
588 2232 675 2260 ποεῖν
693 2228 774 2268 Pap.
795 2229 850 2259 hic
867 2233 901 2259 et
919 2228 1005 2259 infra
1157 2239 1194 2258 12
1220 2229 1296 2269 ὑπὲρ
1313 2229 1411 2267 Pap.:
1435 2230 1504 2269 περὶ

177 2273 276 2303 codd.
369 2275 431 2304 ὑεῖς
448 2272 530 2311 Pap.
624 2271 776 2304 δεδέκατε
787 2283 851 2311 mg.
868 2273 946 2302 edit.
962 2272 1081 2309 Paris.5
1096 2271 1174 2310 Pap.
1194 2283 1200 2301 :
1227 2272 1382 2312 δεδέχατε
1400 2271 1424 2301 S
1439 2272 1504 2310 FQ

181 2326 217 2354 13
242 2317 319 2348 εἶναι
351 2326 415 2347 om.
452 2316 477 2346 F
640 2326 677 2354 17
703 2317 788 2347 ἀλλὰ
819 2326 883 2346 om.
918 2315 999 2355 Pap.
1163 2326 1205 2345 ρο
1229 2316 1290 2347 ἔδει
1323 2325 1386 2345 om.
1424 2314 1505 2354 Pap.

177 2369 218 2396 25
242 2359 348 2400 παισὶ]
367 2362 445 2391 πᾶσι
463 2359 500 2389 S¹
614 2359 789 2400 φυλάξουσι
807 2358 888 2399 Pap.
1041 2362 1083 2390 26
1102 2358 1233 2399 παρόντι
1252 2359 1332 2398 Pap.
1356 2357 1480 2399 (Wolf)
1497 2370 1504 2389 t

176 2403 331 2444 παρόντος
348 2404 445 2434 codd.

1532 118 1666 171 [1477]

1530 304 1570 329 12

1532 772 1572 805 13

1530 1135 1667 1191 [1478]

1532 1203 1573 1236 14

1532 1649 1571 1684 15
