1763 2778
91 1577 234 1633 [1299]

856 403 973 441 LVII

490 506 706 554 ΕΦΕΣΙΣ
743 508 906 554 ΠΡΟΣ
945 511 1340 551 ΕΤΒΟΤΛΙΔΗΝ

807 609 1023 638 ΎΠΟΘΕΣΙΣ.

307 701 497 749 Γράφεται
517 699 627 748 νόμος
646 716 721 748 παρ
749 699 958 747 Ἀθηναιοις
977 698 1150 748 γενεσθαι
1171 699 1326 748 ζήτησιν
1345 699 1490 736 πάντων
1507 715 1580 737 των

253 754 559 823 ἐγγεγραμμένων
578 755 653 793 τοῖς
668 753 919 804 ληξιαρχικοῖς
938 754 1209 805 γραμματείοις,
1229 753 1299 791 εἴτε
1314 770 1358 804 γι
1361 754 1461 802 ήσιοι
1477 755 1579 791 πολῖ-

252 810 316 847 ταί
332 812 426 847 εἰσιν
446 808 516 846 εἴτε
535 826 598 857 μη,
619 808 702 848 τοὺς
726 807 763 846 δὲ
789 825 840 857 μη
867 807 1065 859 γεγονότας
1091 809 1131 853 ἐξ
1158 810 1276 846 ἀστοῦ
1307 808 1366 845 καὶ
1395 807 1435 851 ἐξ
1463 809 1580 856 ἀστῆς

254 862 530 911 ἐξαλείφεσθαι,
561 862 853 913 διαψηφίζεσθαι
883 862 920 901 δὲ
948 863 1031 911 περὶ
1055 863 1199 901 πάντων
1224 862 1308 902 τοὺς
1327 862 1497 911 δημότας,
1521 862 1581 900 καὶ

252 918 337 958 τοὺς
355 919 422 968 μὲν
442 917 774 967 ἀποψηφισθέντας
794 918 853 954 καὶ
873 917 1111 966 ἐμμείναντας
1129 918 1176 967 τῇ
1196 917 1309 968 ψήφῳ
1327 920 1398 955 τῶν
1414 916 1581 965 δημοτῶν
1600 933 1618 964 5

255 972 506 1022 ἐξαληλίφθαι
527 972 586 1009 καὶ
607 971 696 1010 εἶναι
716 972 916 1020 μετοίκους,
937 973 1012 1012 τοῖς
1035 971 1072 1009 δὲ
1098 971 1345 1021 βουλομένοις
1375 972 1503 1020 ἔφεσιν
1532 972 1581 1011 εἷς

253 1028 430 1067 δικαστὰς
463 1025 645 1072 δεδόσθαι,
681 1025 746 1064 κᾶν
775 1028 843 1076 μὲν
878 1027 998 1064 ἁλῶσι
1033 1025 1093 1064 καὶ
1130 1027 1230 1075 παρὰ
1265 1028 1316 1077 τῷ
1347 1025 1579 1076 δικαστηρίῳ,

253 1081 477 1132 πεπρᾶσθαι,
500 1082 562 1119 ἐὰν
581 1080 612 1118 δ’
632 1081 892 1133 ἀποφύγωο-ιν,
914 1080 1004 1119 εἶναι
1026 1080 1196 1121 πολίτας.
1255 1081 1347 1118 κατὰ
1368 1082 1498 1118 τοῦτον
1517 1081 1582 1118 τὸν

253 1137 367 1186 νόμον
402 1138 468 1175 τοῦ
504 1135 755 1184 Ἀλιμουσίων
792 1135 909 1185 δήμου
951 1135 1266 1185 διαψηφιζομένου
1305 1134 1581 1184 ἀποψηφίζεται

253 1190 428 1235 Εὗξίθεός
454 1207 518 1237 τις,
548 1191 706 1240 φάσκων
734 1188 764 1229 δ’
796 1190 924 1229 ἑαυτὸν
952 1190 1012 1228 ὑπ’
1042 1189 1278 1238 Εὐβουλίδου
1312 1189 1446 1240 ἐχθροῦ
1479 1189 1582 1230 ὄντος

255 1245 574 1284 κατεστασιάσθαι
594 1247 729 1294 ἐφῆκεν
750 1247 799 1286 εἷς
817 1246 859 1283 τὸ
880 1244 1125 1294 δικαστήριον,
1145 1244 1204 1282 καὶ
1224 1244 1434 1282 ἐπιδεικνύει
1454 1243 1582 1282 ἑαυτὸν

255 1300 295 1344 ἐξ
331 1302 447 1338 ἀστοῦ
482 1300 541 1337 καὶ
580 1300 618 1345 ἐξ
652 1301 778 1348 ἀστῆς.
837 1301 866 1337 εἰ
900 1299 939 1337 δὲ
972 1299 1180 1337 ἐτίτθευσεν
1209 1300 1232 1348 ἡ
1266 1302 1389 1348 μήτηρ
1421 1316 1503 1349 μου,
1537 1297 1582 1336 δι’

255 1355 411 1404 ἀπορίαν
430 1353 526 1393 τοῦτ’
545 1354 728 1402 ἐποίησεν.
788 1354 807 1391 ὃ
827 1353 865 1392 δὲ
888 1354 1010 1403 πατὴρ
1038 1354 1170 1399 ἐξένιζε
1195 1354 1242 1404 τῇ
1266 1354 1427 1405 γλώττῃ,
1448 1353 1581 1404 αἰχμά-

255 1412 372 1450 λωτος
386 1409 580 1461 γενόμενος
596 1409 654 1446 καὶ
670 1408 831 1458 πραθείς.
880 1408 936 1447 δεῖ
949 1408 988 1446 δὲ
1002 1408 1054 1458 μὴ
1070 1409 1117 1447 τὰ
1134 1408 1352 1459 ἀτυχήματα
1367 1407 1579 1458 προφέρειν,

255 1465 357 1502 ἀλλὰ
375 1465 421 1503 τὰ
440 1463 528 1515 γένη
549 1464 677 1512 ζητεῖν.

325 1576 470 1615 Πολλὰ
496 1575 558 1616 καὶ
591 1576 719 1628 ψευδῆ
747 1574 1057 1628 κατηγορηκότος
1090 1573 1201 1626 ἡμῶν
1228 1573 1487 1625 Εὐβουλίδου,
1520 1572 1583 1614 καὶ

256 1643 523 1695 βλασφημίας
562 1642 649 1683 οὕτε
683 1641 962 1694 προσηκούσας
1003 1641 1092 1683 οὔτε
1122 1642 1274 1683 δικαίας
1303 1640 1581 1692 πεποιημένου,

256 1708 496 1762 πειράσομαι
520 1711 669 1760 τάληθῆ
696 1709 759 1749 καὶ
783 1708 831 1749 τὰ
856 1709 984 1749 δίκαια
1007 1708 1151 1761 λέγων,
1179 1707 1209 1749 ὦ
1233 1708 1371 1761 ἄνδρες
1386 1710 1582 1754 δικασται,

257 1775 380 1827 δεῖξαι
422 1776 484 1816 καὶ
513 1775 630 1827 μετὸν
666 1778 734 1826 τῆς
763 1776 917 1818 πόλεως
952 1776 1045 1827 ἡμῖν
1075 1776 1138 1816 καὶ
1166 1774 1378 1817 πεπονθότ’
1415 1774 1585 1826 ἐμαυτὸν

256 1843 348 1896 οὐχὶ
372 1841 612 1895 προσήκονθ’
636 1842 711 1884 ὑπὸ
737 1842 887 1883 τούτου.
959 1842 1095 1893 δέομαι
1121 1842 1153 1883 δ’
1184 1842 1369 1883 ἁπάντων
1401 1843 1522 1893 ὑμῶν,
1555 1839 1584 1881 ὦ

257 1909 394 1962 ἄνδρες
420 1911 614 1957 δικασταί,
642 1909 706 1950 καὶ
732 1909 888 1950 ἱκετεύω
915 1909 977 1950 καὶ
997 1910 1213 1961 ἀντιβολῶ,
1233 1908 1524 1962 λογισαμένους
1540 1908 1587 1949 τό

258 1994 300 2018 τε
324 1976 488 2029 μέγεθος
513 1980 580 2017 τοῦ
604 1976 798 2029 παρόντος
827 1977 979 2029 ἀγῶνος
1011 1977 1074 2017 καὶ
1102 1976 1172 2027 τὴν
1202 1976 1398 2030 αἰσχύνην
1429 1975 1515 2027 μεθ’
1540 1975 1586 2027 ἧς

258 2042 426 2097 ὑπάρχει
457 2047 538 2085 τοῖς
573 2043 852 2095 ἁλισκομένοις
892 2043 1157 2090 ἀπολωλέναι,
1192 2044 1358 2084 ἀκοῦσαι
1396 2043 1457 2083 καὶ
1493 2044 1587 2094 ἐμοῦ

261 2116 404 2168 σιωπῇ,
429 2110 606 2162 μάλιστα
638 2110 723 2162 μέν,
751 2112 784 2152 εἰ
813 2111 988 2158 δυνατόν,
1023 2112 1120 2162 μετὰ
1156 2111 1340 2152 πλείονος
1376 2109 1526 2152 εὐνοίας
1561 2106 1584 2160 ἢ

260 2177 398 2218 τούτου
426 2176 524 2229 (τοῖς
549 2179 625 2230 γὰρ
648 2179 691 2218 ἐν
717 2178 879 2232 κινδύνῳ
907 2178 1195 2228 καθεστηκόσιν
1224 2176 1331 2219 εἰκὸς
1357 2175 1584 2218 εὐνοϊκωτέ-

260 2261 350 2297 ρους
374 2243 593 2298 ὑπάρχειν),
621 2245 654 2286 εἷ
678 2247 719 2286 δὲ
745 2243 811 2295 μή,
837 2244 934 2296 μετά
964 2262 1009 2297 γε
1038 2248 1107 2295 τῆς
1132 2246 1233 2294 ἴσης.
1306 2246 1520 2295 συμβαίνει
1545 2243 1587 2284 δέ

304 2365 320 2392 4
349 2354 598 2395 διαψηφίσασθαι
624 2354 649 2385 S
821 2363 837 2392 7
865 2353 973 2395 (τοὺς)
989 2354 1140 2386 δικαστὰς
1162 2353 1262 2384 Blass
1411 2363 1449 2384 10
1482 2355 1586 2395 Εὕξιος

259 2398 369 2436 codd„
396 2408 480 2429 corr.
508 2398 635 2428 Reiske
793 2407 830 2427 12
853 2397 928 2437 μου]
956 2399 990 2429 οὐ
1015 2398 1040 2428 S
1194 2398 1236 2427 26
1261 2396 1413 2439 ὑπάρχειν
1438 2396 1485 2428 S:
1510 2399 1586 2437 ὑμᾶς

262 2441 412 2482 ὑπάρχειν
429 2441 517 2480 vulg.
610 2441 691 2481 μετὰ
708 2443 764 2479 τῆς
781 2439 812 2481 γ’
833 2440 931 2471 Blass

1605 1206 1642 1228 10

1607 1860 1646 1882 20
