1763 2778
114 531 131 562 5

95 866 134 888 10

148 140 251 196 me]
502 140 666 181 ΠΡΟΣ
709 138 1138 180 MAKAPTATON
1495 140 1640 197 [1066]

151 243 204 284 ὢν
235 243 401 296 πατρός;
440 241 692 293 Εὐβουλίδου
718 244 787 281 τοῦ
814 238 978 293 Ἅγνίου
1008 241 1188 294 ἀνεψιοῦ.
1260 240 1405 293 μητρὸς
1434 244 1476 282 δὲ

150 312 274 358 τίνος;
318 308 572 363 Φυλομάχης,
599 306 622 360 ἢ
649 307 695 360 ἦν
720 307 860 362 Ἀγνίᾳ
885 309 1054 368 ἀνεψιοῦ
1076 311 1170 351 παῖς
1193 308 1290 361 πρὸς
1315 309 1474 360 πατρός.

152 379 172 418 ὁ
198 377 448 429 Εὐβουλίδης
479 379 520 417 δὲ
552 376 659 418 τίνος
687 375 735 427 ἦν
762 375 930 428 πατρός;
975 375 1181 428 Φιλάγρου
1210 379 1278 415 τοῦ
1310 376 1477 428 ἀνεψιοῦ

151 448 218 486 τοῦ
241 444 415 498 Ἃγνίου.
468 442 613 496 μητρὸς
640 445 681 484 δὲ
706 444 828 491 τίνος;
861 442 1107 497 Φυλομάχης
1135 445 1204 494 τῆς
1229 444 1384 493 τηθίδος
1409 445 1477 494 τῆς

150 511 323 565 (Αγνίου.
383 512 404 552 ὁ
437 510 470 551 δ’
498 510 659 564 Ἃγνίας
693 511 801 554 τίνος
836 509 887 561 ἦν
922 510 1026 558 υἱός;
1066 510 1323 562 Πολέμωνος.
1382 511 1402 550 ὁ
1435 512 1476 552 δὲ

153 577 349 630 Πολέμων
386 579 526 627 τίνος;
563 577 737 630 εΑγνίου.
808 579 828 619 ὁ
851 577 885 618 δ’
909 576 1073 630 Ἀγνίας
1098 579 1221 624 τίνος;
1263 576 1474 618 Βουσέλου.

152 646 290 687 οὑτοσὶ
325 646 458 699 ἕτερος
496 645 601 688 οἶκός
637 646 747 686 ἐστιν
785 645 805 685 ὁ
837 643 1013 697 (Αγνίου,
1042 645 1129 688 ἑνὸς
1159 648 1237 685 τῶν
1276 644 1478 685 Βουσέλου
1500 658 1543 695 5ο

151 713 278 760 υἱέων,
305 712 367 754 καὶ
391 712 544 754 ἐνταῦθ’
569 712 650 753 οὐδ’
678 713 807 752 ὁτιοῦν
832 713 965 753 ἔνεστι
988 712 1034 753 τὸ
1062 711 1158 752 αὐτὸ
1187 713 1309 763 ὄνομα
1334 715 1411 752 τῶν
1437 713 1479 752 ἐν

152 784 204 836 τῷ
242 781 431 833 Στρατίου
463 782 555 835 οἴκῳ
585 781 710 820 ὄντων
736 780 924 832 ἐκγόνων,
951 779 1042 820 ἀλλ’
1068 779 1158 820 οὐδὲ
1183 777 1477 832 παραπλήσιον·

154 847 245 889 ἀλλ’
270 847 380 888 αὐτοὶ
403 846 451 888 δι’
476 848 604 888 αὐτῶν
627 847 863 899 πορεύονται
890 848 932 887 ἐν
956 850 1010 901 τῷ
1035 848 1127 902 οἴκῳ
1153 850 1206 902 τῷ
1229 845 1404 899 Ἁγνίου,
1432 847 1480 886 τὰ

153 915 328 966 ὀνόματα
368 914 458 968 παρ’
495 913 685 965 ἀλλήλων
733 913 1129 967 παραλαμβάνοντες.
1211 919 1393 971 πανταχῇ
1432 912 1479 964 δὴ

154 982 216 1023 καὶ
252 981 380 1023 πάντα
415 982 562 1035 τρόπον
593 979 877 1034 ἐξελέγχονται
908 981 954 1032 ἐξ
979 981 1113 1033 ἑτέρου
1147 982 1254 1021 οἴκου
1286 980 1346 1021 καὶ
1374 980 1481 1033 γένει

153 1048 342 1101 ἀπωτέρω
366 1050 488 1095 ὄντες,
513 1048 638 1089 καὶού
657 1051 859 1102 προσῆκον
884 1048 1016 1092 αὐτοῖς
1042 1052 1301 1100 κληρονομεῖν
1325 1047 1482 1089 οὐδενὸς

97 1553 135 1576 20

96 1830 136 1862 25

153 1121 231 1157 τῶν
254 1116 425 1169 Ἃγνίου.
486 1117 545 1159 οἷς
567 1118 643 1170 γὰρ
667 1115 829 1156 δίδωσιν
854 1116 874 1155 ὁ
900 1115 1113 1167 νομοθέτης
1145 1115 1216 1166 τὴν
1247 1116 1482 1169 ἀγχιστείαν

155 1184 217 1225 καὶ
235 1183 307 1235 τὴν
327 1185 604 1236 κληρονομίαν,
623 1183 783 1226 τούτους
802 1184 1079 1236 ἀναγνώσεται
1098 1184 1187 1234 ὑμῖν
1212 1182 1302 1225 τοὺς
1328 1183 1479 1234 νόμους.

731 1309 888 1339 ΝΟΜΟΣ.
1503 1294 1645 1350 [1067]

202 1371 335 1414 ‘'Oc-ns·
364 1372 408 1411 ἂν
435 1373 487 1423 μὴ
517 1371 727 1423 διαθέμενος
755 1372 934 1422 ἀποθάνῃ,
958 1373 1021 1410 ἐὰν
1045 1374 1113 1422 μὲν
1139 1372 1272 1412 παῖδας
1299 1372 1484 1422 καταλίπῃ
1506 1386 1544 1421 51

155 1427 314 1476 θηλείας,
336 1427 407 1466 σὺν
426 1427 614 1477 ταύτῃσιν,
633 1428 695 1466 ἐὰν
710 1427 748 1465 δὲ
763 1428 826 1476 μή,
845 1427 979 1465 τούσδε
997 1427 1138 1476 κυρίους
1155 1427 1244 1465 εἶναι
1258 1430 1330 1465 τῶν
1345 1428 1485 1477 χρημά-

154 1499 235 1520 των.
293 1483 355 1520 ἐὰν
391 1483 460 1532 μὲν
496 1482 655 1531 ἀδελφοὶ
689 1482 781 1520 ὦσιν
815 1482 1057 1532 ὁμοπάτορες·
1099 1482 1159 1519 καὶ
1193 1483 1255 1519 ἐὰν
1288 1482 1413 1522 παῖδες
1448 1482 1486 1527 ἐξ

155 1536 325 1586 ἀδελφῶν
352 1537 510 1588 γνήσιοι,
541 1537 609 1585 τὴν
637 1538 703 1574 τοῦ
730 1537 869 1585 πατρὸς
896 1539 1028 1586 μοῖραν
1054 1537 1267 1588 λαγχάνειν·
1291 1538 1352 1575 ἐὰν
1376 1537 1413 1575 δὲ
1432 1536 1484 1586 μὴ

155 1591 314 1640 ἀδελφοὶ
342 1591 433 1629 ὦσιν
460 1590 483 1641 ἦ
513 1592 687 1639 ἀδελφῶν
714 1591 851 1638 παῖδες,
936 1604 953 1624 ss
988 1604 1004 1623 >1<
1038 1590 1078 1635 ἐξ
1104 1593 1221 1629 αὐτῶν
1250 1592 1342 1629 κατὰ
1370 1592 1486 1630 ταύτὸ.

154 1646 368 1698 λαγχάνειν·
389 1649 532 1696 κρατεῖν
559 1646 597 1684 δὲ
622 1646 706 1685 τοὺς
726 1647 878 1695 ἄρρενας
899 1645 959 1683 καὶ
984 1647 1068 1688 τοὺς
1089 1649 1128 1684 ἐκ
1147 1650 1218 1684 τῶν
1234 1647 1401 1696 ἀρρένων,
1424 1647 1486 1684 ἐὰν

156 1703 195 1738 ἐκ
213 1703 285 1739 τῶν
311 1702 427 1739 αὐτῶν
454 1701 536 1746 ὦσι,
559 1700 619 1738 καὶ
639 1702 702 1739 ε’ἀν
721 1702 819 1751 γένει
840 1701 1023 1750 ἀπωτέρω.
1086 1702 1147 1739 ἐὰν
1173 1700 1210 1738 δὲ
1229 1702 1281 1751 μὴ
1305 1701 1374 1739 ὦσι
1393 1702 1485 1750 πρὸς

155 1755 293 1805 πατρὸς
311 1756 422 1806 μέχρι
436 1757 597 1803 ἀνεψιῶν
615 1756 764 1803 παίδων,
789 1756 873 1796 τοὺς
893 1756 985 1807 πρὸς
1003 1757 1142 1805 μητρὸς
1159 1758 1225 1794 τοῦ
1245 1756 1374 1805 ἀνδρὸς
1394 1757 1487 1794 κατὰ

154 1810 270 1849 ταύτὰ
299 1811 440 1859 κυρίους
470 1810 570 1849 εἶναι.
631 1813 693 1850 ἐὰν
722 1811 759 1849 δὲ
787 1811 1040 1861 μηδετέρωθεν
1067 1809 1091 1861 ᾖ
1121 1811 1220 1851 ἐντὸς
1248 1811 1395 1858 τούτων,
1424 1811 1489 1849 τὸν

156 1863 247 1915 πρὸς
265 1865 401 1915 πατρὸς
421 1866 609 1917 ἐγγυτάτω
630 1867 752 1916 κύριον
774 1866 874 1905 εἶναι.
933 1867 1028 1918 νόθῳ
1049 1865 1087 1903 δὲ
1106 1865 1199 1915 μηδὲ
1219 1866 1308 1916 νόθῃ
1327 1865 1378 1915 μὴ
1401 1865 1490 1904 εἶναι

157 1920 375 1973 ἀγχιστείαν
393 1920 480 1971 μήθ’
501 1923 604 1971 ἱερῶν
622 1921 709 1972 μήθ’
731 1922 843 1960 ὁσίων
864 1920 925 1959 ἀπ’
946 1921 1150 1959 Εὐκλείδου
1171 1922 1361 1972 ἄρχοντος.

202 2033 222 2063 3
247 2026 262 2056 ὃ
285 2034 350 2056 om.
374 2023 408 2055 A
561 2035 624 2064 3-4
649 2028 706 2057 τοῦ
725 2026 854 2067 ἀνεψιοῦ
874 2028 930 2059 τοῦ
947 2027 1074 2067 Ἁγνίου
1092 2025 1158 2057 del.
1180 2025 1329 2065 Sauppe,
1349 2026 1391 2057 cs.
1413 2026 1428 2062 ξ
1447 2033 1485 2062 41

161 2079 178 2107 7
203 2066 287 2100 οἶκός
303 2070 393 2101 ἐστιν
409 2071 425 2100 ὁ
443 2069 466 2099 S
485 2079 491 2100 :
516 2069 601 2102 οἶκός
621 2071 711 2102 ἐστιν
728 2070 752 2100 F
766 2070 796 2109 Q
814 2072 842 2101 D
861 2082 867 2101 ι
894 2072 985 2102 ἐστιν
1002 2071 1086 2102 οἶκος
1103 2069 1134 2100 Α
1314 2070 1334 2099 8
1358 2070 1396 2101 τὸ
1412 2068 1489 2099 αὐτὸ

160 2113 237 2143 fort.
255 2111 435 2143 delendum
562 2124 601 2144 10
623 2116 668 2155 τῷ
682 2113 738 2144 alt.
758 2114 789 2144 A
804 2126 811 2145 t
835 2117 893 2146 τοῦ
910 2118 988 2145 cett.
1114 2124 1217 2152 12-13
1242 2112 1391 2155 ἀπωτέρω
1403 2111 1491 2152 ’γένει

160 2154 193 2186 Α
327 2165 364 2194 17
388 2166 458 2196 sqq.
477 2156 586 2195 legem
605 2168 674 2188 om.
693 2158 716 2188 S
729 2157 754 2187 F
770 2157 800 2196 Q
817 2158 846 2187 D
938 2157 1161 2199 καταλείπῃΑ
1313 2158 1350 2187 18
1374 2155 1490 2196 ταύτῃ·

163 2212 214 2231 σιν
228 2210 266 2230 r:
290 2199 427 2241 ταύτῃσι
443 2200 475 2230 Α
540 2211 578 2240 19
593 2200 651 2240 μὲν
669 2201 798 2232 Reiske
814 2212 821 2233 :
846 2201 878 2233 δὲ
893 2202 989 2233 codd.
1006 2213 1011 2232 :
1038 2201 1104 2232 del.
1122 2201 1256 2231 Dobree
1321 2211 1358 2230 21
1378 2200 1489 2241 (ἀδελ-

162 2243 223 2284 φὰς
240 2244 433 2285 ὁμοπατρίας
451 2245 501 2276 καὶ
512 2243 641 2288 παῖδας)
654 2244 763 2284 suppl.
780 2245 1112 2276 Meier-Buermann.
1125 2244 1285 2285 (ἀδελφὰς
1297 2242 1489 2284 ὁμοπατρίας

163 2287 215 2318 καὶ
230 2289 342 2319 παῖδας
361 2289 393 2327 ἐξ
409 2289 512 2319 αὐτῶν
528 2288 721 2329 λαγχάνειν·
747 2290 800 2320 ἐὰν
818 2288 850 2320 δὲ
864 2290 907 2328 μὴ
920 2290 1056 2329 ἀδελφαὶ
1074 2288 1153 2320 ὦσιν
1167 2289 1185 2326 ἢ
1199 2291 1307 2319 παῖδες
1325 2290 1356 2328 ἐξ
1373 2289 1487 2330 αὐτῶν,

164 2330 322 2371 ἀδελφοὺς
338 2333 396 2362 τοῦ
410 2332 528 2373 πατρὸς
545 2333 595 2363 καὶ
613 2333 755 2373 ἀδελφὰς
772 2333 822 2364 καὶ
839 2332 968 2372 παῖδας)
984 2332 1095 2371 suppl.
1114 2332 1251 2371 Lipsius
1354 2341 1394 2360 22
1421 2328 1488 2368 ἐὰν]

165 2374 194 2405 οἳ
216 2374 256 2405 ἂν
284 2373 370 2404 Isae.
387 2374 434 2404 vii
459 2385 501 2405 20
711 2386 751 2414 24
776 2377 912 2416 ἀνεψιῶν
937 2375 1160 2414 Wesseling:
1192 2377 1367 2415 ἀνεψιαδῶν
1392 2372 1488 2403 codd.

165 2419 221 2448 τοῦ
252 2416 377 2458 ἀνδρὸς]
410 2420 466 2449 τοῦ
498 2418 755 2457 τελευτήσαντος
788 2419 873 2451 Isae.
907 2419 941 2449 xi
973 2429 1004 2459 2,
1044 2430 1093 2451 12.
1127 2418 1247 2449 iniuria
1277 2417 1358 2449 secl.
1392 2416 1491 2447 Blass

168 2469 209 2499 25
232 2459 421 2503 ffReiske:
444 2461 484 2499 ἧν
500 2462 597 2493 codd.
