1763 2778
177 96 255 152 m]
485 101 648 138 RATA
698 101 1206 138 ΔΙΟΝΎΣΟΔΩΡΟΎ
1526 97 1665 153 [1293]

177 201 413 252 συγγραφῆς
438 199 601 241 δικαίοις
625 199 809 252 χρώμεθα
833 195 855 248 ἢ
882 198 1001 244 οὗτοι,
1029 199 1065 239 οἳ
1091 198 1177 239 οὔτε
1204 199 1255 239 εἷς
1275 198 1319 238 τὸ
1345 198 1502 250 συγκεί-

175 283 294 318 μενον
319 267 506 319 ἐμπόριον
530 267 812 312 πεπλεύκασιν,
839 265 930 305 ἀλλ’
956 267 1010 307 εἰς
1041 266 1176 306 Ῥόδον
1202 267 1264 306 καὶ
1290 267 1503 317 Αἴγυπτον,

179 334 377 382 σωθείσης
402 350 444 373 τε
468 336 537 384 τῆς
563 333 659 375 νεὼς
685 333 746 373 καὶ
783 333 828 373 οὐ
858 331 1145 385 διεφθαρμένης
1173 332 1323 385 ἄφεσιν
1356 334 1504 372 οἴονται

179 403 260 441 δεῖν
285 400 539 452 εὑρίσκεσθαι
557 404 634 440 τῶν
649 400 775 440 τόκων
795 400 1290 453 παρασυγγεγραφηκότες,
1315 399 1376 439 καὶ
1396 398 1506 439 αὐτοὶ

142 487 159 518 5
179 469 252 519 μὲν
277 468 411 508 πολλὰ
434 465 615 520 χρήματα
636 466 891 519 εἰργασμένοι
917 468 1021 518 παρὰ
1045 466 1115 516 τὴν
1142 467 1324 519 σιτηγίαν
1349 466 1420 516 τὴν
1451 467 1505 508 εἷς

179 533 328 581 Ῥόδον,
362 536 410 574 τὰ
443 533 475 573 δ’
516 533 686 587 ἡμέτερα
723 533 904 587 χρήματα
943 535 1103 587 ἔχοντες
1141 533 1204 574 καὶ
1247 534 1506 586 καρπούμενοι

179 601 362 653 δεύτερον
385 601 473 644 ἔτος
496 602 616 642 τουτί.
689 602 918 649 καινότατον
944 600 976 640 δ’
1003 602 1091 641 ἐστὶ
1115 600 1274 641 πάντων
1299 600 1343 640 τὸ
1368 600 1500 653 γιγνό-
1524 610 1566 647 35

177 685 311 720 μενον·
346 667 390 708 τὸ
414 670 487 720 μὲν
511 669 585 721 γὰρ
611 667 767 709 δάνειον
790 667 835 709 τὸ
861 669 1027 721 ἀρχαῖον
1051 669 1312 708 ἀποδιδόασιν
1337 667 1429 718 ἡμῖν
1454 667 1505 708 ὡς

179 735 442 790 σεσῳσμένης
465 738 534 786 τῆς
564 735 672 782 νεώς,
700 735 789 777 τοὺς
820 736 956 777 τόκους
984 734 1017 775 δ’
1050 736 1325 787 ἀποστερῆσαι
1356 736 1506 775 οἴονται

121 818 159 841 10
179 805 259 843 δεῖν
285 802 336 845 ὡς
359 802 660 855 διεφθαρμένης.
733 804 857 843 καίτοι
881 802 904 853 ἡ
939 802 1152 855 συγγραφὴ
1187 802 1260 856 οὐχ
1292 802 1406 853 ἕτερα
1433 803 1505 853 μὲν

176 868 290 922 λέγει
313 870 401 921 περὶ
426 873 504 910 τῶν
528 870 664 917 τόκων,
692 870 806 921 ἕτερα
830 872 871 910 δὲ
891 870 979 921 περὶ
1004 872 1071 909 τοῦ
1101 858 1266 923 ἀρχαίου
1291 869 1503 919 δανείσμα·

177 953 257 983 τος,
282 936 388 976 ἀλλὰ
413 938 462 976 τὰ
486 936 615 977 δίκαια
639 937 760 977 ταύτὰ
790 938 877 989 περὶ
905 938 1055 989 ἀμφοῖν
1082 938 1192 976 ἐστιν
1219 937 1280 977 καὶ
1313 936 1335 987 ἡ
1366 935 1506 989 πρᾶξις
1526 936 1571 981 36

176 1002 201 1054 ἡ
225 1002 335 1054 αὐτή.
407 1003 606 1056 ἀνάγνωθι
630 1003 672 1045 δέ
696 1021 762 1055 μοι
789 1004 909 1044 πάλιν
935 1003 1005 1055 τὴν
1031 1002 1282 1057 συγγραφήν.

733 1101 945 1131 ΣΎΓΓΡΑΦΗ.

120 1172 158 1205 15
232 1187 241 1197 .
263 1188 271 1197 .
295 1188 304 1196 .
324 1156 528 1208 Ἀθήνηθεν
548 1160 597 1199 εἷς
617 1158 806 1210 Αἴγυπτον
826 1159 885 1197 καὶ
905 1159 946 1204 ἐξ
963 1160 1154 1209 Αἰγύπτου
1173 1158 1365 1208 Ἀθήναζε.

245 1235 445 1283 Ἀκούετε,
478 1233 509 1276 ὦ
541 1235 678 1288 ἄνδρες
706 1234 923 1286 Ἀθηναῖοι·
962 1239 971 1253 ‘
988 1234 1235 1286 Ἀθήνηθεν]
1257 1236 1396 1289 φησίν,
1424 1237 1435 1253 ‘
1452 1236 1506 1277 εἰς

179 1304 381 1357 Αἴγυπτον
406 1302 471 1344 καὶ
494 1302 542 1354 ἐξ
563 1303 766 1356 Αἰγύπτου
790 1302 1007 1354 Ἀθήναζε.’
1077 1302 1173 1356 λέγε
1198 1305 1246 1343 τὰ
1270 1302 1404 1344 λοιπά.

735 1418 947 1448 ΣΎΓΓΡΑΦΗ.

232 1476 422 1527 Σωθείσης
441 1476 479 1515 δὲ
498 1478 563 1526 τῆς
583 1478 668 1517 νεὼς
689 1479 737 1517 εἷς
758 1480 913 1527 Πειραιᾶ
933 1506 941 1514 .
964 1506 972 1516 .
997 1505 1006 1514 .

119 1587 160 1610 20
239 1569 407 1623 ’Άνδρες
444 1569 662 1621 Ἀθηναῖοι,
697 1570 799 1612 πάνυ
838 1572 989 1612 ἁπλοῦν
1023 1572 1134 1612 ἐστιν
1168 1575 1380 1623 διαγνῶναι
1413 1572 1506 1622 ὑμῖν
1526 1581 1569 1618 37

177 1638 273 1690 ὑπὲρ
293 1637 432 1688 ταύτης
449 1640 518 1688 τῆς
543 1639 663 1689 δίκης,
694 1639 755 1678 καὶ
775 1638 887 1679 οὐδὲν
904 1642 964 1678 δεῖ
977 1639 1109 1691 λόγων
1127 1642 1304 1679 πολλῶν.
1373 1638 1396 1689 ἡ
1413 1641 1505 1680 ναῦς

178 1705 238 1745 ὅτι
253 1707 325 1756 μὲν
350 1704 559 1760 σέσῳσται
584 1706 646 1746 καὶ
663 1706 773 1746 ἔστιν
790 1710 883 1752 σῶς,
906 1706 968 1745 καὶ
985 1705 1075 1757 παρ’
1095 1705 1222 1746 αὐτῶν
1242 1705 1390 1745 τούτων
1410 1706 1502 1756 ὁμο-

177 1776 356 1825 λογεῖται
378 1770 438 1824 (οὐ
463 1773 538 1825 γὰρ
562 1771 610 1813 ἂν
635 1773 877 1813 ἀπεδίδοσαν
905 1773 950 1812 τό
981 1790 1023 1813 τε
1060 1773 1227 1826 ἀρχαῖον
1258 1772 1410 1813 δάνειον
1444 1772 1505 1812 καὶ

178 1843 256 1880 τῶν
279 1839 405 1880 τόκων
428 1838 546 1892 μέρος
569 1838 634 1890 τι),
661 1840 706 1880 οὐ
732 1840 1060 1890 κατακεκόμισται
1085 1839 1117 1880 δ’
1144 1841 1198 1881 εἷς
1227 1838 1296 1879 τὸν
1323 1842 1504 1891 Πειραιᾶ.

121 1922 158 1953 25
180 1907 243 1946 διὰ
266 1909 380 1946 τοῦτο
412 1906 522 1957 ἡμεῖς
553 1909 626 1958 μὲν
659 1908 695 1948 οἱ
726 1908 978 1949 δανείσαντες
1006 1907 1230 1947 ἀδικεῖσθαί
1264 1912 1407 1959 φαμεν,
1444 1906 1506 1946 καὶ
1526 1906 1667 1962 [1294]

179 1974 274 2026 ὑπὲρ
299 1973 436 2013 τούτου
461 1974 706 2025 δικαζόμεθα,
733 1975 793 2015 ὅτι
816 1974 862 2014 οὐ
889 1973 1158 2015 κατέπλευσεν
1183 1975 1238 2016 εἰς
1267 1973 1312 2014 τὸ
1346 1974 1503 2026 συγκεί-

178 2056 298 2091 μενον
334 2041 533 2093 ἐμπόριον.
606 2042 906 2094 Διονυσόδωρος
949 2043 990 2082 δὲ
1027 2042 1073 2081 οὔ
1109 2046 1236 2093 φησιν
1272 2041 1419 2081 ἀδικεῖν
1456 2039 1504 2080 δι’
1525 2045 1569 2089 38

180 2106 273 2147 αὐτὸ
297 2110 424 2147 τοῦτο·
462 2107 505 2148 οὐ
531 2109 605 2160 γὰρ
624 2111 706 2149 δεῖν
722 2109 838 2148 αὑτὸν
854 2109 1068 2149 ἀποδοῦναι
1083 2107 1231 2150 πάντας
1248 2107 1337 2150 τοὺς
1353 2108 1504 2153 τόκους,

227 2226 247 2246 2
271 2216 338 2257 καὶ]
357 2217 407 2248 καὶ
426 2217 470 2249 εἷς
485 2215 517 2246 Α
649 2227 669 2256 3
693 2230 796 2249 οιοντε
814 2217 838 2248 S
851 2216 886 2247 F¹
903 2217 932 2247 D
1072 2218 1093 2248 8
1116 2217 1154 2249 τὸ
1171 2217 1305 2259 ἀρχαῖον
1322 2221 1355 2247 ct
1374 2217 1506 2258 ἀρχαίου

182 2260 253 2301 (ΙΙ)
287 2261 352 2291 del.
386 2260 551 2291 Sehaefer
708 2271 746 2291 12
769 2261 825 2301 τὰ]
852 2263 939 2292 κοινὰ
963 2262 1004 2293 τὰ
1026 2260 1057 2290 Α
1215 2271 1318 2300 15-19
1342 2260 1506 2291 formulae

179 2304 281 2334 verba
299 2303 471 2343 utrobique
489 2304 553 2335 del.
574 2304 707 2334 Dobree
855 2307 893 2335 16
917 2305 939 2336 ὦ
955 2315 1019 2335 om.
1038 2303 1069 2333 A
1205 2314 1243 2343 19
1268 2304 1325 2344 εἷς]
1345 2306 1387 2335 εἰς
1403 2304 1460 2334 τὸν
1475 2302 1507 2332 Α

181 2357 224 2377 20
248 2348 416 2387 Ἀθηναῖοι]
457 2349 606 2380 δικασταί
642 2347 673 2376 Α
864 2359 901 2378 21
929 2348 1049 2386 ταύτης
1087 2348 1260 2387 SFQD:
1299 2348 1437 2384 ταυτησὶ
1475 2345 1506 2375 Α

182 2390 216 2464 vg]
229 2390 255 2464 ιζ]
270 2392 332 2464 γὲρ
348 2390 381 2420 Α
469 2401 509 2421 22
534 2395 596 2423 σῶς
615 2391 775 2422 Dindorf:
801 2392 866 2433 σῴα
882 2391 936 2422 vel
950 2392 1018 2424 σώα
1033 2392 1131 2423 codd.
1229 2401 1269 2430 23
1294 2392 1427 2432 ἀρχαῖον
1444 2388 1509 2420 deb

209 2443 227 2464 c
252 2444 291 2464 ae
307 2445 345 2465 er
