1763 2778
133 512 149 543 5

112 851 150 873 10

113 1520 154 1542 20

170 126 259 182 Lvu]
514 130 680 168 ΠΡΟΣ
731 131 1149 168 ΕὙΒΟΎΛῘΔΙΙΝ

171 247 238 272 τος
267 228 451 269 ἁπάντων
481 233 560 269 τῶν
583 230 626 269 ἐν
659 230 786 285 ἐκείνῃ
821 235 867 285 τῇ
898 228 1021 282 ἡμέρᾳ
1053 228 1291 279 κληθέντων,
1318 229 1424 283 ἡνίχ’
1463 231 1497 270 οἱ

169 298 243 349 μὲν
288 296 554 348 πρεσβύτεροι
600 299 678 336 τῶν
724 298 905 346 δημοτῶν
952 297 1261 346 ἀπεληλύθεσαν
1310 298 1365 338 εἷς
1410 297 1500 338 τοὺς

170 363 325 417 ἀγρούς·
363 366 430 403 τοῦ
454 365 528 415 γὰρ
554 361 676 413 δήμου
699 362 805 413 ἡμῖν,
831 361 862 403 ὦ
887 362 1022 415 ἄνδρες
1056 364 1251 409 δικασταί,
1286 362 1402 404 πέντε
1440 364 1501 404 καὶ

169 429 374 483 τριάκοντα
400 428 541 469 στάδια
565 432 632 469 τοῦ
665 429 817 472 ἄστεως
841 429 1062 483 ἀπέχοντος
1096 431 1158 470 καὶ
1191 433 1269 470 τῶν
1299 432 1501 471 πλείστων

170 499 251 538 ἐκεῖ
273 497 496 542 οἰκούντων,
524 497 832 547 ἀπεληλύθεσαν
861 499 897 537 οἱ
930 498 1090 538 πολλοί·
1126 497 1165 538 οἱ
1196 499 1238 537 δὲ
1269 496 1501 539 κατάλοιποι

170 563 272 615 ἦσαν
298 563 342 604 οὗ
365 563 526 605 πλείους
550 560 572 613 ἦ
598 563 818 614 τριάκοντα.
891 565 933 604 ἐν
960 566 1001 605 δὲ
1025 564 1176 606 τούτοις
1201 563 1305 614 ἦσαν
1330 565 1500 605 ἅπαντες

170 633 206 672 οἱ
230 631 352 686 τούτῳ
376 629 757 683 παρεσκευασμένοι.
830 631 962 681 ἐπειδὴ
991 630 1022 671 δ’
1041 631 1187 682 ἐκλήθη
1204 631 1349 683 τούμὸν
1365 634 1498 683 ὄνομα,

169 696 426 749 ἀναπηδήσας
455 698 568 739 οὗτος
602 696 864 750 ἐβλασφήμει
894 698 975 738 κατ’
1011 701 1103 749 ἐμοῦ
1131 698 1233 752 ταχὺ
1270 699 1332 739 καὶ
1367 701 1501 739 πολλὰ

170 766 234 806 καὶ
255 764 411 821 μεγάλῃ
436 770 484 822 τῇ
507 770 634 822 φωνῇ,
662 765 798 818 ὥσπερ
825 766 886 805 καὶ
912 769 993 811 νῦν,
1020 765 1197 818 μάρτυρα
1221 768 1294 817 μὲν
1313 767 1366 806 ὧν
1384 783 1498 817 κατη-

169 832 342 885 γόρησεν
365 831 506 872 οὐδένα
531 832 838 885 παρασχόμενος
870 833 960 874 οὔτε
983 837 1059 873 τῶν
1090 836 1269 884 δημοτῶν
1303 834 1391 874 οὔτε
1424 838 1501 874 τῶν

169 899 306 940 ἄλλων
338 902 526 944 πολιτῶν,
559 900 844 952 παρεκελεύετο
874 902 915 940 δὲ
952 904 1033 942 τοῖς
1065 901 1251 950 δημόταις
1289 899 1497 954 ἀποψηφί-

172 967 320 1017 ζεσθαι.
390 965 592 1017 ἀξιοῦντος
622 966 667 1006 δέ
694 984 769 1017 μου
799 966 1082 1018 ἀναβαλέσθαι
1109 969 1164 1009 εἰς
1187 967 1262 1018 τὴν
1288 968 1501 1020 ὑστεραίαν

170 1032 235 1074 διά
257 1050 301 1075 τε
330 1032 401 1084 τὴν
427 1034 532 1085 ὥραν
557 1032 621 1074 καὶ
644 1032 690 1074 τὸ
724 1033 874 1085 μηδένα
902 1051 967 1085 μοι
994 1038 1175 1086 παρεῖναι
1205 1035 1251 1074 τό
1282 1052 1324 1075 τε
1355 1034 1500 1087 πρᾶγμ’

170 1100 284 1153 ἄφνω
310 1099 677 1153 προσπεπτωκέναι,
705 1102 769 1141 ἵνα
792 1102 916 1156 τούτῳ
942 1101 975 1141 τ’
1000 1100 1163 1152 ἐξουσία
1198 1095 1343 1154 γένοιθ’
1372 1102 1501 1142 ὁπόσα

171 1168 361 1220 βούλοιτο
404 1170 676 1220 κατηγορῆσαι
709 1169 771 1209 καὶ
800 1168 998 1221 μάρτυρας
1032 1169 1070 1209 εἴ
1103 1186 1212 1210 τινας
1252 1169 1339 1222 ἔχοι
1377 1186 1498 1221 παρα-

172 1235 360 1288 σχέσθαι,
403 1235 494 1286 ἐμοί
525 1234 559 1275 τ’
594 1234 783 1287 ἐκγένοιτ’
815 1235 1154 1289 ἀπολογήσασθαι
1189 1237 1233 1276 ἐν
1269 1235 1396 1277 ἅπασι
1421 1241 1502 1278 τοῖς

172 1302 357 1353 δημόταις
377 1302 440 1342 καὶ
465 1301 554 1343 τοὺς
579 1303 744 1344 οἰκείους
768 1302 966 1356 μάρτυρας
994 1302 1294 1356 παρασχέσθαι·
1331 1304 1394 1344 καὶ
1420 1304 1442 1343 ὅ
1465 1320 1503 1343 τι

172 1370 365 1423 γνοίησαν
389 1369 477 1422 περὶ
504 1370 611 1420 ἐμοῦ,
636 1369 790 1412 τούτοις
814 1370 961 1421 ἤθελον
985 1370 1183 1421 ἐμμένειν·
1221 1370 1334 1412 οὗτος
1358 1371 1412 1411 ὧν
1430 1373 1502 1422 μὲν

173 1437 250 1489 ἐγὼ
287 1436 590 1489 προύκαλούμην
618 1435 731 1477 οὐδὲν
765 1437 1017 1490 ἐφρόντισεν,
1051 1437 1122 1487 τὴν
1152 1440 1194 1478 δὲ
1220 1440 1365 1490 ψῆφον
1390 1437 1502 1479 εὐθὺς

173 1505 302 1544 ἐδίδου
324 1507 406 1545 τοῖς
429 1506 599 1556 παροῦσι
624 1507 702 1543 τῶν
731 1507 921 1555 δημοτῶν,
958 1504 1038 1545 οὔτ’
1069 1506 1290 1557 ἀπολογίαν
1319 1504 1503 1556 οὐδεμίαν

173 1570 260 1622 ἐμοὶ
284 1569 372 1612 δοὺς
398 1569 476 1610 οὔτ’
501 1570 673 1623 ἔλεγχον
687 1570 813 1612 οὐδέν’
840 1572 986 1623 ἀκριβῆ
1012 1571 1196 1622 ποιήσας.
1268 1573 1362 1613 οἶδὲ
1380 1573 1502 1626 τούτῳ

175 1641 421 1679 συνεστῶτες
446 1635 773 1687 ἀναπηδήσαντες
798 1639 1059 1691 ἐψηφίζοντο.
1133 1639 1195 1680 καὶ
1219 1639 1267 1690 ἦν
1302 1642 1376 1690 μὲν
1409 1640 1502 1679 σκό-

173 1721 251 1751 τος,
278 1706 313 1745 oi
338 1707 379 1745 δὲ
403 1703 681 1756 λαμβάνοντες
706 1706 775 1746 δύο
805 1706 868 1746 καὶ
891 1710 994 1758 τρεῖς
1019 1704 1182 1759 ψήφους
1206 1707 1374 1749 ἕκαστος
1398 1707 1503 1759 παρὰ

172 1771 309 1812 τούτου
346 1771 571 1823 ἐνέβαλλον
605 1772 660 1814 εἷς
692 1771 761 1813 τὸν
797 1774 998 1814 καδίσκον.
1073 1777 1238 1824 σημεῖον
1267 1773 1322 1814 δέ·
1359 1775 1395 1814 οἱ
1431 1775 1503 1825 μὲν

1525 132 1661 184 [1302]

1525 643 1562 669 11

114 1855 152 1886 25
172 1840 247 1891 γὰρ
271 1837 551 1892 ψηφισάμενοι
575 1837 619 1877 οὐ
648 1840 810 1882 πλείους
833 1837 856 1891 ἢ
881 1839 1076 1892 τριάκοντ’
1104 1841 1220 1892 ἦσαν,
1248 1843 1286 1881 αἱ
1306 1843 1347 1882 δὲ
1371 1843 1505 1894 ψῆφοι
1525 1840 1665 1894 [1303]

115 2191 156 2222 30

173 1905 448 1959 ἠριθμήθησαν
477 1906 638 1949 πλείους
661 1902 686 1957 ἦ
712 1905 915 1958 ἑξήκοντα,
937 1908 1043 1949 ὥστε
1072 1907 1222 1950 πάντας
1246 1908 1346 1959 ἡμᾶς
1364 1909 1504 1948 ἐκπλα-

174 1974 303 2025 γῆναι.
375 1972 438 2013 καὶ
474 1972 583 2014 ταῦθ’
627 1973 679 2016 ὡς
715 1974 844 2026 ἀληθῆ
881 1974 1001 2028 λέγω,
1035 1976 1097 2016 καὶ
1128 1976 1188 2016 ὅτι
1221 1975 1300 2015 οὔτ’
1336 1976 1450 2025 ἐδόθη
1481 1975 1503 2025 ἡ

174 2042 316 2092 ψῆφος
352 2041 394 2080 ἐν
427 2038 578 2081 ἅπασιν
607 2041 767 2084 πλείους
803 2041 836 2081 τ’
871 2042 1056 2094 ἐγένοντο
1084 2046 1162 2082 τῶν
1190 2041 1501 2095 ψηφισαμένων,

174 2105 370 2159 μάρτυρας
388 2107 480 2158 ὑμῖν
495 2107 727 2160 παρέξομαι.
788 2110 1002 2160 συμβαίνει
1019 2108 1060 2149 δέ
1074 2126 1141 2160 μοι
1157 2110 1246 2162 περὶ
1261 2109 1411 2149 τούτων
1427 2113 1504 2149 τῶν

174 2175 247 2225 μὲν
265 2175 398 2227 φίλων
418 2170 536 2225 ἢτῶν
551 2174 688 2216 ἄλλων
714 2175 937 2226 Ἀθηναίων
961 2175 1109 2227 μηδένα
1128 2175 1303 2229 μάρτυρα
1322 2179 1504 2228 παρεῖναι

219 2296 238 2315 2
263 2286 467 2324 ἀπελύθησαν
482 2286 512 2316 Α
667 2297 686 2326 5
713 2289 781 2320 ἐκεῖ
794 2287 963 2319 οἰκούντων
979 2297 1044 2317 om.
1064 2286 1089 2318 S
1242 2288 1264 2317 6
1287 2288 1321 2318 οὐ
1339 2310 1346 2318 .
1368 2311 1375 2318 .
1394 2311 1402 2318 .
1422 2286 1505 2324 ἦσαν

175 2339 240 2359 om.
264 2329 300 2359 S¹
320 2342 325 2360 z
344 2331 372 2361 οἱ
389 2354 396 2361 .
416 2354 423 2361 .
449 2355 455 2361 .
473 2330 557 2368 ἦσαν
572 2331 647 2361 add.
668 2331 700 2361 in
719 2341 783 2370 mg.
803 2332 877 2361 ead.
898 2341 940 2362 m.
1084 2341 1121 2368 14
1145 2329 1273 2370 γένοιτο
1288 2329 1341 2360 A:
1366 2334 1503 2370 τἰ-ρὀγε-

176 2386 262 2405 νοιτο
277 2373 300 2403 S
315 2385 320 2403 :
346 2374 560 2414 προσγένοιτο
571 2375 661 2413 vulg.
743 2376 781 2404 16
799 2374 957 2414 ἐκγένοιτ’
972 2373 1036 2403 del.
1056 2373 1259 2411 Rosenberg
1332 2383 1433 2402 2off21
1454 2375 1503 2403 οὐ-

175 2417 285 2455 δεμίαν
309 2418 374 2456 ἐμοὶ
400 2419 471 2449 δοὺς
489 2416 513 2447 S
529 2417 578 2447 D:
607 2418 672 2457 ἐμοὶ
698 2418 770 2449 δοὺς
794 2418 941 2457 οὐδεμίαν
965 2417 989 2446 F
1005 2417 1055 2454 Q:
1082 2417 1228 2456 οὐδεμίαν
1253 2416 1290 2447 ἄν
1311 2430 1361 2454 μοι
1384 2415 1455 2447 δοὺς
1473 2414 1504 2444 Α

176 2469 215 2497 24
245 2459 401 2496 ἐνέβαλον
417 2459 449 2489 Α
582 2463 623 2491 28
647 2460 877 2503 ψηφισαμένων
894 2460 917 2490 S
936 2460 960 2489 F
971 2460 1000 2498 Q
1015 2460 1044 2489 D
1058 2472 1064 2490 t
1091 2459 1315 2500 ἐψηφισμένων
1331 2458 1362 2488 Α

1528 1991 1568 2022 14
