1763 2778
145 138 233 193 Lvn]
505 145 667 182 ΠΡΟΣ
704 144 1122 182 ΕΤΒΟΎΛΙΔΗΝ
1490 142 1634 197 [1304]

142 243 396 290 λελοίπασιν,
434 243 569 294 ὥσπερ
605 245 646 283 δὲ
682 242 771 283 δέον
805 243 905 294 ἡμᾶς
943 243 991 283 δι’
1027 245 1178 285 ἐκείνας
1205 245 1277 286 τὰς
1309 243 1472 296 ἀτυχίας

143 309 378 357 ἀπολέσθαι,
415 309 460 350 τὸ
496 309 659 361 ξενίζειν
695 310 813 350 αὐτοῦ
849 310 1177 362 κατηγορήκασιν.
1248 310 1326 362 ἐγὼ
1363 310 1395 349 δ’
1429 310 1475 360 ἐξ
1496 327 1536 359 19

144 378 272 418 αὐτῶν
307 378 454 418 τούτων
489 376 652 428 μάλιστ’
685 377 792 428 οἶμαι
824 378 913 428 ὑμῖν
948 372 1114 428 ἐμαυτὸν
1147 376 1359 427 Ἀθηναῖον
1389 377 1470 418 ὅντ’

143 443 364 495 ἐπιδείξειν.
436 444 499 485 καὶ
524 448 678 496 πρῶτον
703 446 775 495 μὲν
801 444 852 486 ὡς
877 442 982 484 ἑάλω
1010 445 1072 484 καὶ
1104 445 1250 495 ἐσώθη,
1276 443 1472 497 μάρτυρας

107 526 123 557 5
144 512 234 563 ὑμῖν
258 510 488 563 παρέξομαι,
513 510 635 552 ἔπειθ’
661 512 721 551 ὅτι
745 511 986 563 ἀφικόμενος
1009 514 1078 561 τῆς
1104 512 1240 553 οὐσίας
1265 510 1370 563 παρὰ
1393 516 1472 551 τῶν

145 579 259 619 θείων
289 581 334 618 τὸ
362 577 480 630 μέρος
510 577 747 629 μετέλαβεν,
781 577 851 618 εἶθ’
885 579 944 618 ὅτι
981 577 1060 618 οὔτ’
1094 579 1137 619 ἐν
1166 582 1248 619 τοῖς
1287 579 1473 629 δημόταις

144 645 224 686 οὔτ’
253 647 295 686 ἐν
327 649 409 688 τοῖς
445 644 664 698 φράτερσιν
697 644 775 685 οὔτ’
805 644 949 685 ἄλλοθι
985 645 1156 696 οὐδαμοῦ
1186 645 1254 686 τὸν
1287 644 1472 696 ξενίζοντ’

145 713 271 755 οὐδεὶς
303 713 453 754 πώποτ’
483 711 666 770 ᾐτιάσαθ’
697 712 747 754 ὡς
785 713 842 763 ε’ίη
875 711 1000 763 ξένος.
1073 714 1140 753 καί
1167 728 1234 764 μοι
1266 715 1373 764 λαβὲ
1405 715 1473 756 τὰς

143 780 367 833 μαρτυρίας.

87 904 126 925 10
696 899 922 926 ΜΑΡΤΎῬΙΑΙ.

214 967 313 1020 Περὶ
347 969 419 1019 μὲν
454 970 522 1018 τῆς
558 968 748 1010 ἁλώσεως
786 969 848 1009 καὶ
884 971 952 1019 τῆς
989 970 1198 1021 σωτηρίας,
1237 967 1284 1019 ἢν
1322 967 1474 1019 συνέβη
1496 985 1541 1009 20

147 1034 336 1088 γενέσθαι
370 1039 422 1090 τῷ
461 1036 577 1087 πατρὶ
613 1039 738 1087 δεῦρο,
773 1036 979 1086 ἀκηκόατε.
1051 1035 1103 1078 ὡς
1139 1035 1172 1075 δ’
1209 1035 1391 1087 ὑμέτερος
1429 1034 1476 1086 ἦν

147 1104 327 1153 πολίτης,
362 1100 391 1142 ὦ
420 1101 559 1154 ἄνδρες
591 1104 778 1143 δικασταί
804 1101 862 1153 (τὸ
893 1103 968 1155 γὰρ
1001 1101 1046 1143 ὃν
1084 1103 1145 1143 καὶ
1176 1104 1320 1153 ἀληθὲς
1354 1103 1476 1145 οὕτως

146 1167 340 1223 ὑπάρχει),
370 1168 566 1221 μάρτυρας
596 1173 704 1210 καλῶ
734 1169 823 1211 τοὺς
855 1170 1000 1220 ζῶντας
1032 1171 1122 1220 ὑμῖν
1158 1174 1236 1210 τῶν
1269 1174 1476 1222 συγγενῶν

90 1250 126 1282 15
147 1241 224 1277 τῶν
256 1235 353 1288 πρὸς
385 1237 542 1288 πατρός.
614 1235 727 1277 κάλει
760 1236 806 1288 δή
840 1254 906 1288 μοι
932 1241 1086 1289 πρῶτον
1115 1239 1187 1288 μὲν
1214 1238 1477 1289 Θουκριτίδην

149 1305 211 1345 καὶ
234 1302 496 1356 Χαρισιάδην·
533 1305 554 1344 ὁ
579 1305 654 1356 γὰρ
679 1304 828 1344 τούτων
854 1304 980 1356 πατὴρ
1006 1305 1199 1355 Χαρίσιος
1230 1303 1405 1356 ἀδελφὸς
1430 1303 1477 1354 ἦν

147 1374 216 1411 τοῦ
248 1370 411 1412 πάππου
446 1375 515 1412 τοῦ
533 1372 627 1422 ἐμοῦ
654 1372 915 1423 Θουκριτίδου
942 1372 1005 1411 καὶ
1031 1371 1262 1424 Λυσαρέτης
1287 1374 1355 1421 τῆς
1382 1372 1477 1421 ἐμῆς

147 1437 267 1489 τήθης
284 1436 480 1491 (ἀδελφὴν
498 1440 573 1491 γὰρ
592 1439 612 1478 ὁ
632 1437 790 1480 πάππος
810 1439 926 1489 οὑμὸς
947 1438 1090 1491 ἔγημεν
1111 1438 1184 1492 οὐχ
1209 1436 1474 1490 ὁμομητρίαν),
1497 1436 1638 1491 [1305]

148 1508 252 1548 θεῖος
277 1507 318 1546 δὲ
343 1509 410 1546 τοῦ
435 1505 581 1558 πατρὸς
605 1509 673 1546 τοῦ
697 1507 804 1557 ἐμοῦ·
843 1505 978 1546 ἔπειτα
1009 1505 1214 1556 Νικιάδην·
1254 1505 1316 1545 καὶ
1349 1506 1424 1557 γὰρ
1457 1505 1477 1544 ὁ
1499 1519 1538 1544 21

89 1591 128 1613 20
147 1572 286 1613 τούτου
320 1572 447 1624 πατὴρ
482 1574 685 1615 Λυσανίας
711 1573 895 1625 ,ἀδελφὸς
932 1572 980 1623 ἣν
1015 1576 1084 1613 τοῦ
1121 1573 1380 1625 Θουκριτίδου
1417 1571 1478 1612 καὶ

147 1641 217 1690 τῆς
236 1639 479 1692 Λυσαρέτης,
502 1642 605 1682 θεῖος
623 1642 664 1681 δὲ
681 1644 750 1680 τοῦ
767 1640 910 1693 πατρὸς
930 1644 996 1680 τοῦ
1016 1642 1121 1691 ἐμοῦ·
1194 1640 1329 1680 ἔπειτα
1355 1639 1475 1678 Νικό-

149 1723 333 1759 στρατον·
371 1707 434 1747 καὶ
466 1706 541 1759 γὰρ
574 1708 594 1746 ὁ
622 1708 759 1748 τούτου
792 1707 921 1760 πατὴρ
946 1706 1136 1758 Νικιάδης
1169 1708 1405 1759 ἀδελφιδοῦς
1430 1705 1478 1756 ἦν

148 1778 201 1829 τῷ
227 1772 373 1829 πάππῳ
399 1778 452 1829 τῷ
479 1775 556 1829 ἐμῷ
592 1774 654 1815 καὶ
686 1780 733 1832 τῇ
763 1773 875 1831 τήθῃ,
902 1774 1069 1827 ἀνεψιὸς
1101 1776 1141 1815 δὲ
1167 1778 1219 1829 τῷ
1245 1774 1373 1826 πατρί.
1415 1772 1482 1813 καί

147 1857 215 1892 μοι
240 1840 351 1882 κάλει
375 1841 535 1883 τούτους
559 1841 721 1884 πάντας.
792 1842 842 1882 σὺ
868 1842 900 1882 δ’
927 1843 1100 1893 ἐπίλαβε
1125 1841 1169 1882 τὸ
1193 1843 1309 1894 ὕδωρ.

191 1960 212 1990 3
235 1955 314 1991 post
323 1951 445 1984 τούτων
458 1951 535 1983 add.
551 1951 749 1992 πραγμάτων
761 1951 795 1990 S,
814 1951 880 1982 del.
893 1951 966 1982 ead.
985 1961 1026 1982 m.
1150 1950 1296 1990 μάλιστα
1316 1949 1455 1990 Madvig
1470 1960 1479 1981 ι

147 1994 280 2035 μάλιστ’
298 1996 336 2027 ἂν
352 1996 448 2027 codd.
588 2005 622 2025 11
649 1995 708 2035 μὲν
725 1994 750 2026 S
763 1995 788 2025 F
805 1995 834 2033 Q
850 1996 880 2026 D
896 2006 903 2026 ε
926 1994 986 2035 μὲν
998 1995 1103 2027 τοίνυν
1119 1994 1149 2025 Α
1248 1995 1287 2032 ἢν
1303 1993 1328 2025 S
1343 1994 1367 2024 F
1379 1994 1408 2032 Q
1424 1993 1454 2024 D
1472 2004 1479 2024 :

137 2038 234 2077 ’ἦςΑ
369 2049 406 2077 14
431 2038 599 2079 ὑμῖνῈΩ,
618 2039 695 2077 cf.§
717 2049 782 2077 41:
808 2039 968 2078 ἡμΐνΞΑ
1103 2048 1140 2077 15
1165 2038 1202 2076 δή
1219 2037 1346 2077 μοιΑ;
1370 2037 1405 2069 δέ
1427 2051 1480 2078 μοι

149 2082 175 2113 S
188 2082 214 2112 F
229 2081 259 2120 Q
275 2093 282 2113 :
307 2081 341 2114 δὲ
360 2082 390 2112 D
518 2084 557 2113 16
580 2082 793 2124 Χαρεισιάδην
811 2083 834 2114 S
851 2083 940 2120 vulg.
961 2093 968 2113 ε
992 2082 1176 2123 Χαρσιάδην
1192 2081 1224 2112 Α
1360 2091 1395 2119 17
1420 2084 1479 2119 τῆς

149 2130 228 2157 ante
251 2125 435 2168 Λυσαρέτης
458 2126 534 2158 add.
561 2126 586 2158 S
609 2126 724 2165 vulg.:
748 2137 814 2157 om.
839 2127 870 2156 A
1027 2127 1065 2156 18
1087 2127 1186 2164 τήθης
1211 2124 1323 2163 SAQ
1337 2125 1376 2164 D,
1403 2125 1478 2155 add.

151 2174 337 2204 ΜΑΜΜΗΣ
349 2169 381 2200 Α
394 2180 460 2209 mg.
477 2181 485 2201 :
508 2173 618 2209 τιτθῆς
632 2170 733 2209 vulg„
750 2169 865 2201 itidem
880 2169 965 2200 infra
1063 2170 1224 2210 ἀδελφὴν.
1239 2193 1246 2200 .
1266 2194 1272 2199 .
1285 2169 1481 2209 ὁμομητρίαν

151 2213 216 2244 huc
233 2213 389 2244 transtuli
408 2213 465 2254 (cf.
483 2213 521 2245 C.
541 2213 583 2244 R.
602 2215 694 2253 1926,
713 2224 746 2254 p.
764 2214 840 2253 192]
858 2225 865 2244 :
888 2218 965 2253 post
989 2214 1107 2254 πατρὸς
1125 2216 1182 2245 τοῦ
1199 2214 1274 2253 ἐμοῦ
1292 2212 1364 2252 (19)
1381 2212 1479 2242 codd.

154 2266 194 2296 19
217 2256 352 2299 πατρὸς]
391 2258 508 2298 πατρὸς
550 2257 590 2295 ἦν
627 2257 658 2287 Α
768 2256 933 2295 Νικιάδην·
969 2257 1019 2289 καὶ
1059 2257 1120 2298 ’γὰρ
1155 2259 1170 2288 ὁ
1205 2257 1321 2288 τούτου
1356 2255 1451 2286 codd.
1473 2266 1479 2284 ε

150 2299 305 2338 Νικιάδην
335 2326 342 2332 .
378 2323 386 2331 .
421 2324 429 2331 .
462 2302 512 2333 καὶ
543 2302 604 2342 γὰρ
636 2303 652 2333 ὃ
674 2301 796 2333 τούτων
820 2300 983 2339 Wagner,
1008 2310 1133 2331 nomen
1158 2301 1285 2340 ἀνεψιοῦ
1314 2299 1480 2329 excidisse

151 2353 307 2383 censens,
323 2343 365 2375 cf.
385 2343 538 2385 τέτταρες
557 2347 572 2382 ξ
590 2346 631 2382 67
787 2355 828 2374 22
852 2347 868 2376 ὁ
886 2343 1034 2382 Νικιάδης
1050 2344 1081 2374 Α
1228 2353 1269 2380 23
1293 2347 1370 2382 post
1386 2341 1481 2381 πατρί

151 2386 305 2418 lacunam
339 2388 455 2419 statuit
486 2387 726 2419 Westermann
903 2398 944 2426 24
970 2388 1105 2423 ἐπίλαβε
1137 2396 1201 2425 mg.
1237 2386 1315 2416 edit.
1350 2385 1453 2416 Paris.
1473 2394 1481 2414 :

151 2430 295 2467 ὑπόλαβε
325 2431 415 2471 vulg.
434 2442 442 2462 ε
466 2433 603 2468 ὑπολέβε
621 2431 657 2471 S,
677 2436 803 2471 puncto
819 2441 920 2471 super
937 2445 950 2462 ε
967 2441 1040 2462 am.
1058 2441 1125 2461 rec.
1144 2430 1256 2470 posito

218 2496 304 2517 ιιι-44
1354 2482 1393 2512 17
