1763 2778
150 111 279 166 XLvm]
438 115 600 153 RATA
649 115 1169 152 OATMHIOAQPOT

148 214 200 266 μὴ
227 215 456 256 ἀποδιδόναι
480 230 546 265 μοι
577 213 621 254 τὸ
646 212 841 266 ἀργύριον,
871 212 1003 263 ἐπειδὴ
1035 213 1180 253 πολλοὶ
1205 211 1310 263 ἦσαν
1340 215 1376 253 οἱ
1402 214 1473 263 ἀμ-

150 285 454 335 φισβητοῦντες,
496 281 558 322 καὶ
600 280 677 334 ἔφη
714 280 860 334 χρῆναί
890 297 939 332 με
976 283 1209 332 περιμεῖναι,
1248 279 1321 322 ἕως
1356 279 1404 320 ἂν
1440 282 1475 320 οἱ

150 350 299 402 ἀγῶνες
328 348 532 401 γένωνται.
604 348 666 388 καὶ
699 348 783 399 ἐμοὶ
819 347 968 400 ἀνάγκη
1005 347 1053 398 ἦν
1081 351 1202 387 ταῦτα
1238 351 1473 401 συγχωρεῖν,

151 417 213 457 καὶ
238 416 513 469 συνεχώρησα.
572 417 672 466 μετὰ
696 417 737 455 δὲ
762 418 883 455 ταῦτα
903 415 1198 466 ἐβουλευόμεθα
1223 414 1285 454 καὶ
1312 415 1389 466 ἐγὼ
1414 414 1477 454 καὶ

113 503 130 534 5
151 485 287 524 οὑτοσὶ
316 483 639 535 Ὀλυμπιόδωρος
676 483 792 538 κοινῇ,
821 483 953 535 ὥσπερ
989 482 1050 522 καὶ
1083 482 1308 533 ὠμόσαμεν,
1344 483 1478 522 ὅντινα

150 552 296 604 τρόπον
328 550 473 603 ἄριστα
507 550 568 590 καὶ
602 548 896 602 ἀσφαλέστατα
929 550 1229 602 προσοισόμεθα
1261 552 1359 601 πρὸς
1385 548 1477 591 τοὺς

152 620 520 671 ἀμφισβητοῦντας.
581 618 645 658 καὶ
669 614 804 666 ἔδοξεν
829 617 935 667 ἡμῖν,
958 616 986 656 ὦ
1005 616 1140 669 ἄνδρες
1167 618 1361 662 δικασταί,
1387 633 1475 656 του-

151 685 235 727 τονὶ
258 687 330 738 μὲν
355 685 682 737 Ὀλυμπιόδωρον
706 688 775 725 τοῦ
802 682 945 736 κλήρου
971 685 1066 724 ὅλου
1092 685 1379 736 ἀμφισβητεῖν,
1409 685 1477 735 ἐμὲ

152 755 193 794 δὲ
217 757 284 794 τοῦ
307 753 552 805 ἡμικληρίου,
581 751 715 802 ἐπειδὴ
741 752 803 792 καὶ
831 751 1067 793 Κάλλιππος
1093 752 1112 790 ὁ
1139 752 1315 804 ἀδελφὸς
1338 752 1358 791 ὁ
1387 751 1478 802 ἐμὸς

95 840 134 863 10
151 824 219 861 τοῦ
237 820 469 872 ἡμικληρίου
493 820 616 871 μόνον
640 818 910 872 ἠμφεσβήτει.
972 819 1036 858 καὶ
1059 818 1192 869 ἐπειδὴ
1215 819 1478 870 ἀνεκρίθησαν

151 887 248 941 πρὸς
272 888 324 944 τῷ
347 886 508 941 ἄρχοντι
533 886 687 927 ἅπασαι
721 888 760 927 αἱ
788 885 1117 938 ἀμφισβητήσεις
1144 886 1207 926 καὶ
1231 886 1309 926 ἔδει
1335 886 1476 938 ἀγωνί-

153 956 290 1006 ζεσθαι
323 956 366 995 ἐν
401 959 454 1010 τῷ
490 954 739 1009 δικαστηρίῳ,
777 953 1046 1006 ἀπαράσκευοι
1078 952 1177 1004 ἦμεν
1214 952 1257 992 τὸ
1293 952 1478 1005 παράπαν

151 1021 248 1076 πρὸς
272 1021 317 1062 τὸ
340 1021 413 1073 ἤδη
439 1022 705 1074 ἀγωνίζεσθαι
730 1021 807 1073 ἐγὼ
830 1021 891 1060 καὶ
916 1019 1239 1073 Ὀλυμπιόδωρος
1254 1021 1390 1060 οὑτοσὶ
1416 1021 1479 1060 διὰ

150 1093 195 1130 τὸ
225 1088 415 1142 ἐξαίφνης
453 1087 765 1130 ἐπιπεπτωκέναι
798 1088 891 1138 ἡμῖν
928 1088 1103 1129 πολλοὺς
1139 1088 1230 1129 τοὺς
1267 1088 1477 1141 ἀμφισβη-

94 1176 131 1208 15
150 1160 327 1199 τοῦντας·
366 1158 409 1197 ἐκ
433 1158 476 1197 δὲ
507 1160 585 1196 τῶν
616 1155 877 1209 ὑπαρχόντων
910 1156 1157 1206 ἐσκοποῦμεν
1191 1155 1315 1210 κοινῇ,
1339 1156 1377 1196 εἴ
1398 1172 1479 1196 πως

152 1222 336 1275 ἀναβολή
360 1239 420 1266 τις
442 1222 600 1277 γένοιτο
619 1224 663 1264 ἐν
685 1227 738 1276 τῷ
765 1223 939 1274 παρόντι,
966 1223 1071 1262 ὥστε
1096 1221 1480 1274 παρασκευάσασθαι

152 1291 252 1343 ἡμᾶς
278 1290 362 1331 καθ’
386 1291 560 1344 ἡσυχίαν
585 1293 681 1343 πρὸς
708 1288 778 1329 τὸν
807 1290 954 1342 ἀγῶνα.
1026 1290 1088 1329 καὶ
1116 1290 1212 1329 κατὰ
1244 1289 1370 1342 τύχην
1392 1288 1480 1329 τινὰ

155 1359 219 1400 καὶ
250 1359 416 1409 δαίμονα
446 1359 556 1409 ὑμεῖς
583 1358 797 1407 ἐπείσθητε
831 1356 906 1397 ὑπὸ
930 1360 1008 1397 τῶν
1043 1357 1219 1409 ῥητόρων
1250 1357 1307 1397 εἰς
1337 1355 1478 1408 Ἀκαρ-

154 1426 292 1466 νανίαν
318 1425 562 1478 στρατιώτας
593 1423 821 1475 ἐκπέμπειν,
851 1424 912 1464 καὶ
939 1424 1016 1464 ἔδει
1048 1424 1109 1463 καὶ
1147 1423 1299 1463 τουτονὶ
1328 1422 1478 1472 Ὀλυμ-

95 1513 136 1535 20
157 1493 351 1546 πιόδωρον
371 1491 670 1545 στρατεύεσθαι,
690 1491 751 1531 καὶ
771 1490 893 1546 ᾤχετο
909 1492 1100 1542 μετὰτῶν
1115 1490 1252 1530 ἄλλων
1269 1489 1479 1542 στρατευό-

153 1577 283 1612 μενος.
355 1560 418 1600 καὶ
441 1557 721 1610 συνεβεβήκει,
752 1558 804 1600 ὡς
829 1558 986 1613 ᾠόμεθα
1008 1558 1133 1608 ἡμεῖς,
1161 1558 1256 1608 αὕτη
1282 1558 1480 1606 καλλίστη

155 1624 352 1678 ἀναβολή,
401 1627 572 1680 δημοσίᾳ
622 1625 761 1666 τούτου
809 1626 1104 1676 ἀποδημοῦντος
1152 1623 1478 1677 στρατευομένου.

154 1693 289 1745 ἐπειδὴ
310 1697 353 1735 δὲ
379 1692 513 1734 ἐκάλει
537 1694 557 1732 ὁ
582 1692 717 1747 ἅρχων
747 1693 802 1734 εἰς
825 1691 871 1732 τὸ
902 1690 1158 1745 δικαστήριον
1189 1691 1367 1734 ἅπαντας
1390 1690 1482 1732 τοὺς

155 1762 511 1815 ἀμφισβητοῦντας
537 1762 635 1800 κατὰ
662 1759 731 1800 τὸν
756 1760 891 1810 νόμον,
928 1759 1226 1810 ὑπωμοσάμεθα
1251 1758 1364 1809 ἡμεῖς
1388 1775 1477 1798 του-

61 1836 67 1841 ’
95 1852 133 1884 25
153 1829 237 1869 τονὶ
262 1828 592 1880 Ὀλυμπιόδωρον
608 1828 778 1880 δημοσία
811 1828 966 1867 ἀπεῖναι
991 1827 1314 1880 στρατευόμενον.
1388 1826 1480 1866 ὑπο-

153 1895 342 1947 μοθέντος
379 1897 423 1936 δὲ
455 1895 594 1936 τούτου
626 1894 966 1945 ἀνθυπωμόσαντο
997 1894 1036 1934 οἱ
1070 1894 1271 1939 ἀντίδικοι,
1304 1892 1365 1932 καὶ
1397 1895 1479 1933 δια-

154 1963 378 2015 βάλλοντες
404 1961 732 2015 Ὀλυμπιόδωρον
761 1962 929 2008 τουτονί,
953 1961 1114 2013 ὕστεροι
1142 1961 1253 2012 ἡμῶν
1281 1958 1480 2012 λέγοντες,

156 2030 319 2071 ἔπεισαν
338 2029 430 2073 τοὺς
452 2031 641 2072 δικαστὰς
666 2029 931 2082 ψηφίσασθαι
950 2031 1018 2079 τῆς
1042 2030 1150 2079 δίκης
1183 2029 1296 2069 ἕνεκα
1326 2027 1482 2067 ἀπεῖναι

155 2097 308 2138 τουτονὶ
357 2097 420 2138 καὶ
467 2096 512 2138 οὐ
555 2097 740 2151 δημοσίᾳ.
811 2095 1108 2149 ψηφισαμένων
1148 2097 1194 2137 δὲ
1238 2098 1360 2135 ταῦτα
1406 2097 1482 2133 τῶν

200 2217 219 2237 2
242 2207 420 2248 περιμένειν
435 2205 467 2236 Α
635 2217 653 2245 4
679 2206 729 2238 καὶ
749 2207 811 2246 ἐγὼ
829 2205 852 2236 S
868 2218 874 2237 :
900 2207 962 2247 ἐγὼ
980 2209 1058 2238 cett.
1235 2206 1253 2236 8
1278 2206 1355 2236 ὅλου
1371 2214 1433 2234 om.
1451 2200 1483 2232 A

157 2260 178 2290 9
195 2253 210 2282 ὁ
223 2251 310 2291 ἐμὸς]
322 2265 380 2291 μου
392 2248 425 2280 A
516 2260 554 2288 13
571 2252 620 2282 καὶ
635 2261 697 2280 om.
716 2248 754 2280 Sl
850 2260 887 2289 19
903 2251 1045 2281 alterum
1061 2251 1110 2281 καὶ
1124 2259 1177 2280 om
1190 2248 1221 2278 Α
1310 2260 1344 2278 :21
1368 2251 1482 2284 συμβε-

157 2295 251 2333 βήκει
268 2294 291 2324 S
308 2298 343 2324 et
361 2293 490 2334 (συμβ.)
508 2295 537 2324 Α
554 2305 561 2324 :
597 2294 804 2333 συμβέβηκεν
819 2295 860 2325 al.
1031 2294 1109 2331 αὕτη
1127 2293 1158 2322 A
1176 2304 1183 2323 t
1219 2293 1298 2330 αὕτη
1317 2293 1335 2329 ἡ
1352 2292 1375 2321 S
1393 2291 1482 2331 (sine

156 2338 310 2377 accentu)
326 2337 351 2367 F
367 2337 396 2375 Q
412 2338 441 2367 D
532 2348 572 2367 22
591 2337 844 2378 στρατευομένου
859 2338 881 2368 S
900 2348 906 2367 :
931 2337 981 2369 καὶ
1001 2350 1069 2378 στρ.
1089 2341 1167 2368 cett.
1259 2346 1299 2374 25
1317 2334 1439 2366 ἀπιέναι
1451 2333 1482 2363 Α

157 2391 198 2420 27
223 2382 348 2423 ὕστεροι
373 2381 438 2411 SA
457 2391 464 2411 t
500 2383 633 2421 ὕστερον
656 2384 745 2418 vulg.
886 2382 993 2420 28-29
1016 2382 1140 2413 ἀπεῖναι
1161 2380 1284 2411 τουτονὶ
1309 2378 1370 2408 51Γ
1386 2376 1415 2415 Q
1429 2377 1459 2406 D
1475 2387 1482 2407 :

157 2423 281 2457 ἀπιέναι
294 2427 407 2457 τοῦτον
422 2423 455 2454 A

1497 110 1623 165 [1173]

1498 433 1540 457 22

1499 832 1542 866 23

1500 1307 1544 1340 24

1502 1422 1630 1477 [1174]
