1763 2778
128 139 266 193 [1370]
686 139 1210 196 [ΔιιΜοΣΘΕΝΟὙΣ]
1538 141 1615 196 [ux

224 263 268 298 74
355 244 556 295 Βούλομαι
603 244 638 285 δ’
685 246 775 300 ὑμῖν
822 243 1109 295 ἀκριβέστερον
1156 244 1244 295 περὶ
1291 244 1417 285 αὐτῶν
1464 244 1614 286 ἄνωθεν

288 310 556 363 διηγήσασθαι
576 311 660 352 καθ’
680 312 861 359 ἕκαστον,
882 312 948 352 ἵνα
964 314 1122 361 μᾶλλον
1139 311 1365 362 ἐπιμέλειαν
1390 310 1613 362 ποιήσησθε

287 380 354 428 τῆς
379 379 576 430 τιμωρίας,
604 378 668 419 καὶ
692 380 819 429 εἰδῆτε
842 379 904 419 ὅτι
929 378 974 419 οὐ
990 379 1116 430 μόνον
1137 379 1235 430 ὑπὲρ
1260 379 1367 430 ὑμῶν
1389 378 1517 419 αὐτῶν
1551 380 1614 421 καὶ

287 449 364 485 τῶν
403 446 534 495 νόμων
570 445 643 496 τὴν
682 448 826 498 ψῆφον
862 447 1006 495 οἴσετε,
1041 446 1149 486 ἀλλὰ
1187 445 1248 485 καὶ
1287 447 1357 495 τῆς
1393 449 1487 497 πρὸς
1523 445 1612 487 τοὺς

287 511 398 555 θεοὺς
424 512 649 563 εὐλαβείας,
674 513 863 564 τιμωρίαν
888 513 986 564 ὑπὲρ
1004 516 1084 553 τῶν
1101 512 1366 563 ἠσεβημένων
1386 513 1612 564 ποιούμενοι
1631 531 1649 563 5

287 579 349 620 καὶ
373 579 604 629 κολάζοντες
629 579 719 621 τοὺς
744 579 986 630 ἠδικηκότας.
1042 578 1087 620 τὸ
1113 581 1189 631 γὰρ
1212 580 1392 633 ἀρχαῖον,
1421 578 1450 621 ὦ
1472 579 1612 632 ἄνδρες

286 645 500 696 Ἀθηναῖοι,
532 647 742 686 δυναστεία
776 647 818 687 ἐν
848 652 898 704 τῇ
929 647 1046 687 πόλει
1080 646 1128 697 ἦν
1156 646 1220 688 καὶ
1250 646 1274 698 ἡ
1308 647 1501 698 βασιλεία
1533 651 1610 688 τῶν

283 713 344 753 ἀεὶ
379 714 653 766 ὑπερεχόντων
689 715 753 754 διὰ
788 712 833 753 τὸ
866 713 1108 767 αὐτόχθονας
1146 713 1258 759 εἶναι,
1297 715 1366 756 τὰς
1396 716 1436 754 δὲ
1474 714 1610 756 θυσίας

282 779 441 822 ἁπάσας
475 781 494 819 6
523 780 720 830 βασιλεὺς
751 781 853 826 ἔθυε,
881 780 943 821 καὶ
972 779 1042 822 τὰς
1068 780 1314 831 σεμνοτάτας
1338 781 1402 822 καὶ
1425 780 1611 832 ἀρρήτους

218 858 259 895 75
281 847 303 897 ἡ
330 847 427 899 γυνὴ
453 847 570 887 αὐτοῦ
597 848 736 894 ἐποίει,
765 847 936 894 εἰκότως,
971 848 1194 898 βασίλιννα
1222 847 1334 888 οὖσα.
1408 847 1609 898 ἐπειδὴδὲ
1632 867 1671 890 10

283 913 444 965 Θησεὺς
481 912 704 968 συνῴκισεν
738 914 878 956 αὐτοὺς
915 915 977 955 καὶ
1014 915 1277 966 δημοκρατίαν
1315 915 1505 965 ἐποίησεν
1546 914 1609 955 καὶ

280 980 304 1032 ἡ
346 982 460 1022 πόλις
503 980 812 1034 πολυάνθρωπος
853 981 1022 1034 ἐγένετο,
1061 981 1128 1021 τὸν
1169 983 1243 1032 μὲν
1278 981 1457 1033 βασιλέα
1497 981 1609 1023 οὐδὲν

280 1047 397 1099 ἧττον
423 1049 442 1088 6
469 1051 589 1100 δῆμος
611 1048 745 1106 ᾑρεῖτο
769 1049 812 1089 ἐκ
838 1049 1058 1101 προκρίτων
1082 1048 1164 1088 κατ’
1189 1049 1455 1101 ἀνδραγαθίαν
1470 1065 1603 1102 χειρο-

280 1119 417 1162 τονῶν,
442 1115 514 1166 τὴν
547 1118 591 1157 δὲ
622 1119 788 1168 γυναῖκα
817 1116 935 1156 αὐτοῦ
961 1116 1083 1166 νόμον
1105 1114 1243 1156 ἔθει·το
1265 1115 1394 1166 ἀστὴν
1418 1115 1520 1156 εἶναι
1545 1115 1608 1156 καὶ

277 1182 329 1233 μὴ
357 1182 686 1235 ἐπιμεμειγμένην
720 1182 837 1238 ἑτέρῳ
869 1183 982 1234 ἀνδρὶ
1007 1180 1114 1223 ἀλλὰ
1146 1181 1341 1235 παρθένον
1366 1187 1518 1235 γαμεῖν,
1543 1184 1609 1224 ἵνα
1630 1201 1669 1235 15

280 1251 377 1290 κατὰ
412 1252 462 1290 τὰ
495 1249 641 1303 πάτρια
675 1250 813 1301 θύηται
843 1251 894 1291 τὰ
925 1249 1072 1302 ἄρρητα
1098 1251 1183 1301 ἱερὰ
1214 1251 1311 1301 ὑπὲρ
1342 1252 1410 1300 τῆς
1438 1251 1606 1298 πόλεως,

280 1318 342 1357 καὶ
373 1318 422 1357 τὰ
455 1318 690 1369 νομιζόμενα
720 1317 905 1371 γίγιήται
935 1321 1018 1359 τοῖς
1049 1320 1154 1358 θεοῖς
1185 1317 1364 1368 εὐσεβῶς
1393 1317 1456 1357 καὶ
1482 1319 1608 1369 μηδὲν

212 1389 258 1432 76
279 1385 520 1435 καταλύηται
563 1387 662 1437 μηδὲ
711 1386 998 1436 καινοτομῆται.
1071 1383 1134 1424 καὶ
1179 1388 1318 1425 τοῦτον
1368 1383 1438 1425 τὸν
1483 1385 1606 1435 νόμον

277 1450 506 1504 γράψαντες
538 1453 582 1493 ἐν
613 1452 744 1508 στήλῃ
778 1453 910 1508 λιθίνῃ
944 1451 1121 1502 ἔστησαν
1155 1453 1197 1492 ἐν
1222 1456 1274 1506 τῷ
1302 1453 1389 1506 ἱερῷ
1418 1454 1488 1492 τοῦ
1511 1456 1604 1493 Διο-

277 1535 398 1559 νυσου
433 1521 538 1571 παρὰ
566 1518 635 1560 τὸν
667 1518 808 1571 βωμὸν
840 1520 883 1560 ἐν
917 1519 1082 1570 Λίμναις
1108 1516 1188 1569 (καὶ
1219 1520 1315 1570 αὕτη
1343 1519 1366 1570 ἡ
1394 1517 1522 1570 στήλη
1547 1519 1606 1560 ἔτι
1628 1538 1668 1560 20

278 1586 340 1626 καὶ
364 1590 432 1626 νῦν
458 1586 638 1637 ἕστηκεν,
665 1587 850 1638 ἀμυδροῖς
874 1585 1103 1638 γράμμασιν
1128 1585 1322 1628 Ἀττικοῖς
1351 1589 1531 1636 δηλοῦσα
1556 1584 1605 1626 τὰ

276 1651 554 1705 γεγραμμένα),
579 1653 794 1706 μαρτυρίαν
819 1653 1051 1704 ποιούμενος
1077 1653 1097 1692 ὁ
1121 1654 1240 1703 δῆμος
1264 1654 1361 1705 ὑπὲρ
1386 1655 1455 1703 τῆς
1485 1653 1604 1694 αὑτοῦ

127 1715 254 1771 [1371]
276 1720 484 1771 εὐσεβείας
521 1720 617 1773 πρὸς
653 1720 720 1761 τὸν
757 1720 848 1761 θεὸν
884 1721 946 1760 καὶ
982 1719 1312 1771 παρακαταθήκην
1355 1721 1604 1761 καταλείπων

274 1791 356 1828 τοῖς
389 1787 718 1840 ἐπιγιγνομένοις,
753 1788 813 1828 ὅτι
843 1785 917 1838 τήν
948 1804 995 1840 γε
1027 1789 1102 1842 θεῷ
1133 1791 1300 1840 γυναῖκα
1331 1786 1604 1838 δοθησομένην

276 1853 338 1894 καὶ
362 1853 611 1905 ποιήσουσαν
636 1857 685 1895 τὰ
715 1853 800 1906 ἱερὰ
831 1854 1016 1905 τοιαύτην
1040 1853 1226 1905 ἀξιοῦμεν
1260 1853 1372 1894 εἶναι.
1444 1854 1506 1894 καὶ
1539 1855 1604 1894 διὰ
1625 1872 1663 1905 25

274 1924 393 1961 ταῦτα
427 1922 468 1961 ἐν
500 1926 553 1977 τῷ
589 1921 836 1977 ἀρχαιοτάτῳ
869 1923 958 1977 ἱερῷ
986 1923 1054 1961 τοῦ
1080 1921 1279 1961 Διονύσου
1313 1920 1374 1961 καὶ
1398 1920 1602 1976 ἁγιωτάτῳ

274 1988 315 2027 ἐν
342 1989 508 2039 Λίμναις
527 1989 719 2040 ἔστησαν,
746 1990 811 2030 ἵνα
834 1988 887 2040 μὴ
913 1987 1060 2028 πολλοὶ
1085 1989 1244 2029 εἰδῶσιν
1268 1989 1318 2029 τὰ
1335 1987 1601 2041 γεγραμμένα·

273 2053 382 2106 ἅπαξ
402 2054 478 2108 γὰρ
501 2059 569 2096 τοῦ
594 2057 772 2096 ἐνιαυτοῦ
797 2055 967 2097 ἑκάστου
990 2055 1205 2108 ἀνοίγεται,
1232 2061 1279 2112 τῇ
1313 2054 1509 2111 δωδεκάτῃ
1533 2057 1602 2095 τοῦ

209 2136 253 2172 77
273 2122 586 2175 ἀνθεστηριῶνος
608 2123 743 2175 μηνός.
793 2124 891 2175 ὑπὲρ
915 2124 1047 2163 τοίνυν
1068 2123 1193 2174 ἁγίων
1211 2123 1276 2163 καὶ
1297 2126 1453 2174 σεμνῶν
1474 2123 1600 2174 ἱερῶν,

273 2189 327 2230 ὧν
352 2191 388 2230 οἱ
414 2190 602 2242 πρόγονοι
625 2191 732 2241 ὑμῶν
756 2191 879 2233 οὕτως
907 2193 1038 2231 καλῶς
1071 2188 1135 2230 καὶ
1165 2192 1479 2242 μεγαλοπρεπῶς
1511 2190 1599 2229 ἐπε·
1623 2207 1664 2238 30

315 2308 334 2337 5
360 2299 543 2340 εὐλαβείας]
569 2300 735 2335 εὐσεβείας
761 2299 791 2328 D
816 2309 900 2330 corr.
929 2298 1085 2339 (Tayloffl
1110 2298 1195 2329 sicut
1215 2300 1231 2336 ξ
1259 2299 1309 2337 76,
1328 2302 1420 2328 recte
1438 2297 1600 2337 sortasse;

272 2343 331 2373 sed
346 2343 387 2373 cf.
403 2343 485 2373 Plat.
503 2343 608 2382 Legg.
622 2343 686 2382 879
697 2353 715 2372 e
813 2353 834 2382 9
851 2343 1050 2382 σεμνότητας
1065 2342 1089 2372 S
1104 2342 1129 2372 F
1142 2342 1172 2380 Q
1185 2351 1270 2373 corr.
1375 2351 1414 2372 10
1429 2342 1600 2379 βασίλιννα

273 2385 298 2417 S
314 2385 350 2415 F¹
363 2386 392 2424 Q
405 2396 489 2418 corr.
505 2397 513 2417 ε
537 2387 720 2423 βασίλισσα
738 2385 764 2416 F
777 2396 861 2418 corr.
885 2385 931 2424 ΩΙ
948 2386 976 2415 D
998 2386 1223 2425 Phrynichus,
1242 2384 1283 2415 cs.
1310 2383 1549 2416 Meisterhans³
1567 2395 1599 2424 p.

275 2439 346 2460 101.
365 2438 386 2468 5
514 2440 548 2459 11
577 2429 759 2471 συνῴκησεν
774 2429 798 2460 S
812 2439 898 2461 corr.
918 2439 934 2459 ι·
949 2429 973 2459 F
1121 2439 1161 2458 22
1184 2429 1357 2469 μαρτυρίαν
1375 2427 1537 2459 Dindorf:
1562 2429 1600 2466 ἢν

270 2473 442 2514 μαρτυρίαν
473 2473 570 2504 codd.
728 2484 767 2511 2⁴
791 2486 831 2514 γε
856 2475 913 2513 θεῷ
941 2472 1126 2503 Schaefer:
1161 2485 1199 2512 γε
1227 2473 1277 2504 σοὶ
1308 2471 1429 2503 codd.:
1455 2472 1600 2513 Διονύσῳ

271 2515 399 2556 Tayloz:
