1763 2778
98 113 231 169 [1361]
658 111 1174 168 [ΔΗΜΟΣΘΕΝΟΎΣ]
1503 112 1580 168 [mx

804 213 1034 240 ΔΙΑΛΛΑΓΑῙ.

303 271 414 308 Κατιι
433 271 517 309 τάδε
539 269 744 319 ὃιηλλαξαι
763 270 950 319 Φρυνίιιωια
971 270 1029 306 καὶ
1050 269 1254 317 Στέφανον,
1275 269 1474 320 χρῆσθαι“
1460 271 1579 308 εκάτε·

249 343 314 375 ρον
336 326 479 376 Νεαιρα
498 327 563 364 τὰς
588 326 670 364 ἴσας
696 325 834 374 ἡμερας
858 327 923 362 τοῦ
949 324 1064 373 μηνὸς
1088 322 1174 374 παρ’
1193 326 1332 364 ἑαυτοῖς
1352 326 1513 377 ἔχοντας,
1536 324 1580 363 ἂν

250 381 302 430 μή
321 398 356 419 τι
377 381 475 418 ἄλλο
495 380 597 418 αὐτοὶ
618 381 740 419 αυτοῖς
760 396 1072 431 συγχωρησωσιν.

185 476 231 517 43
315 462 389 505 “Ως
415 463 447 503 δ’
469 462 771 515 ἀπηλλαγμένοι
807 461 924 513 ἦσαν,
952 464 987 503 οἱ
1020 461 1211 514 παρόντες
1238 461 1407 518 ἑκατέρῳ
1439 462 1503 504 ἐπὶ
1532 469 1579 521 τῇ
1599 479 1616 510 5

252 531 378 587 διαίτῃ
428 530 490 571 καὶ
537 535 620 572 τοῖς
657 529 902 583 πράγμασιν,
945 530 1028 570 οἷον
1069 530 1176 580 οἶμαι
1217 534 1332 583 φιλεῖ
1370 530 1579 583 γίγνεσθαι

253 597 454 645 ἑκάστοτε,
480 597 615 639 ἄλλως
638 615 680 638 τε
715 597 778 639 καὶ
805 598 895 649 περὶ
920 598 1074 648 ἑταίρας
1099 596 1220 647 οὔσης
1239 597 1369 639 αὐτοῖς
1397 600 1466 648 τῆς
1495 600 1577 637 δια-

252 667 392 718 φορᾶς,
433 665 497 706 ἐπὶ
535 667 693 705 δεῖπνον
731 663 835 721 ᾖσαν
874 664 928 707 ὡς
963 663 1147 716 ἑκάτερον
1184 663 1323 710 αὐτῶν,
1361 664 1479 704 ὁπότε
1515 664 1578 705 καὶ

252 731 427 783 Νέαιραν
462 732 607 784 ἔχοιεν,
648 732 710 772 καὶ
746 731 858 782 αὑτηὶ
897 732 1141 771 συνεδείπνει
1179 731 1241 770 καὶ
1280 730 1491 771 συνέπινεν
1528 730 1579 773 ὡς

251 799 385 850 ἑταίρα
408 799 521 840 οὖσα.
582 799 645 840 καὶ
671 799 732 840 ὅτι
744 798 851 840 ταῦτ’
878 799 1003 849 ἀληθῆ
1021 797 1140 850 λέγω,
1169 796 1280 837 κάλει
1298 814 1365 848 μοι
1383 797 1579 850 μάρτυρας
1602 818 1642 841 10

250 865 339 906 τοὺς
371 866 564 907 συνόντας
601 867 746 915 αὐτοῖς,
785 865 996 916 Εὔβουλον
1025 866 1320 917 Προβαλίσιον,
1360 867 1579 916 Διοπείθην

252 932 443 980 Μελιτέα,
474 932 669 983 Κτήσωιά
696 934 739 974 ἐκ
764 932 990 985 Κεραμέων.

795 1019 1014 1048 ΜΑΡΤΤΡΕΣ.

303 1078 502 1126 Εὔβουλος
542 1078 818 1127 Προβαλίσιος,
859 1076 1060 1125 Διοπείθης
1100 1077 1296 1121 Μελιτεύς,
1339 1076 1501 1126 Κτήσων
1539 1079 1579 1115 ἐκ

249 1132 450 1181 Κεραμέων
478 1135 737 1182 μαρτυροῦσιν,
771 1131 894 1180 ἐπειδὴ
924 1133 961 1168 αἱ
991 1131 1191 1182 διαλλαγαὶ
1226 1132 1393 1182 ἐγένοντο
1426 1132 1463 1168 αἱ
1495 1132 1579 1181 περὶ
1601 1145 1638 1176 15

250 1187 412 1236 Νεαίρας
440 1188 616 1236 Φρυνίωνι
644 1188 703 1224 καὶ
729 1187 919 1237 Στεφάνῳ,
949 1186 1134 1225 πολλάκις
1162 1185 1428 1234 συνδειπνῆσαι
1457 1187 1579 1226 αὐτοῖς

250 1241 309 1278 καὶ
338 1242 533 1290 συμπίνειν
560 1243 654 1291 μετὰ
684 1241 845 1290 Νεαίρας
872 1243 938 1289 τῆς
966 1240 1042 1278 νυνὶ
1070 1240 1347 1291 ἀγωνιζομένης,
1379 1239 1439 1278 καὶ
1467 1241 1580 1279 ὁπότε

248 1296 350 1345 παρὰ
370 1297 547 1347 Στεφάνῳ
568 1296 622 1345 εἴη
644 1297 786 1345 Νέαιρα
807 1296 864 1333 καὶ
886 1294 997 1333 ὁπότε
1016 1296 1116 1344 παρὰ
1136 1296 1323 1344 Φρυνίωνι.

309 1374 365 1415 ’Ὀ
454 1378 466 1390 δ
563 1376 594 1411 ‘1
664 1374 762 1426 ’ξίω
793 1377 839 1417 ss*
855 1375 964 1415 δούλι
993 1373 1043 1415 ἶν’
1057 1374 1119 1415 καὶ
1135 1375 1184 1415 ἐπ
1211 1373 1259 1414 άθ
1301 1374 1358 1416 δὶς
1376 1374 1438 1416 καὶ
1452 1373 1475 1415 ἰ’
1532 1373 1575 1415 ά-

185 1397 229 1431 49
368 1393 405 1416 τι
422 1392 496 1427 μέν
510 1392 583 1416 του
596 1392 642 1416 vv
657 1393 674 1415 ε
741 1393 815 1429 ιχ]
964 1392 975 1425 ι
1006 1393 1015 1424 1
1185 1392 1207 1426 ρ
1262 1392 1283 1425 η
1467 1392 1530 1428 ιργ

251 1442 338 1492 ζετο
355 1445 409 1497 τῷ
430 1443 584 1493 σώματι
607 1442 660 1484 ὡς
675 1444 811 1495 ἑταίρα
826 1442 939 1488 οὓσα,
961 1441 1023 1482 καὶ
1043 1441 1192 1494 ἀπέδρα
1210 1441 1278 1482 τὸν
1294 1443 1503 1494 Φρυνίωνα
1521 1444 1578 1484 εἷς
1598 1460 1639 1482 20

250 1508 430 1562 Μέγαρα,
448 1510 511 1551 καὶ
528 1509 681 1560 ἥκουσα
698 1507 948 1562 κατηγγυήθη
965 1508 1016 1551 ὡς
1036 1507 1127 1559 ξένη
1147 1509 1249 1550 οὖσα
1267 1509 1364 1561 πρὸς
1383 1513 1435 1564 τῷ
1456 1514 1575 1550 πολε-

87 1579 226 1634 [1362]
246 1575 400 1632 μάρχῳ,
421 1581 474 1631 τῷ
499 1594 542 1617 τε
566 1578 674 1632 λόγῳ
701 1577 911 1629 ἀποφαίνω
935 1576 1026 1627 ὑμῖν
1052 1575 1116 1616 καὶ
1137 1576 1439 1628 μεμαρτύρηται.
1480 1577 1575 1627 βού-

248 1648 369 1695 λομαι
384 1643 418 1684 δ’
426 1645 515 1695 ὑμῖν
534 1644 596 1684 καὶ
611 1643 730 1684 αὐτὸν
738 1643 945 1696 Στέφανον
953 1643 1107 1684 τουτονὶ
1123 1642 1314 1694 ἐπιδεῖξαι
1330 1660 1574 1697 καταμεμαρ-

185 1731 230 1766 50
248 1709 427 1762 τυρηκότ’
445 1711 563 1761 αὐτῆς
581 1711 631 1752 ὡς
650 1711 739 1751 ἔστι
756 1709 863 1762 ξένη.
923 1710 996 1760 τὴν
1014 1711 1090 1762 γὰρ
1109 1709 1302 1762 θυγατέρα
1319 1710 1392 1761 τὴν
1407 1711 1576 1762 ταυτησὶ

250 1779 437 1830 Νεαίρας,
463 1776 511 1828 ἢν
537 1778 658 1829 ἢλθεν
682 1778 835 1831 ἔχουσα
861 1776 912 1818 ὧς
936 1778 1090 1818 τουτονὶ
1116 1776 1322 1830 παιδάριον
1349 1778 1501 1830 μικρόν,
1528 1777 1576 1828 ἣν
1597 1799 1635 1830 25

248 1844 337 1884 τότε
351 1847 423 1895 μὲν
433 1844 670 1896 Στρυβήλην
685 1844 865 1890 ἐκάλουν,
876 1845 1009 1885 νυνὶδὲ
1025 1844 1157 1889 Φανώ,
1170 1845 1353 1884 ἐκδίδωσι
1370 1844 1575 1897 Στέφανος

249 1912 385 1952 οὑτοσὶ
412 1911 462 1953 ὡς
486 1912 610 1952 οὖσαν
637 1912 752 1951 αὑτοῦ
785 1911 981 1964 θυγατέρα
1013 1911 1123 1963 ἀνδρὶ
1149 1910 1343 1966 Ἀθηναίῳ
1370 1910 1574 1964 Φράστορι

249 1979 434 2030 Αἰγιλιεῖ,
456 1978 518 2018 καὶ
544 1981 684 2030 προῖκα
708 1977 770 2019 ἐπ’
786 1978 883 2035 αὐτῇ
903 1979 1041 2018 δίδωσι
1065 1978 1273 2030 τριάκοντα
1289 1981 1401 2029 μνᾶς.
1464 1978 1515 2020 ὡς
1539 1978 1573 2018 δ’

247 2043 371 2095 ἦλθεν
395 2044 446 2087 ὡς
461 2045 529 2086 τὸν
550 2045 778 2098 Φράστορα,
796 2045 918 2098 ἄνδρα
932 2045 1101 2098 ἐργάτην
1117 2045 1180 2085 καὶ
1197 2045 1371 2097 ἀκριβῶς
1395 2049 1464 2085 τὸν
1478 2046 1574 2097 βίον

290 2153 351 2185 8
331 2159 413 2197 ᾐσαν
431 2154 600 2186 Dindorf:
623 2155 724 2198 ᾔεσαν
739 2155 838 2187 codd.
926 2165 948 2194 9
971 2169 1062 2193 αυτηι
1079 2154 1104 2186 S
1121 2166 1128 2185 :
1152 2155 1233 2193 αὐτὴ
1248 2155 1340 2194 vulg.
1437 2165 1471 2185 11
1499 2167 1571 2187 συν-

247 2189 354 2237 ὄντας]
373 2199 530 2239 παρόντας
547 2190 908 2240 F7p.Q*yp.11
927 2204 960 2229 et
981 2209 1017 2237 14
1043 2200 1260 2240 Προβαλίσιον
1275 2222 1283 2230 .
1302 2222 1309 2229 .
1330 2221 1336 2228 .
1356 2200 1572 2237 Προβαλίσιος

248 2241 278 2271 Υ
290 2252 305 2271 ῐ·
320 2241 374 2272 D.
406 2243 640 2282 Προβαλείσιος
672 2265 680 2273 .
715 2265 722 2272 .
756 2264 764 2273 .
798 2244 1032 2282 Προβαλείσιον
1062 2247 1140 2273 cett.
1302 2251 1339 2280 13
1365 2247 1571 2276 ΜΑΡΤΎΡΕΣ

247 2285 365 2324 scripsi
399 2295 473 2314 cum
507 2285 530 2315 S
545 2285 574 2314 D
591 2296 598 2315 :
632 2290 830 2317 ΜΑΡΤΎΡΙΑ
862 2285 1034 2324 legebatur
1192 2295 1228 2324 17
1253 2286 1418 2325 συμπίνειν
1448 2286 1544 2317 codd.
1562 2297 1569 2317 :

248 2331 394 2368 συμπιεῖν
409 2327 651 2359 Westcrmann
786 2339 825 2368 19
847 2328 1004 2369 ἠργάζετο
1018 2328 1062 2361 S:
1087 2330 1165 2369 εἶργ.
1177 2329 1269 2368 vulg.
1379 2338 1422 2368 23
1444 2330 1569 2361 τουτονὶ

248 2382 311 2401 οῐη.
334 2372 363 2402 Y
379 2372 408 2401 D
539 2381 581 2410 25
604 2371 765 2412 παιδάριον
782 2371 806 2402 S
819 2372 844 2401 F
859 2371 889 2410 Q
907 2383 914 2403 ε
938 2372 1061 2404 παιδίον
1076 2373 1163 2411 vulg.
1291 2372 1333 2402 26
1356 2374 1571 2413 Στρυμβήλην

247 2414 372 2446 Athen.
390 2426 452 2455 594
466 2414 497 2445 A
652 2425 694 2453 29
719 2418 757 2447 ὡς
771 2415 842 2456 τὸν]
861 2417 903 2448 εἰς
919 2416 977 2447 τὸν
993 2415 1017 2445 F
1100 2415 1242 2456 Φράτορα
1259 2414 1308 2454 8¹,
1329 2415 1439 2446 littera
1456 2429 1477 2448 σ
1495 2426 1520 2446 s.
1537 2427 1569 2448 v.

247 2459 359 2489 addita
