1763 2778
462 103 501 139 Π
515 99 794 140 ΡΟΟΙΜΙΑ.
865 105 1118 142 XLII-XLV
1477 94 1608 150 [1451]

127 205 345 254 παραινεῖν.
418 201 613 242 πολλάκις
637 200 712 255 γὰρ
733 202 810 253 ὁρῶ
834 204 877 241 τὸ
906 200 1142 253 χαρίζεσθαί
1161 218 1200 241 τι
1224 202 1329 252 παρὰ
1352 200 1453 252 γνώ-

126 286 203 320 μην
229 268 379 309 πλείον’
405 268 623 322 ἀπέχθειαν
647 268 809 321 ἐνεγκὸν
833 272 901 308 τοῦ
919 267 964 308 τὸ
983 272 1139 320 πρῶτον
1157 269 1452 318 ἐναντιωθῆναι.

129 337 161 376 εἰ
196 337 268 387 μὲν
305 336 373 376 οὖν
409 335 580 377 ἅπαντες
611 336 878 388 ἐγιγνώσκετε
906 335 1040 382 ταύτά,
1066 335 1146 376 οὔτ’
1171 335 1234 382 ἄν,
1259 336 1297 376 εἴ
1317 352 1383 386 μοι
1407 336 1454 375 τὰ

127 402 253 444 δέοντ’
270 404 440 443 ἐδοκεῖτε
461 405 748 455 προαιρεῖσθαι,
767 404 984 455 παρῆλθον,
1004 397 1214 455 περίεργον
1238 402 1453 454 ἡγούμενος

88 483 106 515 5
126 474 207 512 τοῖς
232 469 305 523 ἀφ’
329 471 456 510 αὐτῶν
481 470 505 510 ἃ
529 469 604 523 χρὴ
631 473 790 510 ποιοῦσι
814 468 961 521 λέγειν,
980 469 1060 510 οὔτ’
1081 469 1128 511 ἂν
1155 471 1187 510 εἰ
1212 469 1452 510 τούναντίον·

125 539 282 588 μᾶλλον
304 539 381 591 γὰρ
404 536 452 578 ἂν
477 536 688 589 ἡγησάμην
712 537 767 578 ἕν’
793 536 871 578 ὅντ’
899 537 1065 588 ἐμαυτὸν
1095 538 1253 590 ἀγνοεῖν
1282 539 1331 577 τὰ
1360 537 1451 589 κρά-

125 603 226 645 τιστ’
250 601 273 655 ἢ
300 603 449 647 πάντας
471 605 582 655 ὑμᾶς.
653 603 787 655 ἐπειδὴ
812 603 846 646 δ’
877 605 952 656 ὁρῶ
979 606 1085 646 τινὰς
1109 606 1218 656 ὑμῶν
1240 605 1362 644 ταύτὰ
1379 606 1453 655 μὲν
1473 621 1492 643 2

125 672 422 724 γιγνώσκοντας
460 673 557 722 ἐμοί,
595 671 786 712 τάναντία
820 671 852 712 δ’
889 671 1041 718 ἄλλοις,
1080 671 1318 724 πειράσομαι
1354 673 1452 722 μετὰ

125 739 272 780 τούτων
296 738 387 781 τοὺς
411 738 568 791 ἑτέρους
592 742 742 780 πεῖσαι.
813 740 845 780 εἰ
868 741 941 790 μὲν
971 739 1038 779 οὖν
1066 738 1258 789 οἶήσεσθε
1289 742 1371 779 δεῖν
1398 738 1451 790 μὴ

68 820 105 841 10
125 805 272 847 ’θέλειν
295 806 464 856 ἀκούειν,
492 806 561 846 οὐκ
584 807 709 858 ὀρθῶς
738 805 939 857 ποιήσετε·
968 806 1015 847 ἂν
1041 806 1073 847 δ’
1101 807 1296 857 ἀκούσητε
1320 811 1452 862 σιωπῇ

127 874 189 914 καὶ
214 873 317 914 τοῦθ’
342 874 590 925 ὑπομείνητε,
616 876 724 914 δυοῖν
758 875 923 926 ἀγαθοῖν
956 873 1122 926 θάτερον
1153 875 1243 925 ὑμῖν
1275 873 1451 926 ὑπάρξει·

125 937 147 991 ἢ
174 942 250 993 γὰρ
275 939 559 991 πεισθήσεσθε,
586 939 637 981 ἄν
657 957 696 981 τι
721 944 896 992 δοκῶμεν
921 940 1056 994 λέγειν
1084 941 1305 994 συμφέρον,
1330 937 1354 992 ἢ
1379 945 1451 993 βε-

123 1008 336 1062 βαιότερον
358 1007 449 1061 περὶ
472 1009 526 1048 ὧν
551 1008 740 1059 ἐγνώκατ’
766 1009 911 1049 ἔσεσθε
943 1008 1212 1059 πεπεισμένοι,
1287 1008 1333 1049 ἂν
1363 1007 1450 1060 γάρ,
1474 1004 1611 1061 [1452]

124 1075 181 1117 οῖς
205 1091 244 1116 τι
266 1074 543 1127 διαμαρτάνειν
568 1075 715 1127 οἰόμεθ’
740 1076 850 1126 ἡμεῖς
874 1076 986 1127 ὑμᾶς,
1013 1079 1134 1116 ταῦτα
1162 1075 1329 1127 μηδενὸς
1362 1074 1453 1126 ἄξια

66 1157 101 1189 15
124 1147 245 1200 φανῇ,
264 1143 350 1195 μετ’
370 1142 540 1196 ἐλέγχου
559 1142 607 1183 τὰ
627 1143 843 1196 δεδογμένα
869 1146 938 1184 νῦν
956 1144 1066 1195 ὑμεῖς
1090 1141 1229 1183 ἔσεσθ’
1252 1141 1452 1200 ᾑρημένοι.

752 1275 832 1313 ΜΕ

189 1356 415 1408 Βουλοίμην
440 1356 501 1405 ἄν,
527 1355 557 1399 ὦ
582 1357 721 1410 ἄνδρες
753 1357 968 1408 Ἀθηναῖοι,
1005 1357 1092 1410 περὶ
1129 1358 1183 1398 ὢν
1219 1356 1452 1408 ηὐδοκίμηκε

122 1423 254 1477 λέγων
280 1423 369 1477 παρ’
395 1425 483 1476 ὑμῖν
510 1426 530 1465 ὁ
556 1428 675 1471 δεῖνα,
705 1426 768 1465 ἐπὶ
794 1429 872 1465 τῶν
902 1425 1027 1477 ἔργων
1057 1424 1335 1477 πραττομένων
1361 1425 1452 1465 ἴσον

123 1491 227 1547 αὐτῷ
250 1490 319 1532 τὸν
343 1491 505 1532 ἔπαινον
530 1492 731 1545 γενέσθαι·
765 1493 854 1532 οὔτε
887 1491 963 1545 γὰρ
995 1492 1119 1547 τούτῳ
1155 1492 1341 1534 κακόνους
1372 1491 1451 1542 εἰμὶ

65 1573 104 1594 20
122 1560 177 1610 μὰ
208 1558 298 1601 τοὺς
332 1558 444 1601 θεοὺς
475 1560 566 1610 ὑμῖν
597 1558 631 1600 τ’
658 1559 808 1611 ἀγαθὸν
840 1559 888 1600 ἄν
920 1576 956 1600 τι
981 1560 1189 1612 γίγνεσθαι
1213 1560 1448 1610 βουλοίμην.

124 1625 215 1666 ἀλλ’
241 1624 359 1678 ὁρᾶτ’,
387 1624 416 1666 ὦ
440 1625 576 1678 ἄνδρες
608 1626 830 1677 Ἀθηναῖοι,
857 1626 910 1679 μὴ
945 1626 1238 1680 κεχωρισμένον
1269 1624 1295 1682 ᾗ
1324 1626 1450 1678 λόγον

124 1694 248 1734 εἰπεῖν
274 1693 315 1734 εἷ’)
341 1694 403 1734 καὶ
428 1693 672 1745 προελέσθαι
694 1692 905 1746 πράγματα
931 1694 1200 1747 συμφέροντα,
1225 1693 1285 1733 καὶ
1310 1692 1353 1733 τὸ
1377 1695 1450 1744 μὲν

122 1759 284 1813 ῥήτορος
324 1760 441 1814 ἔργον
479 1760 518 1817 ᾗ,
559 1764 602 1801 τὸ
642 1763 682 1801 δὲ
721 1765 813 1802 νοῦν
851 1761 1013 1814 ἔχοντος
1055 1761 1273 1813 ἀνθρώπου.
1341 1761 1449 1811 ὑμεῖς
1472 1777 1490 1801 2

123 1828 253 1868 τοίνυν
278 1829 314 1868 οἱ
339 1829 499 1875 πολλοί,
527 1829 589 1869 καὶ
618 1827 784 1879 μάλισθ’
818 1830 854 1869 οἱ
888 1828 1172 1881 πρεσβύτατοι,
1208 1828 1344 1880 λέγειν
1379 1830 1450 1879 μὲν

65 1911 102 1942 25
124 1894 192 1934 οὐκ
226 1895 406 1947 ἀφείλεθ’
444 1896 586 1946 ὁμοίως
622 1896 815 1936 δύνασθαι
856 1899 938 1938 τοῖς
974 1895 1226 1937 δεινοτάτοις·
1261 1899 1340 1935 τῶν
1376 1896 1451 1947 γὰρ

124 1961 360 2013 εἰθισμένων
383 1966 497 2002 τοῦτο
521 1962 565 2002 τὸ
590 1966 763 2015 πρᾶγμα·
796 1966 888 2003 νοῦν
913 1962 946 2002 δ’
973 1964 1080 2016 ἔχειν
1104 1961 1283 2015 ὀφείλεθ’
1308 1963 1450 2013 ὁμοίως

124 2029 187 2069 καὶ
210 2032 368 2081 μᾶλλον
392 2030 554 2070 τούτων·
575 2031 614 2071 αἱ
638 2032 715 2083 γὰρ
739 2031 934 2082 ἐμπειρίαι
960 2031 1021 2070 καὶ
1046 2029 1090 2070 τὸ
1108 2029 1228 2071 πόλλ’
1248 2029 1449 2082 ἑορακέναι

167 2148 187 2177 3
211 2141 242 2171 εἵ
253 2153 305 2180 μοι
324 2139 481 2171 Dobree:
507 2141 572 2179 ἐμοὶ
589 2140 686 2172 codd.
799 2151 819 2179 4
845 2143 967 2172 δοκεῖτε
987 2139 1012 2171 S
1123 2149 1185 2179 4—5
1211 2143 1371 2181 παρῆλθον
1388 2165 1394 2171 .
1413 2165 1420 2172 .
1438 2164 1446 2172 .

124 2184 189 2215 οὔτ’
206 2184 244 2216 ἂν
253 2185 280 2215 εἰ
293 2183 466 2222 Schaefer‚
489 2183 623 2214 Dobree
639 2195 646 2214 :
670 2186 737 2216 οὔτ’
750 2185 789 2216 ἂν
801 2187 964 2226 παρῆλθον
980 2208 988 2215 .
1008 2209 1015 2216 .
1034 2208 1041 2216 .
1061 2185 1139 2217 ὅταν
1155 2185 1186 2217 (ὅ
1199 2198 1231 2217 τι
1245 2185 1285 2217 ἂν
1303 2185 1325 2215 S
1339 2195 1354 2214 1·
1370 2184 1414 2225 D)
1429 2183 1450 2226 ᾗ

124 2227 219 2259 codd.
294 2228 315 2257 6
353 2227 397 2260 ἕν’
414 2226 496 2268 ὄντ’]
516 2229 626 2258 ενδοντ
641 2227 664 2258 S
677 2228 703 2258 C
790 2237 827 2257 12
854 2228 1014 2268 συμφέρον
1025 2228 1175 2268 λέγεινΥ
1190 2229 1242 2259 rC
1332 2238 1369 2267 13
1394 2228 1447 2268 ἂν]

125 2269 144 2302 ἃ
161 2270 184 2301 S
321 2280 358 2309 15
384 2272 437 2302 νῦν
454 2270 554 2310 ὑμεῖς]
577 2272 646 2310 ὑμῖν
662 2270 692 2309 Q
707 2283 756 2312 γρ.
896 2272 934 2301 18
960 2272 1061 2312 ἔργων
1074 2271 1214 2302 vindob.
1228 2283 1247 2311 4
1261 2272 1425 2313 (Dobsee)
1442 2282 1450 2301 ι

124 2314 225 2354 ἔργων
247 2316 312 2347 τῶν
336 2313 487 2352 Svulg.:
519 2314 621 2354 ἔργων
644 2316 694 2346 καὶ
717 2317 780 2345 τῶν
806 2313 902 2344 Blass
926 2314 1002 2345 coll.
1035 2315 1093 2344 xxi
1120 2316 1160 2353 78
1293 2326 1334 2345 20
1359 2316 1396 2347 ἄν
1418 2329 1450 2347 τι

125 2358 292 2397 γίγνεσθαι
311 2357 490 2397 βουλοίμην
509 2366 546 2387 r:
570 2358 750 2397 βουλοίμην
773 2359 811 2389 ἂν
829 2357 980 2397 γενέσθαι
1004 2357 1033 2387 D
1060 2357 1206 2398 (Wolf):
1231 2358 1387 2398 βούλομαι
1413 2359 1450 2390 ἂν

68 2401 73 2407 '
123 2399 272 2441 γενέσθαι
289 2400 313 2431 S
326 2401 416 2439 vulg.
530 2410 571 2439 24
595 2401 805 2441 πρεσβύτεροι
822 2400 866 2431 Y¹
885 2401 911 2430 C
1026 2411 1066 2440 25
1091 2404 1200 2433 δεινοῖς
1215 2412 1230 2431 r
1348 2403 1389 2432 26
1412 2402 1450 2434 τὸ

123 2446 255 2485 πρᾶγμα
266 2446 363 2476 τοῦτο
375 2443 405 2474 Y
418 2443 444 2474 C
578 2453 618 2482 27
644 2443 804 2484 ἑορακέναι
818 2443 841 2474 S
856 2444 892 2474 F¹
909 2455 916 2475 t
941 2446 1009 2486 ἑωρ.
1028 2444 1054 2474 F
1069 2455 1152 2475 corr.
1170 2446 1260 2484 vulg.
