1763 2778
131 149 256 204 [1115]
685 154 1166 192 ΔΙΙΜΟΣΘΕΝΟΎΣ
1514 149 1602 205 [va

815 250 1053 277 ΑΝΤῙΓΡΑΦΗ.

272 307 558 356 9Απολλόδωρος
571 306 903 357 ΠασίωνοςἈχαρ-
991 307 1180 354 Στέφανος
1208 307 1439 347 ἩΙενεκλέους
1467 306 1601 358 Ἀχαρ-

275 363 352 403 νεὺς
421 363 600 413 Στεφάνῳ
672 362 904 402 Μενεκλέους
972 359 1068 410 veis>
1086 361 1232 410 τάληθῆ
1254 363 1490 411 ἐμαρτύρησα
1512 379 1602 412 μαρ-

275 416 451 468 ’Λχαρνεῖ
486 416 816 466 ψευδομαρτυρίων,
850 416 902 454 τί·
970 416 1133 465 τυρήσας
1158 417 1205 453 τὰ
1230 418 1267 454 ἐν
1292 419 1342 468 τῷ
1365 417 1602 468 γραμματείῳ

273 489 380 521 μημα
425 471 618 509 τάλαντον.
694 471 741 508 τὰ
788 470 903 520 ψευδῆ
970 470 1218 522 γεγραμμένα.
1622 496 1639 526 5

273 543 344 575 μου
383 525 682 576 κατεμαρτύρησε
714 525 904 573 Στέφανος

272 581 510 630 μαρτυρήσας
535 581 581 618 τὰ
605 583 642 618 ἐν
663 583 713 632 τῷ
735 597 903 631 γραμμα-

273 636 354 686 τείῳ
373 635 621 686 γεγραμμένα.

127 745 253 799 [1116]
338 745 461 784 Ταῦθ’
487 745 599 786 οὗτος
631 743 923 797 ἀντεγράψατο,
952 744 975 784 ἃ
1003 743 1080 796 χρὴ
1110 744 1366 795 μνημονεύειν
1395 745 1507 795 ὑμᾶς,
1540 745 1602 785 καὶ

273 810 324 862 μὴ
351 811 439 852 τοὺς
471 811 530 852 ἐπ’
557 810 734 867 ἐξαπάτῃ
763 815 831 852 νῦν
860 811 1006 862 λόγους
1034 810 1109 851 ὑπὸ
1138 811 1276 851 τούτου
1309 810 1601 863 ῥηθησομένους
1622 835 1662 858 10

274 878 529 931 πιστοτέρους
555 881 755 919 ποιεῖσθαι
784 882 862 918 τῶν
891 878 1023 929 νόμων
1049 878 1112 919 καὶ
1141 881 1219 918 τῶν
1242 876 1317 918 ὑπὸ
1342 879 1479 918 τούτου
1505 894 1597 931 γρα-

274 944 431 998 φέντων
455 947 510 988 εἰς
534 945 606 996 τὴν
631 943 890 998 ἀντιγραφήν.

208 1020 252 1055 47
341 1012 598 1064 Πυνθάνομαι
629 1013 760 1052 τοίνυν
794 1011 932 1054 αὐτοὺς
965 1011 1027 1052 καὶ
1059 1011 1148 1064 περὶ
1184 1013 1238 1052 ὧν
1272 1012 1420 1065 ἔλαχον
1451 1011 1523 1062 τὴν
1559 1010 1606 1062 ἐξ

274 1080 397 1133 ἀρχῆς
423 1081 547 1130 δίκην,
574 1080 676 1131 ἐρεῖν
703 1078 765 1119 καὶ
789 1077 1090 1131 κατηγορήσειν,
1116 1079 1168 1120 ὡς
1193 1077 1516 1131 συκοφαντήματ’
1540 1078 1600 1130 ἦν.

274 1147 352 1198 ἐγὼ
384 1146 417 1187 δ’
447 1145 493 1187 ὃν
524 1148 598 1197 μὲν
628 1146 773 1198 τρόπον
806 1145 1110 1198 ἐσκευωρήσατο
1141 1145 1212 1195 τὴν
1247 1146 1461 1197 μίσθωσιν,
1495 1146 1602 1188 ὅπως
1624 1168 1661 1200 15

273 1212 344 1263 τὴν
372 1213 556 1265 ἀφορμὴν
588 1215 657 1263 τῆς
690 1212 883 1265 τραπέζης
914 1212 1121 1266 κατάσχοι,
1154 1212 1267 1253 εἶπον
1296 1213 1358 1253 καὶ
1393 1212 1602 1264 διεξῆλθον

272 1281 374 1331 ὑμῖν,
402 1282 497 1332 ὑπὲρ
523 1282 564 1320 δὲ
589 1284 668 1320 τῶν
693 1280 828 1320 ἄλλων
854 1279 921 1319 οὐκ
947 1279 994 1320 ἂν
1018 1280 1099 1321 οἷός
1124 1279 1156 1319 τ’
1183 1281 1265 1330 εἴην
1284 1279 1418 1332 λέγειν
1435 1279 1514 1331 ἅμα
1539 1280 1602 1321 καὶ

271 1348 430 1389 τούτους
455 1347 639 1400 ἐλέγχειν
666 1347 754 1399 περὶ
779 1349 847 1397 τῆς
875 1347 1098 1398 μαρτυρίας·
1138 1346 1183 1386 οὐ
1206 1348 1280 1400 γὰρ
1307 1347 1441 1388 ἱκανόν
1463 1364 1531 1398 μοι
1556 1346 1601 1387 τὸ

206 1420 250 1462 48
270 1415 372 1465 ὕδωρ
398 1415 521 1454 ἐστίν.
581 1415 642 1454 ὅτι
672 1413 705 1454 δ’
735 1413 814 1453 οὐδ’
843 1414 952 1465 ὑμεῖς
986 1413 1152 1454 ἐθέλοιτ’
1177 1413 1226 1454 ἂν
1257 1414 1417 1456 εἰκότως
1446 1414 1601 1455 ἀκούειν

271 1481 360 1532 περὶ
394 1481 544 1521 τούτων
580 1481 721 1527 αὐτῶν,
760 1482 910 1521 ἐκεῖθεν
947 1482 1120 1527 εἴσεσθε,
1159 1480 1208 1521 ἂν
1243 1481 1469 1533 λογίσησθε
1504 1480 1602 1533 πρὸς
1622 1505 1662 1528 20

269 1548 368 1599 ὑμᾶς
393 1548 545 1594 αὐτούς,
572 1549 633 1588 ὅτι
658 1548 747 1588 οὔτε
771 1551 838 1588 νῦν
863 1549 975 1588 ἐστιν
999 1547 1181 1601 χαλεπὸν
1205 1548 1292 1600 περὶ
1325 1549 1380 1589 ὧν
1402 1547 1455 1599 μὴ
1483 1565 1598 1599 κατη-

270 1615 432 1667 γόρηται
466 1614 615 1667 λέγειν,
650 1615 739 1655 οὔτε
774 1611 902 1666 (τότε)
935 1618 1097 1667 ψευδεῖς
1133 1616 1355 1667 ἀναγνόντα
1388 1616 1600 1667 μαρτυρίας

270 1682 527 1735 ἀποφεύγειν.
590 1681 681 1722 ἀλλ’
708 1681 911 1734 οὐδέτερόν
935 1699 981 1734 γε
1011 1681 1158 1722 δίκαιον
1188 1682 1336 1723 τούτων
1361 1682 1442 1722 οὐδ’
1471 1682 1520 1722 ἂν
1545 1682 1599 1725 εἷς

271 1747 441 1800 φήσειεν
471 1748 585 1795 εἶναι,
614 1748 707 1789 ἀλλ’
741 1748 761 1788 ὃ
791 1749 869 1800 ἐγὼ
902 1752 1176 1800 προκαλοῦμαι
1211 1753 1292 1789 νῦν.
1352 1752 1537 1790 σκοπεῖτε
1566 1748 1599 1789 δ’

206 1825 251 1858 49
271 1815 524 1857 ἀκούσαντες.
575 1816 651 1867 ἐγὼ
678 1817 751 1867 γὰρ
779 1815 886 1865 ἀξιῶ,
915 1815 981 1857 οὓς
1005 1818 1077 1866 μὲν
1101 1816 1322 1867 ἀφείλοντό
1342 1815 1382 1868 μ’
1407 1815 1599 1869 ἐλέγχους
1619 1839 1657 1872 25

270 1882 359 1933 περὶ
382 1885 461 1922 τῶν
485 1882 756 1934 ἐγκλημάτων,
784 1882 850 1924 οὓς
879 1884 1082 1934 προσῆκον
1106 1881 1153 1932 ἣν
1177 1883 1355 1934 ῥηθῆναι,
1386 1882 1438 1934 μὴ
1472 1883 1598 1933 ζητεῖν

270 1947 408 1990 αὐτοὺς
433 1952 515 1994 νῦν,
543 1950 603 1990 αἶς
635 1948 667 1988 δ’
699 1950 915 2001 ἀφείλοντο
945 1949 1184 2001 μαρτυρίαις,
1213 1949 1263 1991 ὡς
1293 1949 1397 1990 εἰσὶν
1421 1950 1595 1999 ἀληθεῖς,

271 2015 479 2056 δεικνύναι.
541 2016 574 2055 εἰ
606 2015 639 2055 δ’
665 2017 758 2055 ὅταν
782 2018 856 2066 μὲν
880 2015 950 2066 τὴν
980 2018 1092 2066 δίκην
1126 2017 1250 2063 εἰσίω,
1285 2018 1355 2058 τὰς
1384 2017 1596 2069 μαρτυρίας

315 2125 379 2154 ,ra-8
404 2124 579 2154 formulam
598 2134 662 2154 om.
684 2125 708 2154 S
852 2135 871 2154 2
895 2124 1076 2165 (Στέφανος
1094 2124 1293 2157 Μενεκλέους
1313 2122 1502 2167 Ἀχαρνεὺς)
1516 2125 1593 2157 add.

271 2166 399 2197 Reiske
547 2178 566 2205 3
591 2167 742 2208 Στεφάνῳ
762 2168 962 2200 Μενεκλέους
979 2168 1097 2199 Wolf:
1121 2168 1283 2209 Στέφανος
1301 2169 1481 2200 Μενεκλεὺς
1498 2168 1593 2200 codd.

269 2221 286 2250 7
306 2211 511 2252 μαρτυρήσας
530 2214 623 2250 (post
641 2211 816 2251 Στέφανος)
833 2212 929 2242 codd.
947 2222 954 2241 Ξ
978 2212 1101 2252 γράψας
1119 2211 1237 2242 Pollux
1254 2213 1309 2241 viii
1326 2213 1368 2251 58
1389 2210 1595 2252 γεγραμμένα

269 2264 347 2284 mox
375 2255 503 2284 omisso
600 2255 633 2284 in
661 2256 759 2284 codd.
787 2255 871 2285 haec
895 2256 1007 2285 omnia
1031 2255 1191 2285 continuo
1213 2255 1348 2294 scripta,
1376 2255 1592 2285 columnatim

269 2297 411 2335 digessit
431 2297 589 2328 Reiskius
721 2308 741 2336 9
766 2297 858 2330 οὗτος
875 2296 922 2328 S:
947 2297 1039 2330 οὗτος
1062 2299 1156 2330 αὐτὸς
1173 2303 1251 2330 cett.
1392 2309 1430 2329 10
1453 2299 1527 2330 τοὺς
1544 2296 1592 2329 ἐπ’

267 2351 333 2371 om.
362 2340 411 2379 5¹,
429 2341 506 2371 add.
532 2341 564 2371 in
590 2351 657 2379 mg.
683 2341 756 2371 ead.
779 2351 821 2371 m.
840 2352 847 2371 ε
873 2340 922 2372 ἐπ’
939 2352 1003 2371 om.
1024 2347 1102 2371 cett.
1273 2340 1390 2373 τούτου
1413 2342 1445 2371 in
1470 2351 1532 2372 ras.
1553 2341 1589 2378 S,

270 2385 327 2415 ὑπὸ
341 2385 456 2416 τούτου
473 2384 553 2414 scel.
576 2384 673 2414 Blass
786 2394 823 2421 14
848 2385 1120 2424 συκοφαντήματα
1141 2383 1165 2415 S
1177 2383 1207 2422 Q
1225 2395 1232 2414 :
1257 2384 1486 2425 συκοφάντημα
1502 2384 1590 2423 vulg.

271 2429 309 2457 16
333 2427 494 2468 κατάσχοι
515 2429 537 2457 S
551 2427 603 2457 D:
627 2429 779 2469 κατασχῇ
798 2428 822 2457 F
835 2427 864 2465 Q
998 2438 1038 2457 22
1063 2427 1141 2459 τότε
1158 2428 1233 2458 add.
1255 2428 1389 2458 Dobrce
