1763 2778
162 117 248 172 xm]
509 121 671 159 ΚΑΤΑ
719 121 1062 160 ΣΤΕΦΑΝοτ
1106 122 1142 160 Α
1509 117 1640 174 [1123]

162 221 308 274 τέχνην
350 218 527 270 ἐδίδαξεν
568 221 630 261 καὶ
670 219 882 274 χρημάτων
926 220 1092 271 ἐποίησε
1134 221 1266 273 κύριον
1306 225 1482 267 πολλῶν,

164 289 355 340 εὐδαίμων
377 287 555 341 γέγονεν,
586 287 658 337 τὴν
689 288 824 341 τύχην,
852 286 876 344 ᾗ
903 287 999 339 πρὸς
1024 288 1123 338 ἡμᾶς
1157 289 1334 340 ἀφίκετο,
1357 288 1484 341 ἀρχὴν

161 356 304 406 λαβὼν
329 355 459 405 πάσης
475 358 544 405 τῆς
558 358 627 395 νῦν
643 355 846 407 παρούσης
867 355 1127 406 εὐδαιμονίας.
1187 355 1326 396 οὐκοῦν
1341 356 1482 401 δεινόν,
1505 366 1548 401 73

162 419 191 461 ὦ
217 424 265 475 γῆ
287 422 348 463 καὶ
374 423 467 468 θεοί,
496 423 559 463 καὶ
583 421 682 476 πέρᾳ
706 425 847 468 δεινοῦ,
868 421 1154 472 τοὺς“Ἐλληνα
1175 424 1249 473 μὲν
1271 423 1358 463 ἀντὶ
1384 427 1483 475 βαρ-

124 506 141 538 5
161 487 290 542 βάρου
317 488 574 540 ποιήσαντας,
599 489 795 542 γνώριμον
826 488 859 529 δ’
891 488 974 529 ἀντ’
998 490 1255 541 ἀνδραπόδου,
1282 489 1486 530 τοσούτων

161 555 194 595 δ’
233 557 392 609 ἀγαθῶν
426 556 634 608 ἡγεμόνας,
673 556 832 599 τούτους
869 559 1054 608 περιορᾶν
1092 559 1134 597 ἐν
1173 561 1258 598 ταῖς
1296 556 1486 610 ἐσχάταις

162 623 341 676 ἀπορίαις
371 625 488 666 ὄντας
518 624 666 676 ἔχοντα
695 623 759 664 καὶ
787 627 1045 670 πλουτοῦντα,
1075 624 1138 664 καὶ
1164 625 1220 665 εἷς
1248 623 1352 664 τοῦθ’
1378 624 1486 675 ἥκειν

162 691 361 732 ἀναιδείας
384 691 501 737 ὥστε,
527 690 573 741 ἧς
603 689 693 743 παρ’
721 690 833 741 ἡμῶν
863 692 984 744 τύχης
1010 690 1197 745 μετέσχε,
1225 691 1367 741 ταύτης
1391 691 1487 742 ἡμῖν

159 757 211 808 μὴ
248 761 400 809 τολμᾶν
431 760 678 809 μεταδοῦναι.
750 757 843 798 ἀλλ’
863 758 977 800 αὐτὸς
1011 760 1083 809 μὲν
1120 758 1188 798 οὐκ
1225 758 1380 808 ὤκνησε
1414 757 1487 808 τὴν
1507 772 1549 806 74

102 843 140 865 10
160 823 375 866 δέσποιναν
404 828 526 877 γῆμαι
556 825 620 865 καὶ
642 824 666 875 ἢ
692 826 740 864 τὰ
770 825 1041 878 καταχύσματ’
1067 825 1184 865 αὐτοῦ
1216 825 1379 879 κατέχεε
1402 822 1486 865 τόθ’
1507 819 1637 875 [1124]

158 891 258 942 ἡνίκ’
291 890 458 943 ἐωνήθη,
481 892 602 948 ταύτῃ
637 896 848 940 συνοικεῖν,
878 892 967 933 οὐδὲ
1002 896 1142 945 προῖκα
1175 891 1291 933 πέντε
1323 891 1486 932 τάλανθ’

159 959 260 1013 αὑτῷ
303 958 470 1011 γράψαι,
512 960 634 1013 χωρὶς
669 960 723 1000 ὧν
761 960 883 1010 οὔσης
921 962 990 1010 τῆς
1025 959 1171 1011 μητρὸς
1209 960 1337 1011 κυρίας
1373 959 1486 1001 οὗτος

160 1025 351 1078 ἐγκρατὴς
366 1025 533 1079 γέγονεν
557 1030 721 1067 πολλῶν
737 1026 951 1080 χρημάτων
967 1024 1023 1078 (τί
1043 1029 1118 1079 γὰρ
1144 1026 1261 1066 αὐτὸν
1287 1026 1411 1066 οἴεσθ’
1430 1027 1487 1068 εἷς

159 1094 228 1134 τὰς
257 1092 443 1144 διαθήκας
470 1093 674 1146 ἐγγράψαι
711 1094 800 1134 ’καὶ
836 1093 979 1140 τᾶλλα,
1012 1095 1091 1133 ὅσα
1126 1095 1252 1140 ἐστίν,
1284 1093 1486 1150 Ἀρχίππῃ

103 1179 138 1212 15
160 1161 315 1211 δίδωμι;
333 1159 357 1212 ’)
391 1162 461 1202 τὰς
485 1160 518 1200 δ’
542 1160 732 1213 ἡμετέρας
759 1160 972 1214 θυγατέρας
1003 1161 1235 1212 μελλούσας
1258 1160 1306 1200 δι’
1334 1162 1485 1201 ἔνδειαν

159 1227 392 1269 ἀνεκδότους
433 1227 545 1268 ἔνδον
588 1228 803 1280 γηράσκειν
839 1234 1012 1283 περιορᾷ.
1085 1229 1146 1269 καὶ
1185 1230 1217 1268 εἰ
1255 1230 1327 1279 μὲν
1365 1227 1486 1278 πένης
1507 1246 1547 1281 75

159 1294 272 1336 οὗτος
296 1293 356 1345 ἦν,
382 1294 494 1346 ἡμεῖς
523 1296 559 1335 δ’
590 1295 845 1347 εὐποροῦντες
870 1295 1152 1349 ἐτυγχάνομεν,
1182 1296 1244 1336 καὶ
1271 1294 1423 1345 συνέρη
1448 1311 1487 1335 τι

159 1364 311 1408 παθεῖν,
338 1361 402 1402 οἶα
432 1362 579 1408 πολλά,
607 1364 706 1414 ἐμοί,
732 1364 769 1403 οἱ
803 1365 938 1404 παῖδες
963 1362 1011 1403 ἂν
1041 1364 1077 1403 οἱ
1109 1363 1247 1403 τούτου
1279 1366 1356 1403 τῶν
1382 1364 1485 1413 ἐμῶν

159 1428 382 1481 θυγατέρων
413 1429 699 1480 ἐπεδικάζοντο,
726 1432 762 1470 οἱ
798 1433 865 1470 τοῦ
896 1430 1038 1470 δούλου
1067 1434 1145 1470 τῶν
1175 1434 1242 1470 τοῦ
1274 1429 1483 1469 δεσπότου·

99 1515 140 1538 20
160 1498 258 1536 θεῖοι
282 1495 357 1549 γάρ
384 1497 487 1537 εἰσιν
512 1497 647 1539 αὐταῖς
679 1498 742 1537 διὰ
767 1497 812 1537 τὸ
837 1496 908 1547 τὴν
941 1496 1089 1549 μητέρα
1115 1497 1186 1547 τὴν
1218 1496 1315 1548 ἐμὴν
1346 1500 1486 1537 τοῦτον

157 1566 316 1614 λαβεῖν·
353 1563 486 1614 ἐπειδὴ
507 1563 540 1603 δ’
565 1565 720 1616 ἀπόρως
745 1564 856 1615 ἡμεῖς
882 1564 1038 1617 ἔχομεν,
1061 1563 1254 1615 τηνικαῦτ’
1281 1564 1325 1604 οὐ
1344 1581 1482 1604 συνεκ-

158 1630 280 1671 δώσει
302 1630 456 1676 ταύτας,
485 1632 591 1671 ἀλλὰ
615 1631 726 1683 λέγει
753 1632 814 1671 καὶ
845 1633 1046 1684 λογίζεται
1077 1631 1121 1671 τὸ
1146 1633 1298 1681 πλῆθος
1328 1631 1382 1671 ὧν
1407 1630 1485 1683 ἐγὼ

158 1696 370 1750 χρημάτων
395 1698 488 1751 ἔχω.
559 1698 622 1738 καὶ
653 1700 729 1751 γὰρ
763 1698 867 1738 τοῦτ’
900 1699 1155 1739 ἀτοπώτατον
1191 1698 1361 1738 πάντων.
1430 1698 1484 1737 ὧν
1504 1701 1548 1744 76

157 1766 230 1815 μὲν
254 1764 524 1817 ἀπεστέρηκεν
546 1765 649 1816 ἡμᾶς
676 1765 901 1818 χρημάτων,
929 1765 1081 1806 οὐδέπω
1108 1765 1171 1806 καὶ
1199 1764 1367 1817 τήμερον
1392 1763 1481 1815 ἠθέ-

100 1852 137 1883 25
157 1835 284 1882 λησεν
307 1832 503 1886 ὑποσχεῖν
526 1832 594 1872 τὸν
617 1833 754 1885 λόγον,
773 1833 878 1873 ἀλλὰ
903 1833 955 1884 μὴ
976 1834 1264 1885 εἰσαγωγίμους
1291 1832 1390 1872 εῖναι
1414 1833 1483 1872 τὰς

157 1898 266 1940 δίκας
302 1899 620 1952 παραγράφεται·
673 1900 696 1940 ἃ
732 1902 773 1941 δὲ
807 1904 884 1940 τῶν
922 1898 1106 1954 πατρῴων
1143 1898 1354 1950 ἐνειμάμην
1391 1899 1480 1951 ἐγώ,

157 1968 277 2005 ταῦτα
311 1966 523 2018 λογίζεται.
593 1966 657 2007 καὶ
688 1966 776 2009 τοὺς
812 1969 884 2018 μὲν
922 1966 1070 2009 ἄλλους
1103 1966 1154 2007 ἄν
1187 1983 1247 2008 τις
1281 1968 1358 2007 ἴδοι
1392 1965 1482 2007 τοὺς

158 2031 312 2074 οἰκέτας
332 2032 412 2073 ὑπὸ
433 2037 512 2074 τῶν
537 2036 742 2075 δεσποτῶν
770 2033 1083 2085 ἐξεταζομένους·
1121 2033 1232 2075 οὗτος
1265 2033 1298 2073 δ’
1323 2032 1369 2073 αὖ
1394 2031 1480 2073 τού-

281 2119 298 2132 0

200 2142 222 2172 6
245 2142 272 2173 δ’
289 2146 369 2173 ante
385 2143 513 2183 ἀγαθῶν
529 2153 592 2174 om.
610 2143 634 2174 S
651 2145 683 2174 in
702 2143 768 2174 fine
785 2153 906 2173 versus
996 2143 1154 2183 ἡγέμονας
1166 2142 1294 2173 Reiske
1311 2153 1318 2173 :
1343 2142 1483 2182 ἡγέμονα

158 2185 256 2216 codd.
394 2196 433 2216 10
455 2188 552 2218 αὐτοῦ
568 2198 633 2218 om.
652 2188 815 2225 Hermog.
837 2198 866 2225 p.
883 2197 946 2224 324
962 2186 1089 2217 <Rabes
1226 2196 1261 2216 11
1289 2189 1445 2217 συνοικεῖν
1457 2185 1482 2216 S

159 2238 246 2261 corr.
264 2229 332 2269 (me
350 2230 464 2269 teste),
483 2231 572 2268 vulg.
591 2242 598 2261 ε
622 2234 763 2263 συνοικεῖ
772 2230 810 2261 Sl
823 2230 922 2260 Blass
939 2241 946 2267 ;
972 2230 1148 2269 Archippe
1158 2235 1271 2260 tamen
1284 2229 1480 2268 iampridem

159 2282 178 2301 e
194 2272 262 2302 vita
274 2278 478 2311 excesserat,
497 2273 540 2303 cf.
560 2276 664 2304 xxxvi
684 2284 722 2312 14
858 2275 896 2304 16
919 2274 963 2314 εἴ]
982 2274 1001 2312 ἦ
1019 2272 1058 2304 Sl
1194 2284 1234 2311 19
1260 2271 1481 2311 ἐπεδικάζοντο

160 2314 185 2345 S
203 2316 259 2355 (πε
275 2316 309 2345 in
326 2326 392 2354 mg.
413 2327 431 2346 a
448 2327 496 2356 pr.
515 2316 571 2356 m.)
587 2330 594 2349 :
620 2317 802 2356 ἐδικάζοντο
818 2317 844 2347 F
860 2317 889 2355 Q
905 2317 934 2346 D
1067 2327 1172 2347 20—21
1201 2319 1275 2348 θεῖοι
1291 2341 1298 2348 .
1318 2339 1324 2346 .
1344 2339 1350 2345 .
1367 2317 1481 2348 λαβεῖν

160 2359 224 2389 del.
243 2358 348 2397 Wolf,
367 2359 582 2390 Hel-werden
700 2371 741 2400 25
763 2362 820 2393 τὸν
838 2361 937 2400 λόγον
953 2370 1018 2391 om.
1036 2359 1060 2390 S
1149 2361 1191 2399 μὴ
1209 2359 1232 2390 S
1249 2373 1255 2391 2
1279 2358 1351 2400 μηδ’
1367 2357 1392 2388 F
1407 2357 1437 2396 Q
1450 2358 1480 2387 D

160 2402 202 2431 28
226 2402 264 2434 αὖ
279 2402 376 2433 codd.
392 2413 400 2433 z
427 2404 503 2435 αὐτὸ
521 2403 618 2434 Blass
