1763 2778
93 90 236 146 [1087]
637 90 1155 146 [ΔΗΜΟΣΘΕΝΟὙΣ]
1481 91 1583 146 [mv

193 215 235 240 22
258 197 472 246 ἐκινοῦμεν,
511 194 603 236 ἀλλ’
640 194 829 251 ἐμένομεν
866 195 930 236 ἐπὶ
965 198 1044 236 τῶν
1079 194 1218 236 αὐτῶν.
1291 194 1411 235 πάλιν
1452 195 1584 235 τοίνυν

257 263 518 315 Λεώστρατος
550 262 664 304 αὐτὸς
697 264 847 309 οὑτοσί,
879 261 1106 312 εἰσποιητὸς
1139 261 1192 303 ὢν
1220 261 1303 304 υἱὸς
1333 261 1395 313 καὶ
1420 263 1583 314 ἐγκατα-

255 330 436 382 λειφθεὶς
467 331 508 370 ἐν
541 333 593 385 τῷ
619 332 687 370 τοῦ
716 329 929 382 Ἀρχιάδου
961 331 1067 384 οἴκῳ,
1104 328 1376 383 ἐπανέρχεται,
1403 329 1538 381 ὥσπερ
1564 329 1584 368 6

257 396 384 449 πατὴρ
432 397 561 444 αὐτοῦ,
605 397 669 437 ἐπὶ
716 396 805 438 τοὺς
852 396 1137 443 Ἐλευσινίους,
1180 396 1458 449 ἐγκαταλιπὼν
1501 396 1584 437 υἱὸν

257 462 424 517 γνήσιον
474 465 535 505 καὶ
583 465 646 504 διὰ
687 467 804 516 τριῶν
851 463 1045 515 σωμάτων
1090 464 1224 516 κυρίαν
1262 463 1336 514 τὴν
1376 463 1423 515 ἐξ
1459 464 1622 517 ἆρχῆς5

194 549 237 584 23
259 532 422 582 ποίησιν
446 530 551 584 παρὰ
575 530 666 573 τοὺς
690 531 834 582 νόμους
858 529 1124 581 καταστήσας.
1198 535 1280 573 πῶς
1305 529 1380 584 γὰρ
1406 530 1450 571 οὐ
1480 529 1585 583 παρὰ

257 598 348 640 τοὺς
381 599 534 650 νόμους,
569 598 679 639 ὁπότ’
709 598 936 649 εἰσποιητὸς
965 598 1083 641 αὐτὸς
1112 597 1166 639 ὢν
1199 597 1448 648 εἰσποιητοὺς
1480 598 1585 640 υἱοὺς

258 666 556 718 ἐγκαταλείπων
590 663 769 722 ἐπανῄει;
810 666 871 706 καὶ
903 669 1016 706 τοῦτο
1041 665 1289 707 διατετέλεκε
1316 669 1441 707 ποιῶν
1467 664 1587 719 μέχρι

258 733 399 784 ταύτης
431 736 500 783 τῆς
529 732 687 786 ἡμέρας,
725 733 786 773 καὶ
813 735 876 773 διὰ
903 733 1043 774 τούτου
1071 737 1140 774 τοῦ
1167 734 1314 786 τρόπου
1345 732 1418 784 τὴν
1443 737 1584 784 κληρο-

259 801 397 851 νομίαν
429 801 539 851 ἡμῶν
568 799 860 852 ἀποστερήσειν
893 801 1055 847 οἴονται,
1092 800 1394 853 ἐνεργαζόμενοι
1420 802 1493 851 μὲν
1524 799 1587 839 καὶ
1610 816 1646 838 10

258 867 689 921 ἐμπαιδοτροφούμενοι
717 874 765 925 τῇ
790 871 858 908 τοῦ
881 867 1093 922 Ἀρχιάδου
1127 867 1257 921 οὐσίᾳ,
1285 867 1513 909 ἐπανιόντες
1546 869 1588 908 δὲ

258 935 322 975 ἐπὶ
350 935 422 986 τὴν
446 933 627 991 πατρῴαν
656 935 797 976 οὐσίαν
828 936 975 976 ἐκεῖθεν
1000 935 1074 982 ἀεί,
1102 935 1284 985 κάκείνην
1306 937 1380 986 μὲν
1406 933 1588 987 ἀκέραιον

194 1025 238 1058 24
258 1001 540 1054 φυλάττοντες,
573 1002 720 1055 ταύτην
753 1001 784 1043 δ’
818 1003 1115 1045 ἀναλίσκοντες.
1186 1001 1279 1043 ἀλλ’
1304 1003 1408 1053 ὅμως
1437 1001 1588 1042 τούτων

257 1070 443 1110 τοιούτων
485 1071 623 1116 ὄντων,
671 1071 768 1123 ὅπερ
810 1069 933 1116 εἷπον,
981 1070 1094 1121 ἡμεῖς
1131 1068 1377 1121 ὑπεμένομεν
1420 1069 1586 1110 ἅπαντα.

256 1136 374 1191 μέχρι
409 1138 533 1184 τίνος,·
571 1137 643 1179 ἕως
680 1137 700 1177 6
736 1136 970 1189 Λεωκράτης
1007 1138 1026 1177 ὁ
1062 1136 1137 1178 ὑπὸ
1166 1136 1429 1190 Λεωστράτου
1461 1138 1503 1177 ἐν
1533 1139 1587 1190 τῷ
1611 1154 1647 1186 15

258 1206 350 1259 οἴκῳ
375 1205 430 1260 τῷ
454 1204 669 1258 Ἀρχιάδου
694 1205 1024 1257 ἐγκαταλειφθεὶς
1048 1204 1131 1247 υἱὸς
1154 1204 1433 1255 τετελεύτηκεν
1457 1203 1586 1245 ἄπαις.

97 1279 240 1333 [1088]
259 1271 397 1313 τούτου
425 1274 468 1313 δὲ
499 1271 664 1314 ἄπαιδος
695 1272 1032 1322 τετελευτηκότος,
1067 1270 1251 1323 ἀξιοῦμεν
1278 1271 1389 1322 ἡμεῖς
1414 1272 1450 1313 οἱ
1481 1270 1589 1323 γένει

261 1338 460 1392 ἐγγυτάτω
494 1341 604 1381 ὄντες
637 1338 828 1395 Ἀρχιάδῃ
857 1342 1115 1392 κληρονομεῖν
1148 1341 1217 1389 τῆς
1254 1338 1406 1385 οὐσίας,
1441 1338 1504 1379 καὶ
1535 1337 1588 1389 μὴ

258 1407 311 1461 τῷ
333 1407 628 1458 τετελευτηκότι
652 1407 704 1462 τῷ
723 1406 826 1462 αὐτῷ
853 1407 1066 1462 εἰσποιητῷ
1090 1408 1173 1447 ὄντι
1198 1406 1282 1447 υἱὸν
1309 1407 1501 1446 εἰσποιεῖν
1527 1404 1588 1445 ἐπ’

194 1488 237 1524 25
259 1472 528 1526 ἀποστερήσει
546 1477 624 1514 τῶν
642 1473 856 1526 ἡμετέρων.
887 1475 920 1514 εἰ
938 1476 1010 1525 μὲν
1030 1472 1106 1526 γὰρ
1126 1473 1242 1515 αὐτὸς
1263 1473 1335 1523 ζῶν
1358 1471 1586 1523 ἐποιήσατο,
1611 1496 1649 1517 20

260 1541 397 1593 καίπερ
428 1543 541 1583 ὄντος
571 1542 675 1594 παρὰ
703 1540 773 1582 τὸν
801 1542 924 1593 νόμον
947 1545 1015 1581 τοῦ
1043 1541 1172 1594 ἔργου,
1211 1540 1278 1582 οὐκ
1317 1540 1588 1593 ἀντιλέγομεν·

259 1607 391 1659 ἐπειδὴ
430 1611 471 1649 δὲ
507 1609 595 1649 οὔτε
631 1606 736 1663 γόνῳ
766 1607 816 1659 ἧν
845 1608 947 1664 αὐτῷ
976 1608 1059 1651 υἱὸς
1095 1608 1222 1651 οὐδεὶς
1256 1608 1336 1649 οὔτ’
1373 1606 1590 1658 ἐποιήσατο

261 1676 346 1725 ζῶν,
391 1676 412 1715 6
454 1678 495 1717 δὲ
533 1676 652 1727 νόμος
692 1679 775 1718 τοῖς
812 1675 1010 1728 ἐγγύτατα
1050 1675 1188 1728 γένους
1222 1673 1292 1717 τὰς
1329 1675 1591 1728 κληρονομίας

260 1743 490 1789 ἀποδίδωσι,
530 1747 611 1785 πῶς
648 1743 692 1784 οὐ
733 1743 878 1784 δίκαιοί
913 1745 1036 1795 ἐσμεν
1073 1743 1184 1794 ἡμεῖς
1220 1744 1368 1784 τούτων
1402 1741 1454 1794 μὴ
1493 1743 1587 1782 ἀπο-

195 1820 240 1855 26
261 1812 499 1863 στερηθῆναι
531 1809 614 1852 κατ’
633 1811 856 1863 ἀμφότερα,·
889 1810 951 1851 καὶ
980 1809 1056 1864 γὰρ
1083 1814 1136 1866 τῷ
1168 1809 1373 1866 Ἀρχιάδῃ,
1407 1809 1452 1850 οὗ
1485 1808 1532 1860 ἦν
1567 1808 1589 1859 ἡ
1613 1828 1650 1859 ²5

261 1877 378 1918 οὐσία
401 1877 446 1917 τὸ
473 1876 519 1928 ἐξ
540 1878 677 1931 ἀρχῆς,
704 1877 905 1931 ἐγγυτάτω
931 1877 1038 1931 γένει
1063 1879 1185 1930 ἐσμὲν
1211 1878 1272 1918 καὶ
1302 1878 1354 1932 τῷ
1381 1877 1594 1931 εἰσποιητῷ

260 1943 498 1997 Λεωκράτει·
535 1948 604 1984 τοῦ
638 1946 711 1996 μὲν
747 1945 820 1998 γὰρ
857 1946 877 1985 ὁ
911 1946 1036 1999 πατὴρ
1074 1946 1376 1996 ἐπανεληλυθὼς
1413 1946 1467 1987 εἰς
1503 1942 1593 1986 τοὺς

311 2064 325 2085 1
352 2051 531 2094 εκείνουμεν
548 2054 572 2085 S
591 2054 616 2095 (ι
633 2065 652 2085 a
670 2065 712 2087 m.
732 2055 815 2095 rec.)
915 2056 1022 2089 τοίνυν
1038 2066 1104 2088 om.
1121 2054 1154 2087 A
1318 2065 1337 2086 2
1363 2055 1458 2087 αὐτὸς
1474 2065 1540 2085 orn.
1560 2053 1591 2084 A

261 2099 324 2130 υἱὸς
341 2099 383 2130 ὢν
395 2097 427 2128 Α
559 2109 578 2136 4
604 2106 845 2140 ε’γκαταλειπων
856 2098 881 2131 S
1013 2109 1034 2139 5
1057 2099 1208 2141 γνήσιον]
1225 2095 1450 2137 εἷσποιητὸνΑ
1539 2111 1590 2130 κυ-

260 2141 344 2183 ρίαν]
362 2155 488 2183 οκυριαν
504 2142 528 2173 S
665 2153 683 2182 7
708 2144 802 2176 αὐτὸς
820 2143 1046 2182 εἷσποιητδςΑ
1176 2144 1196 2173 8
1222 2144 1463 2184 ἐγκαταλείπων
1481 2143 1537 2183 (de
1555 2153 1590 2172 re

261 2185 396 2219 iterata]
425 2186 449 2216 S
469 2197 475 2215 :
515 2187 743 2227 ἐγκαταλιπὼν
767 2187 857 2226 vulg.
1025 2197 1062 2217 12
1099 2185 1146 2220 ἀεὶ
1174 2187 1259 2226 vulg.
1282 2203 1288 2221 :
1320 2188 1379 2219 αἰεὶ
1402 2186 1434 2216 Α
1449 2199 1455 2217 :
1494 2189 1539 2217 δει
1566 2185 1590 2216 S

266 2238 303 2267 14
328 2231 456 2269 εἴπομεν
473 2229 503 2259 Α
623 2239 659 2269 15
685 2231 715 2271 ὁ]
735 2245 762 2262 οι
780 2231 819 2262 S¹
934 2231 1122 2276 Λεωκράτης
1139 2233 1156 2263 ὁ
1173 2231 1230 2262 ὑπὸ
1242 2230 1455 2271 Λεωστράτου
1469 2229 1565 2259 BlaSS
1581 2240 1587 2258 ἱ

262 2273 471 2314 Λεωστράτου
486 2273 510 2303 S
522 2272 552 2302 A
565 2272 596 2312 Q
613 2285 620 2304 :
645 2274 856 2314 Λεωστράτης
868 2273 894 2305 F
912 2285 918 2305 :
942 2275 1130 2314 Λεωκράτης
1150 2274 1278 2305 Reiske
1351 2275 1389 2304 18
1413 2274 1456 2313 μὴ
1468 2273 1563 2304 codd.
1580 2285 1585 2303 :

262 2317 306 2356 μὴ
323 2320 439 2349 τοῦτον
456 2317 666 2348 Schwebsch
729 2328 766 2356 19
784 2320 935 2350 εἰσποιεῖν
954 2319 1019 2350 υἱὸν
1035 2318 1065 2348 Α
1144 2329 1186 2349 2ο
1203 2321 1436 2356 αποστερησειὺ
1453 2317 1478 2348 S
1549 2327 1586 2347 21

263 2359 478 2400 ἀντιλέγομεν
503 2361 612 2400 codd.‚
641 2362 682 2392 cs.
709 2361 805 2392 Stahl
829 2362 890 2393 Gr.
914 2362 1015 2393 Verb.
1036 2373 1066 2402 p.
1093 2372 1178 2401 409:
1202 2363 1240 2393 ἂν
1261 2361 1477 2401 ὰντελέγομεν
1499 2360 1595 2390 &Vols

265 2410 357 2435 recte
379 2404 454 2435 sort.
470 2405 509 2436 cf.
524 2407 539 2443 ξ
555 2406 597 2444 65
688 2416 728 2435 22
753 2406 837 2447 ’γόνῳ
855 2405 983 2437 Reiskc
998 2417 1005 2436 :
1030 2407 1116 2448 γένει
1128 2406 1226 2437 codd.
1314 2415 1355 2443 23
1381 2405 1550 2449 ἐγγυτάτω
1566 2409 1595 2436 Α
