1742 2774
64 117 202 172 [1037]

65 263 204 317 [1037]

161 329 207 364 29

158 921 204 954 30

343 118 829 156 AHMOEQENOTE
868 119 1026 156 ΠΡΟΣ
1064 119 1397 158 ΣΠΟΎΔΙΑΝ
1468 115 1544 170 [xm

643 237 868 264 ΑΠΟΓΡΑΦΗ.
918 237 1124 265 ΜΑΡΊὝΡῙΑ.

285 298 374 351 ’Ap’
400 299 467 340 οὗν
497 300 542 341 οὐ
566 304 745 353 φανερῶς
773 300 886 343 οὗτος
915 302 988 352 μὲν
1013 301 1097 354 ἔχει
1129 300 1415 354 τετταράκοντα
1447 304 1545 353 μνᾶς

225 365 350 407 πάλαι
391 366 463 417 τὴν
499 370 652 420 προῖκα,
698 367 776 420 ἐγὼ
818 369 860 409 δὲ
899 369 968 410 τὰς
1009 370 1081 419 μὲν
1121 368 1329 421 τριάκοντα
1371 367 1545 420 καθάπερ

224 433 347 481 οὗτος,
385 435 456 477 τὰς
492 436 533 476 δὲ
569 435 703 489 χιλίας
739 435 783 476 οὗ
817 435 939 487 μόνον
974 435 1141 488 ὕστερον
1175 435 1243 476 οὐκ
1284 434 1541 487 ἐκομισάμην,

224 500 331 541 ἀλλὰ
364 502 426 542 καὶ
455 502 539 543 νυνὶ
566 503 773 544 κινδυνεύω
806 503 894 554 περὶ
925 502 1051 542 αὐτῶν
1077 503 1127 545 ὡς
1155 504 1297 545 ἀδίκως
1323 504 1445 557 ἔχων;
1483 504 1544 543 διὰ

223 571 342 608 ταῦτα
365 568 502 619 μέντοι
525 571 732 616 Σπουδίας,
760 568 789 610 ὦ
815 569 952 622 ἄνδρες
976 571 1171 616 δικασταί,
1199 575 1281 612 τοῖς
1315 571 1446 623 φίλοις
1478 569 1545 610 οὐκ

225 635 405 686 ἐβούλετ’
433 636 650 688 ἐπιτρέψας
675 637 957 689 ἀπαλλαγῆναι
982 641 1059 678 τῶν
1079 637 1174 689 πρὸς
1195 637 1252 688 ἔμ’
1273 636 1551 690 ἐγκλημάτων,’

224 703 286 744 ὅτι
310 702 550 754 συνέβαινεν
575 703 675 758 αὐτῷ
704 703 831 745 πάντα
855 704 959 744 ταῦτ’
988 703 1286 758 ἐξελέγχεσθαι·
1325 707 1448 745 πᾶσιν
1472 705 1546 756 γὰρ

222 770 373 812 τούτοις
402 770 767 824 παραγεγενημένοι
797 771 860 811 καὶ
890 775 1033 823 σαφῶς
1063 772 1209 813 εἰδότες
1237 771 1306 812 οὐκ
1333 770 1547 824 ἐπέτρεπον

223 837 324 892 αὐτῷ
365 837 498 890 λέγειν
537 839 559 878 ὅ
582 855 618 878 τι
644 839 770 891 τύχοι·
824 838 912 890 παρ’
939 839 1027 889 ὑμῖν
1069 838 1101 878 δ’
1141 840 1264 880 οἴεται
1302 839 1548 891 ψευδόμενος

222 905 316 955 ἐμοῦ
357 906 509 955 τάληθῆ
550 905 741 958 λέγοντος
784 905 1131 959 περιγενήσεσθαι.
1204 906 1329 946 καίτοι
1370 906 1457 957 περὶ
1495 906 1549 946 ὧν

223 973 390 1024 ἐγκαλῶ,
421 971 538 1013 πάνθ’
567 974 657 1025 ὑμῖν
689 971 876 1023 ἀπέδειξα
908 977 1062 1026 σαφῶς,
1099 973 1150 1015 ὡς
1182 973 1262 1015 οἶός
1286 972 1320 1012 τ’
1348 971 1397 1023 ἦν
1420 971 1546 1014 αὐτός.

222 1038 312 1080 τοὺς
344 1039 377 1079 δ’
404 1040 558 1082 εἰδότας
581 1040 694 1082 οὗτος
718 1040 900 1093 ἔφευγεν,
933 1040 1008 1093 οὐχ
1038 1040 1258 1093 ἡγούμενος
1295 1039 1395 1081 εἶναι
1427 1057 1548 1092 παρα-

221 1107 480 1158 λογίσασθαι.
551 1106 603 1158 μὴ
640 1107 784 1155 τοίνυν,
822 1105 851 1147 ὦ
893 1106 1031 1159 ἄνδρες
1072 1109 1267 1154 δικασταί,
1311 1106 1400 1158 μηδ’
1440 1107 1548 1158 ὑμεῖς

223 1173 442 1226 ἐπιτρέπετ’
468 1173 568 1229 αὐτῷ
596 1175 817 1226 ψεύδεσθαι
843 1174 905 1215 καὶ
930 1174 1180 1225 διαβάλλειν,
1207 1173 1447 1226 μεμνημένοι
1471 1177 1548 1213 τῶν

223 1240 450 1292 εἰρημένων·
486 1242 575 1282 ἴστε
600 1243 675 1294 γὰρ
701 1241 816 1283 πάνθ’
837 1241 888 1284 ὡς
911 1241 1082 1294 ἐγένετο,
1103 1241 1209 1292 πλὴν
1226 1243 1262 1283 εἴ
1273 1257 1312 1282 τι
1329 1240 1548 1293 παρέλιπον

221 1308 299 1360 ἐγὼ
324 1308 420 1361 πρὸς
445 1309 583 1362 ὀλίγον
607 1310 708 1361 ὕδωρ
732 1309 1046 1362 ἀναγκαζόμενος
1069 1309 1217 1362 λέγειν.

267 1411 287 1440 3
311 1403 371 1441 τὴν
387 1404 501 1443 προῖκα
517 1401 616 1434 πάλαι
634 1402 700 1442 FQ
714 1402 743 1432 D
827 1407 905 1442 post
922 1402 1094 1442 τριάκοντα
1110 1403 1186 1434 add.
1202 1405 1281 1442 μνᾶς
1299 1401 1388 1442 vulg.
1405 1412 1413 1432 :
1439 1411 1503 1432 om.
1523 1400 1547 1431 S

221 1456 239 1483 4
265 1444 356 1478 οὗτος
372 1446 461 1485 vulg.
477 1455 485 1475 t
509 1447 618 1478 οὑτοσί
634 1446 658 1477 S
756 1447 776 1476 8
799 1448 902 1478 ταῦτα
919 1445 1015 1478 πάντ’
1034 1445 1232 1489 ἐλέγχεσθαι
1246 1446 1278 1476 Α
1375 1457 1397 1485 9
1422 1445 1548 1486 ἐπέτρε-

222 1503 280 1521 πον
297 1491 334 1522 &u
350 1490 438 1529 vulg.
456 1500 464 1520 z
487 1490 526 1522 ἂν
543 1500 607 1521 om.
627 1490 662 1528 S,
680 1490 721 1522 cf.
741 1489 930 1526 συνέβαινεν
945 1499 1048 1529 supra
1198 1499 1237 1529 13
1260 1488 1352 1522 οὗτος
1369 1490 1393 1521 S
1411 1500 1418 1520 ε
1442 1489 1548 1521 οὑτοσὶ

221 1533 311 1572 vulg.
403 1533 565 1574 ἔφυγενΑ
654 1534 731 1566 εἶναι
749 1533 773 1564 S
791 1545 797 1564 :
824 1537 937 1566 ἐνεῖναι
953 1533 1043 1572 vulg.

271 1577 307 1607 In
326 1576 350 1608 S
367 1577 591 1618 subscriptum

722 1624 830 1654 ΠΡΟΣ
854 1625 1065 1654 ΣΠΟΎΔῙΑΝ

731 1670 835 1697 ’ΥΠΕΡ
859 1670 1039 1699 ΠΡΟΙΚΟΣ

870 1715 898 1753 ᾼ

1572 857 1608 879 10
