1746 2774
123 882 158 903 10

122 1214 157 1244 15

121 1549 160 1571 20

619 151 943 190 EmETOAH
994 156 1055 190 111
1525 148 1662 203 [1475]

179 255 240 295 καὶ
265 254 388 307 φύσει
411 252 586 307 χρηστὸς
613 251 708 304 ἀνὴρ
735 250 794 301 ἦν.
866 251 991 291 καίτοι
1025 252 1159 302 παρὼν
1182 250 1286 302 ἑώρα
1318 249 1409 292 τοὺς
1432 251 1504 300 μὲν
1523 265 1545 299 4

177 321 461 374 βοηθήσαντας
490 319 538 360 ἂν
571 323 623 373 τῷ
651 318 756 373 δήμῳ
781 319 964 359 ἀσθενεῖς
995 317 1059 357 ἐπὶ
1088 320 1172 360 τοῖς
1196 317 1505 368 συμβεβηκόσιν

178 391 304 435 ὄντας,
333 388 422 430 τοὺς
446 389 487 428 δὲ
503 387 692 427 τάναντία
717 384 961 437 πράττοντας
988 386 1084 424 κατὰ
1110 383 1225 425 πάντ’
1249 383 1503 436 ἐρρωμένους.

179 455 269 496 ἀλλ’
297 457 399 506 ὅμως
425 454 537 494 οὐδὲν
554 454 674 504 ἦττον
697 454 847 494 ἐκεῖνος
864 451 983 493 εἵλεθ’
1009 453 1033 492 δι
1057 452 1276 504 συμφέρειν
1295 451 1429 503 ἡγεῖτο
1454 455 1505 506 τῷ

178 523 299 578 δήμῳ,
347 522 409 563 καὶ
443 523 540 573 μετὰ
576 519 682 561 ταῦτ’
718 521 868 561 ἀόκνως
906 519 967 560 καὶ
1001 519 1132 572 λέγων
1170 518 1232 559 καὶ
1266 518 1447 571 πράττων
1484 518 1508 558 ἃ

180 592 379 643 προσῆκεν
409 588 456 639 ἦν
485 588 672 641 φανερός,
707 587 769 639 ἐφ’
804 588 861 629 οἷς
892 586 1002 628 εὐθὺς
1033 586 1219 644 ἐξῃτεῖτο,
1251 585 1303 628 ὡς
1337 584 1507 626 ἅπαντες

179 659 328 698 ἴσασιν.

245 723 492 764 Ἐπέστειλα
508 721 580 776 μὲν
600 723 669 763 οὖν
688 722 749 769 ἄν,
767 724 902 774 ὥσπερ
931 721 1041 762 εἶπον
1059 723 1101 762 ἐν
1121 722 1237 778 ἀρχῇ,
1262 722 1325 762 καὶ
1347 719 1412 761 διὰ
1437 719 1508 769 τὴν
1530 735 1546 771 5

180 792 328 832 ἐκείνου
350 790 480 844 χάριν·
519 789 565 830 οὐ
586 789 666 842 μὴν
690 791 797 831 ἀλλὰ
813 789 875 830 καὶ
898 790 989 839 ὑμῖν
1014 790 1182 840 νομίζων
1198 786 1420 840 συμφέρειν
1439 788 1509 828 τὰς

180 859 285 911 παρὰ
307 862 391 900 τοῖς
414 856 489 907 ἔξω
516 857 755 910 γιγνομένας
786 855 1030 908 ἐπιτιμήσεις
1062 856 1218 902 εἰδέναι,
1247 859 1387 911 πολλῷ
1412 872 1507 907 προ-

180 926 394 978 θυμότερον
416 924 515 978 πρὸς
549 924 592 964 τὸ
618 924 775 976 πέμψαι
806 923 876 974 τὴν
906 923 1124 974 ἐπιστολὴν
1156 924 1297 977 ἔσχον.
1370 939 1507 974 παραι-

179 996 319 1044 τοῦμαι
337 995 379 1033 δὲ
399 992 488 1034 τοὺς
504 992 582 1046 ἰδίᾳ
597 991 694 1043 πρὸς
712 993 862 1032 ἐκεῖνον
883 991 1050 1044 ἔχοντας
1068 991 1287 1037 δυσκόλως,
1306 991 1511 1040 ὑπομεῖναι

179 1061 331 1112 τάληθῆ
357 1060 420 1100 καὶ
444 1060 492 1098 τὰ
518 1058 632 1099 δίκαι’
661 1059 818 1100 ἀκούειν
848 1060 945 1111 ὑπὲρ
979 1058 1107 1099 αὐτοῦ.
1183 1058 1223 1098 εὖ
1253 1060 1327 1110 γὰρ
1362 1057 1454 1103 ἴστ’,
1482 1055 1510 1096 ὦ

179 1127 317 1179 ἄνδρες
346 1126 562 1177 Ἀθηναῖοι,
595 1126 658 1167 ὅτι
690 1129 760 1168 νῦν
791 1127 833 1166 ἐκ
869 1129 947 1166 τῶν
982 1126 1069 1178 περὶ
1105 1125 1195 1167 τοὺς
1224 1128 1365 1166 παῖδας
1395 1124 1511 1165 αὐτοῦ

179 1193 454 1247 γεγενημένων
478 1193 640 1246 φαύλην
663 1191 782 1243 δόξαν
807 1193 829 1244 ἡ
856 1194 973 1235 πόλις
999 1192 1214 1244 λαμβάνει.
1286 1191 1412 1233 οὐδεὶς
1434 1193 1511 1244 γὰρ
1531 1199 1552 1233 6

179 1266 256 1302 τῶν
291 1259 501 1310 Ἑλλήνων
540 1261 677 1313 ἀγνοεῖ
706 1261 768 1301 ὅτι
799 1261 924 1310 ζῶντα
958 1264 1187 1313 Λυκοῦργον
1224 1258 1373 1310 ἐτιμῖιθ’
1403 1260 1512 1309 ὑμεῖς

181 1330 234 1370 εἷς
262 1327 509 1380 ὑπερβολήν,
538 1327 600 1368 καὶ
635 1332 797 1369 πολλῶν
827 1329 963 1369 αἰτιῶν
996 1328 1292 1380 ἐπενεχθεισῶν
1323 1325 1400 1367 ὑπὸ
1435 1330 1513 1366 τῶν

180 1395 437 1448 φθονούντων
469 1394 573 1450 αὐτῷ
604 1395 789 1446 οὐδεμίαν
822 1394 975 1436 πώποθ’
1010 1394 1140 1447 ηὕρετ’
1173 1396 1314 1444 ἀληθῆ,
1347 1395 1446 1434 οὕτω
1479 1393 1512 1433 δ’

181 1461 401 1504 ἐπιστεύετ’
427 1461 528 1516 αὐτῷ
556 1461 620 1502 καὶ
648 1465 857 1513 δημοτικὸν
892 1464 998 1514 παρὰ
1027 1460 1179 1503 πάντας
1205 1461 1382 1514 ἡγεῖσθε,
1407 1462 1513 1502 ὥστε

182 1531 318 1571 πολλὰ
351 1533 428 1569 τῶν
465 1530 626 1569 δικαίων
658 1530 699 1569 ἐν
729 1533 781 1584 τῷ
820 1532 952 1581 φῆσαι
985 1530 1215 1581 Λυκοῦργον
1248 1530 1418 1580 ἐκρίνετε
1449 1527 1514 1569 καὶ
1536 1532 1674 1585 [1476]

180 1596 285 1638 τοῦθ’
311 1597 402 1648 ὑμῖν
426 1595 594 1647 ἐξήρκει·
631 1596 675 1636 οὐ
701 1595 775 1648 γὰρ
809 1596 857 1636 ἂν
890 1595 939 1646 ἦν
963 1600 1142 1637 τοιοῦτον
1167 1595 1218 1647 μὴ
1247 1599 1385 1636 δοκοῦν
1410 1596 1513 1646 ὑμῖν.

182 1668 249 1705 νῦν
273 1665 407 1705 τοίνυν
432 1662 602 1705 ἅπαντες
628 1665 836 1705 ἀκούοντες
863 1663 952 1705 τοὺς
978 1665 1072 1705 υἱεῖς
1099 1664 1216 1704 αὐτοῦ
1242 1662 1427 1703 δεδέσθαι
1444 1662 1513 1702 τὸν
1534 1677 1553 1712 7

180 1734 254 1784 μὲν
275 1730 458 1772 τεθνεῶτ’
482 1733 678 1778 ἐλεοῦσιν,
705 1735 788 1773 τοῖς
813 1732 953 1771 παισὶν
979 1729 1011 1770 δ’
1044 1730 1096 1773 ὡς
1122 1729 1264 1781 ἀνάξια
1284 1730 1514 1783 πάσχουσιν

182 1798 464 1852 συνάχθονται,
489 1799 580 1849 ὑμῖν
611 1798 645 1838 δ’
671 1799 907 1849 ἐπιτιμῶσιν
936 1801 1096 1851 πικρῶς,
1125 1797 1176 1839 ὡς
1201 1797 1269 1837 οὐκ
1295 1797 1341 1837 ἂν
1366 1796 1513 1848 τολμή-

182 1882 295 1917 σαιμι
313 1865 484 1919 γράφειν
500 1865 592 1918 ἐγώ·
629 1865 654 1906 ἃ
673 1867 746 1918 γὰρ
765 1865 938 1919 ἄχθομαι
956 1869 1038 1907 τοῖς
1057 1865 1226 1917 λέγουσι
1242 1866 1304 1905 καὶ
1321 1863 1515 1916 ἀντιλέγω

183 1932 269 1974 καθ’
293 1934 394 1973 ὅσον
423 1933 592 1984 δύναμαι
620 1935 783 1984 βοηθῶν
806 1934 911 1984 ὑμῖν,
940 1932 1045 1972 ταῦτ’
1078 1932 1172 1985 ἄχρι
1197 1934 1270 1983 μὲν
1295 1934 1362 1972 τοῦ
1391 1933 1516 1983 δῆλον

182 2001 271 2051 ὑμῖν
297 2002 462 2050 ποιῆσαι
478 2000 540 2041 ὅτι
564 1999 710 2040 πολλοὶ
735 1998 975 2053 μέμφονται,
998 1999 1219 2051 συμφέρειν
1235 2000 1326 2050 ὑμῖν
1349 2000 1517 2049 νομίζων

183 2067 340 2114 εἰδέναι,
380 2066 579 2120 γέγραφα,
620 2068 795 2119 ἀκριβῶς
839 2069 880 2108 δὲ
918 2065 1106 2117 διεξιέναι
1146 2068 1338 2119 δυσχερὲς
1384 2066 1515 2118 κρίνω.

228 2189 246 2208 2
271 2178 495 2216 βοηθήσαντας
527 2179 566 2209 ἂν
605 2178 702 2208 codd.
742 2179 796 2217 (ἂν
832 2178 896 2208 del.
932 2177 1135 2216 Schaeserf:
1177 2176 1397 2214 βοηθήσοντας
1435 2175 1514 2215 Pap.

185 2223 271 2262 δήμῳ
294 2222 391 2253 codd.
413 2221 454 2251 Cf.
477 2224 492 2259 §
512 2232 572 2259 27:
596 2222 710 2259 πλήθει
739 2222 820 2261 Pap.
957 2232 975 2258 4
1001 2222 1106 2252 εἵλετο
1136 2220 1216 2259 Pap.
1235 2231 1241 2249 t
1270 2223 1379 2260 εἴχετο
1396 2219 1518 2251 τούτων

186 2266 281 2296 codd.
355 2265 466 2305 ἡγεῖτο
494 2265 611 2295 codd.:
637 2267 716 2297 ὥετο
745 2265 824 2304 Pap.
917 2267 938 2294 6
962 2265 1000 2302 ἦν
1017 2264 1150 2305 φαίνερος
1179 2263 1273 2293 codd.
1291 2287 1298 2293 .
1324 2263 1456 2303 qeivepos
1479 2263 1518 2300 ἧν

187 2309 267 2348 Pap.
328 2309 445 2341 πάντες
462 2307 542 2347 Pap.
651 2309 672 2338 8
697 2308 751 2340 οὖν
767 2310 805 2340 ἂν
821 2309 918 2339 codd.
936 2320 943 2338 :
968 2308 1022 2340 οὖν
1040 2307 1119 2347 Pap.
1230 2316 1268 2344 19
1292 2307 1373 2346 παρὰ
1397 2306 1518 2338 πάντας

187 2353 318 2393 ἡγεῖσθε
346 2353 468 2382 codd.:
492 2353 575 2383 κατὰ
604 2351 698 2383 πάντ’
728 2351 888 2391 ἐνομίζετε
918 2351 998 2391 Pap.
1179 2361 1221 2380 20
1247 2350 1406 2390 ἐκρεῖνατε
1436 2349 1518 2388 Pap.

188 2405 225 2425 21
253 2397 291 2427 ἂν
306 2395 347 2432 ἦν
363 2395 392 2433 Q
409 2395 489 2434 Pap.
509 2401 545 2426 ut
561 2395 653 2426 vid.:
677 2396 716 2426 ἂν
732 2397 782 2427 καὶ
801 2395 848 2426 F:
869 2395 907 2433 ἣν
925 2394 949 2425 S
1077 2399 1151 2433 post
1177 2394 1216 2431 ἦν
1235 2393 1386 2423 lacunam
1405 2393 1519 2422 statuit

189 2438 342 2476 Dindorf,
360 2439 533 2478 redarguit
551 2439 633 2478 Pap.
692 2448 732 2468 22
758 2441 820 2471 ὑεῖς
840 2439 920 2479 Pap.
978 2448 1018 2477 25
1045 2440 1119 2478 ἐγώ·
1147 2438 1165 2469 ἃ
1181 2437 1257 2478 γὰρ]
1279 2439 1342 2477 ἐγὼ
1357 2438 1421 2478 γὰρ
1438 2435 1517 2476 Pap.

248 2507 331 2526 ιιι-ιι
1370 2500 1431 2533 27ss
