1763 2778
124 530 141 561 5

104 873 142 895 10

103 1207 141 1238 15

101 1550 141 1573 20

103 1899 141 1931 25

165 105 238 160 ωη
592 110 753 149 ΚΑΤΑ
801 110 1071 148 ΝΕΑΠἊΣ

166 211 343 265 Κορίνθῳ
371 210 423 262 μὴ
454 209 702 262 ἐργάζεσθαι,
774 208 837 249 καὶ
864 209 926 249 ὅτι
956 208 1062 249 ταῦτ’
1092 210 1220 260 ἀληθῆ
1254 208 1374 262 λέγω,
1401 208 1489 248 τού-

163 294 241 318 των
264 278 355 329 ὑμῖν
378 281 448 318 τὸν
474 277 795 330 παραγενόμενον
818 276 994 330 μάρτυροι
1019 280 1140 318 καλῶ.
1200 276 1267 317 καί
1286 293 1353 328 μοι
1378 275 1491 316 κάλει

164 344 371 398 Φίλαγρον
398 343 587 385 Μελιτέα.

720 451 931 478 ΜΑΡΤΎῬῙΑ.

216 513 403 581 Φίλαγρος
418 512 601 553 Μελιτεὺς
615 515 793 562 μαρτυρεῖ
805 516 972 562 παρεῖναι
993 515 1030 551 ἐν
1050 512 1231 564 Κορίνθῳ,
1249 512 1309 551 ὅτε
1328 512 1492 561 Φρυνίων

162 568 182 605 ὃ
209 567 456 618 Δημοχάρους
482 567 644 616 ἀδελφὸς
672 567 851 605 κατετίθει
880 567 997 605 εἰκοσι
1024 571 1117 617 μνᾶς
1146 568 1307 616 Νεαίρας
1335 569 1400 615 τῆς
1429 569 1492 605 νῦν

162 623 429 673 ἀγωνιζομένης
448 622 669 672 Τιμανορίδᾳ
689 625 738 659 τῶ
756 622 939 672 Κορινθίῳ
956 622 1015 659 καὶ
1031 622 1210 671 Εὐκράτει
1225 625 1275 672 τῷ
1290 622 1488 673 Λευκαδία),

162 677 222 714 καὶ
241 676 409 717 καταθεὶς
428 677 470 715 τὸ
491 677 664 729 ἀργύριον
684 693 799 728 ωχετο
819 678 971 728 ἀπάγων
990 675 1167 726 Αθήναζε
1188 677 1364 727 Νεαιραν.

1514 104 1656 159 [1355]

227 786 492 841 Ἀφικόμενος
516 787 649 829 τοίνυν
672 791 783 840 δεῦρο
807 787 913 841 ἔχων
937 787 1059 838 αὐτὴν
1094 788 1280 839 ἀσελγῶς
1308 786 1368 827 καὶ
1394 805 1489 839 προ-
1511 800 1554 835 33

161 859 289 898 πετῶς
313 856 458 908 ἐχρῆτο
482 855 591 912 αὐτῇ,
614 855 676 895 καὶ
702 856 765 895 ἐπὶ
789 857 836 895 τὰ
862 858 1000 895 δεῖπνα
1025 855 1130 908 ἔχων
1155 854 1276 905 αὐτὴν
1295 858 1495 908 πανταχοῖ

1483 916 1654 970 ’[1356]

161 922 372 975 ἐπορεύετο
396 923 494 963 ὅπου
519 924 638 968 πίνοι,
673 921 847 974 ἐκώμαζέ
874 921 908 963 τ’
942 923 1002 963 ἀεὶ
1031 922 1116 973 μετ’
1152 922 1281 970 αὐτοῦ,
1309 924 1433 972 συνῆν
1458 939 1480 961 τ

162 991 349 1041 ἐμφανῶς
364 990 482 1030 ὁπότε
497 990 713 1041 βουληθείη
731 992 948 1043 πανταχοῦ,
970 990 1204 1042 φιλοτιμίαν
1217 989 1290 1039 τὴν
1306 988 1492 1039 ἐξουσίαν

161 1060 258 1109 πρὸς
282 1056 372 1099 τοὺς
397 1057 569 1110 ὁρῶντας
593 1057 837 1108 ποιούμενος.
900 1057 961 1096 καὶ
996 1057 1046 1098 ὡς
1075 1055 1222 1098 ἄλλους
1247 1073 1290 1097 τε
1313 1055 1491 1098 πολλοὺς

162 1124 227 1165 ἐπὶ
252 1127 381 1174 κῶμον
399 1123 504 1177 ἔχων
529 1123 651 1174 ἦλθεν
675 1124 796 1174 αὐτὴν
823 1124 884 1164 καὶ
911 1124 961 1166 ὡς
993 1125 1177 1175 Χαβρίαν
1202 1124 1271 1164 τὸν
1297 1123 1488 1174 Αἰξωνέα,

162 1192 230 1232 ὅτε
257 1191 371 1232 ἐνίκα
402 1192 467 1232 ἐπὶ
493 1191 739 1242 Σωκρατίδου
764 1191 956 1244 ἄρχοντος
979 1193 1028 1230 τὰ
1060 1191 1192 1231 Πύθια
1214 1191 1267 1246 τῷ
1288 1191 1489 1245 τεθρίππῳ

161 1257 182 1298 ὃ
207 1258 368 1310 ἐπρίατο
401 1260 507 1310 παρὰ
531 1262 609 1299 τῶν
641 1260 792 1299 παίδων
821 1262 898 1299 τῶν
929 1259 1080 1299 Μίτυος
1108 1262 1177 1298 τοῦ
1206 1257 1400 1310 Ἀργείου,
1428 1259 1491 1298 καὶ

161 1325 266 1376 ἥκων
288 1326 332 1366 ε’κ
358 1329 535 1378 Δελφῶν
561 1326 689 1366 εἱστία
712 1327 760 1365 τὰ
787 1326 956 1366 ἐπινίκια
980 1325 1045 1366 ἐπὶ
1074 1324 1264 1365 Κωλιάδι.
1323 1325 1386 1365 καὶ
1410 1326 1493 1365 ἐκεῖ

161 1392 282 1433 ἄλλοι
308 1409 354 1433 τε
383 1393 530 1434 πολλοὶ
558 1394 840 1445 συνεγίγνοντο
876 1392 973 1449 αὐτῇ
1005 1393 1204 1448 μεθυούσῃ
1236 1392 1491 1433 καθεύδοντος

161 1463 230 1499 τοῦ
255 1460 494 1511 Φρυνίωνος,
523 1460 586 1500 καὶ
611 1462 647 1500 οἱ
672 1459 846 1500 διάκονοι
869 1461 905 1500 οἱ
930 1460 1112 1511 Χαβρίου
1144 1459 1339 1511 τράπεζαν
1364 1476 1488 1510 παρα-

615 1530 633 1539 a
658 1526 668 1540 2
703 1527 712 1541 3

162 1525 331 1578 θέμενοι.
392 1527 454 1567 καὶ
477 1527 539 1567 ὅτι
561 1544 656 1567 ταυτ
694 1529 821 1577 αληθῆ
847 1526 967 1579 λέγω,
994 1526 1083 1568 τοὺς
1119 1527 1290 1579 ὁρῶντας
1312 1527 1404 1577 ὑμῖν
1427 1527 1490 1567 καὶ
1510 1534 1555 1569 34

160 1593 356 1647 παρόντας
397 1593 592 1647 μάρτυρας
631 1593 860 1647 παρέξομαι.
933 1595 999 1634 καί
1033 1610 1101 1645 μοι
1143 1593 1256 1634 κάλει
1290 1593 1490 1644 Χιωνίδην

161 1661 414 1703 Ξυπεταιόνα
439 1662 502 1703 καὶ
527 1661 752 1702 Εὐθετίωνα
778 1663 1041 1712 Κυδαθηναιᾶ.

719 1765 930 1792 ΜΑΡΤΎῬΙΑ.

214 1826 393 1876 Χιωνίδης
412 1826 633 1873 Ξυπεταιών,
657 1827 841 1865 Εὐθετίων
862 1826 1135 1876 Κυδαθηναιεὺς
1154 1829 1383 1877 μαρτυροῦσι
1403 1829 1489 1876 κλη-

161 1880 268 1930 θῆναι
286 1882 358 1919 ὑπὸ
378 1882 552 1931 Χαβρίου
579 1882 639 1920 ἐπὶ
664 1882 821 1927 δεῖπνον,
844 1882 904 1919 ὅτε
927 1882 973 1920 τὰ
1000 1882 1155 1919 ἐπινίκια
1180 1882 1298 1920 εἱστία
1317 1883 1491 1931 Χαβρίας

159 1937 224 1984 τῆς
243 1936 344 1986 νίκης
361 1938 426 1974 τοῦ
452 1937 627 1986 ἅρματος,
655 1937 716 1974 καὶ
745 1936 942 1974 ἑστιᾶσθαι
971 1936 1031 1973 ἐπὶ
1060 1936 1239 1982 Κωλιάδι,
1271 1936 1331 1973 καὶ
1360 1937 1490 1975 εἰδέναι

159 1990 348 2040 Φρυνίωνα
366 1991 532 2041 παρόντα
551 1994 590 2029 ἐν
608 1994 658 2042 τῷ
679 1991 809 2043 δείπνῳ
832 1991 948 2042 τούτῳ
973 1991 1104 2041 ἔχοντα
1131 1991 1295 2041 Νέαιραν
1320 1991 1388 2040 τὴν
1413 1992 1491 2031 νυνὶ

208 2103 222 2124 1
247 2092 370 2126 τούτων
388 2093 414 2124 F
426 2104 512 2125 corr.
530 2093 560 2133 Q
574 2104 671 2133 corn,
692 2095 734 2125 ef.
757 2097 772 2132 §
791 2104 831 2132 23
847 2105 854 2125 :
878 2096 995 2126 τοῦτον
1010 2093 1100 2133 vulg.
1122 2092 1161 2125 F1
1260 2095 1282 2124 6
1305 2094 1370 2126 νυνὶ
1386 2093 1418 2125 Y
1431 2094 1489 2125 rD

164 2146 265 2168 10—11
291 2141 483 2178 πανταχοῦ.
504 2161 512 2169 .
534 2163 541 2169 .
559 2139 629 2170 ὅποι
655 2139 764 2177 codd.,
789 2148 872 2168 corr.
901 2137 1029 2169 Reiske
1198 2147 1233 2168 11
1267 2140 1365 2170 αὐτοῦ
1389 2138 1488 2170 codd.

160 2180 202 2211 cs.
224 2182 239 2217 ξ
257 2189 298 2219 35
316 2191 324 2211 :
348 2182 444 2219 αὐτῆς
467 2181 566 2212 Wolf
675 2192 713 2220 14
737 2185 851 2222 εξωνεα
867 2181 891 2212 S
907 2182 944 2212 F¹
1081 2182 1120 2212 16
1145 2187 1256 2214 Μιτιος
1273 2181 1351 2220 SQ,
1370 2182 1430 2212 sed
1447 2182 1487 2213 cf.

160 2223 265 2255 Arist.
285 2223 380 2255 Poet.
402 2234 513 2264 1452a
637 2235 673 2264 17
698 2226 786 2257 ’ἱστία
804 2225 852 2265 Sl,
874 2226 988 2255 itidem
1002 2226 1054 2256 bis
1067 2225 1153 2256 infra
1268 2236 1307 2265 19
1330 2225 1489 2267 τράπεζαν

161 2266 370 2308 παραθέμενοι
380 2268 444 2299 del.
457 2268 553 2299 Blass
636 2278 738 2299 20—21
751 2270 801 2300 καὶ
814 2269 970 2310 παρόντας
983 2280 1046 2300 om.
1062 2269 1231 2300 Caecilius
1244 2269 1281 2300 sr.
1299 2278 1338 2307 75
1357 2269 1488 2309 (Offen-

161 2310 268 2351 loch),
284 2310 439 2342 Tiberius
455 2312 511 2342 viii
529 2313 593 2351 576
610 2312 751 2352 (Waltz)
897 2323 937 2342 22
962 2316 1163 2345 Ξυπεταιῶνα
1181 2313 1249 2354 (vel
1268 2313 1368 2353 ἐξυπ.)
1387 2313 1485 2344 codd.

163 2364 248 2385 corr.
261 2354 475 2386 Herwerden
523 2359 720 2395 Κυδαθηναια
734 2355 772 2386 S1
787 2367 794 2386 :
813 2356 1134 2395 Κυδαθηναιέαὸῑες.
1146 2356 1235 2395 vulg.
1291 2367 1331 2394 24
1349 2359 1488 2394 Κυδαθη-

164 2411 234 2430 νευς
251 2397 276 2429 S
409 2400 451 2429 26
475 2401 641 2433 ἑστιᾶσθαι
659 2400 760 2430 Hude
777 2410 785 2430 z
808 2401 987 2432 εἱστιᾶσθαι
1010 2400 1073 2441 (-θε
1091 2400 1130 2441 F)
1148 2400 1238 2439 vulg.
1254 2410 1262 2430 ε
1285 2402 1445 2432 ϊστιᾶσθαι
1463 2400 1487 2430 S

231 2463 318 2484 141·44
1359 2454 1402 2484 20
