1763 2778
115 103 263 160 [1089]
660 107 759 163 [ΔΗ
772 116 811 151 M
824 115 947 152 οΣΘ
960 108 1178 164 ΕΝΟΤΣ]
1509 108 1608 165 [xm

281 211 430 252 δίκαιον
456 211 655 266 ἐλάχομεν
680 217 748 253 τοῦ
774 212 918 265 κλήρου
943 213 1038 265 πρὸς
1063 213 1132 254 τὸν
1161 213 1347 267 ἄρχοντα.
1407 215 1542 255 οὑτοσὶ
1568 217 1609 255 δὲ

281 278 497 332 ,Χεωχάρης
530 283 733 331 προπετῶς
765 279 1080 333 διαμαρτυρήσας
1111 282 1159 320 τὰ
1190 283 1332 333 ψευδῆ,
1368 282 1490 322 οἴεται
1527 284 1608 322 δεῖν

281 347 385 397 παρὰ
423 346 572 389 πάντας
609 347 701 390 τοὺς
738 348 881 399 νόμους
921 349 1196 401 ἀποστερῆσαι
1233 348 1333 399 ἡμᾶς
1363 350 1431 398 τῆς
1469 354 1608 401 κληρο-

279 413 428 464 νομίας.

214 496 260 530 30
346 483 513 533 Πρῶτον
535 483 609 532 μὲν
633 499 713 528 ουν,
735 482 796 522 ὅτι
819 482 867 522 τά
892 500 933 524 τε
958 483 1047 535 περὶ
1066 500 1134 525 τας
1151 500 1332 534 ποιησεις
1349 482 1412 523 καὶ
1431 486 1474 523 τὸ
1493 482 1609 536 γένος
1629 502 1646 533 5

278 546 323 587 τὸ
354 548 503 589 τούτων
532 549 660 600 ἀληθῆ
691 548 911 601 εἰρήκαμεν,
941 550 1002 590 καὶ
1032 550 1054 601 ἡ
1088 551 1359 603 λουτροφόρος
1384 549 1609 602 εφεστηκεν

279 615 343 655 ἐπὶ
375 619 427 670 τῷ
457 619 525 656 τοῦ
555 615 768 670 Ἀρχιάδου
797 635 981 668 μνηματι,
1012 617 1155 660 ταύτας
1184 619 1274 669 ὑμῖν
1305 618 1374 660 τὰς
1397 610 1610 670 μαρτυρίας

277 682 492 733 βουλόμεθ’
519 684 755 735 ἀναγνῶναι·
793 684 914 725 ἔπειτ’
939 684 1011 735 ἤδη
1039 684 1101 725 καὶ
1125 685 1173 724 τὰ
1196 686 1319 726 λοιπὰ
1344 688 1484 737 σαφῶς
1503 683 1609 724 διδά-

277 748 396 800 ξομεν
414 751 525 801 ὑμᾶς,
547 750 643 791 ὥστ’
664 750 870 804 ἐξελέγξαι
893 753 1054 794 τούτους
1078 751 1127 792 τὰ
1150 754 1278 804 ψευδῆ
1299 754 1607 805 διαμεμαρτυρη-

278 816 405 859 κότας.
479 819 546 859 καί
565 835 631 870 μοι
654 820 761 871 λαβὲ
786 820 856 861 τὰς
879 820 1092 872 μαρτυρίας
1116 820 1162 861 ἃς
1185 818 1305 873 λέγω.
1630 838 1671 859 ιο

828 936 1053 963 ΜΑΡΊῪΡΙΑῙ.

211 1015 254 1050 31
343 995 392 1037 O
433 999 507 1048 μὲν
547 1015 679 1039 τοινυν
720 1002 788 1039 τοῦ
830 1016 1060 1052 πράγματος
1100 999 1221 1052 λόγος
1265 1001 1327 1041 καὶ
1369 999 1413 1040 τὸ
1456 1001 1608 1041 ἁπλοῦν

277 1064 426 1105 δίκαιον
450 1065 541 1117 περὶ
562 1082 632 1116 της
659 1068 922 1118 κληρονομίας
938 1068 1061 1109 οὕτως
1086 1068 1184 1120 ἔχει,
1206 1065 1236 1107 ὡ
1256 1066 1394 1119 ἄνδρες
1409 1069 1606 1115 δικασταί,

109 1136 253 1192 [1090]
276 1135 354 1172 τῶν
379 1148 423 1173 τε
447 1132 735 1185 πεπραγμένων
761 1132 808 1184 ἐξ
827 1134 954 1187 ἀρχῆς
978 1133 1075 1174 αὐτὰ
1098 1135 1146 1173 τὰ
1173 1133 1372 1186 κεφάλαια
1397 1135 1546 1188 σχεδόν
1570 1152 1609 1176 τι

277 1199 482 1250 ἀκηκόατε.
553 1200 579 1241 ἃ
611 1203 654 1241 δὲ
689 1202 788 1252 μετὰ
823 1201 895 1252 τὴν
929 1205 997 1242 τοῦ
1034 1200 1181 1254 κλήρου
1215 1201 1332 1253 λῆξιν
1368 1201 1608 1252 πεποιήκασι
1631 1220 1667 1252 15

278 1266 340 1306 καὶ
375 1265 420 1307 ὃν
456 1267 602 1319 τρόπον
637 1268 733 1319 ἡμῖν
773 1268 1010 1323 κεχρημένοι
1048 1269 1165 1315 εἰσίν,
1206 1269 1422 1321 ἀναγκαῖον
1462 1270 1607 1321 νομίζω

277 1334 416 1375 εἰπεῖν·
451 1336 583 1385 οἴομαι
621 1337 698 1388 γὰρ
736 1337 825 1389 περὶ
868 1335 1016 1388 κλήρου
1063 1336 1198 1388 ἀγῶνα
1243 1335 1413 1387 μηδένας
1459 1336 1607 1380 ἄλλους

211 1413 255 1448 32
276 1405 628 1453 παρανενομῆσθαι
650 1407 810 1443 τοιαῦτα
836 1403 898 1443 οἷα
921 1403 1035 1454 ἡμᾶς.
1083 1402 1218 1453 ἐπειδὴ
1244 1405 1319 1456 γὰρ
1346 1404 1607 1455 ἐτελεύτησεν

277 1468 296 1508 ὁ
322 1468 558 1522 Λεωκράτης
593 1470 656 1511 καὶ
687 1470 711 1521 ἡ
743 1470 852 1523 ταφὴ
881 1470 1038 1523 ἐγένετο
1055 1471 1172 1525 αὐτῷ,
1199 1470 1475 1523 πορευομένων
1495 1471 1607 1522 ἡμῶν

277 1536 331 1578 εἰς
366 1537 414 1576 τὰ
451 1535 626 1587 κτήματα
663 1536 727 1578 διὰ
760 1537 805 1578 τὸ
843 1537 990 1579 ἄπαιδά
1022 1554 1067 1579 τε
1102 1537 1171 1579 τὸν
1205 1537 1327 1590 ἄνδρα
1359 1538 1422 1578 καὶ
1453 1537 1608 1591 ἄγαμον
1628 1560 1669 1581 20

275 1603 607 1654 τετελευτηκέναι,
635 1603 806 1658 ἐξήγαγε
825 1605 1087 1658 Λεώστρατος
1118 1605 1255 1646 οὑτοσὶ
1288 1605 1458 1657 φάσκων
1491 1607 1607 1646 αὑτοῦ

276 1669 389 1711 εἶναι.
453 1672 515 1712 καὶ
531 1672 594 1712 ὅτι
609 1674 683 1723 μὲν
698 1676 828 1713 ποιεῖν
845 1689 884 1713 τι
902 1677 981 1713 τῶν
995 1672 1263 1724 νομιζομένων
1284 1673 1486 1714 ἐκώλυσεν
1506 1673 1607 1724 ἡμᾶς

275 1741 328 1792 τῷ
354 1739 660 1789 τετελευτηκότι,
690 1738 818 1792 πατὴρ
838 1738 891 1781 ὢν
914 1739 1030 1781 αὐτὸς
1050 1740 1212 1786 ἐκείνου,
1234 1741 1333 1782 ἴσως
1359 1740 1443 1793 ἔχει
1465 1741 1603 1793 λόγον,

276 1807 414 1857 καίπερ
447 1807 561 1848 ὄντος
598 1807 826 1859 παρανόμου
861 1811 931 1847 τοῦ
968 1807 1096 1859 ἔργου·
1149 1811 1203 1862 τῷ
1241 1809 1318 1859 γὰρ
1357 1807 1482 1860 φύσει
1520 1809 1606 1848 ὅντι

274 1872 393 1924 πατρὶ
424 1875 493 1923 τῆς
521 1876 651 1925 ταφῆς
682 1873 754 1925 τὴν
780 1874 1010 1925 ἐπιμέλειαν
1034 1874 1325 1926 παραδίδοσθαι
1348 1875 1452 1917 εἰκός
1477 1875 1603 1921 ἐστιν,
1627 1895 1665 1926 25

274 1937 412 1981 ἔπειτα
437 1939 574 1991 μέντοι
598 1940 661 1982 καὶ
692 1945 774 1984 τοῖς
807 1943 964 1983 οἰκείοις
989 1941 1094 1992 ἡμῖν,
1123 1942 1177 1982 ὧν
1207 1940 1254 1992 ῆν
1285 1940 1480 1994 συγγενὴς
1507 1943 1606 1982 κατὰ

208 2027 253 2063 33
273 2005 346 2058 τὴν
391 2008 554 2057 ποίησιν
601 2009 621 2048 ὁ
669 2009 968 2060 τετελευτηκώς.
1052 2008 1138 2049 ἐπεὶ
1187 2011 1229 2051 δὲ
1273 2010 1323 2049 τὰ
1370 2009 1606 2061 νομιζόμενα

320 2127 334 2147 1
360 2116 452 2150 οὗτος
469 2118 582 2157 codd.‚
601 2129 686 2150 corr.
707 2118 804 2150 Blass
965 2129 984 2158 5
1009 2133 1046 2151 τε
1062 2129 1128 2150 om.
1150 2119 1180 2149 A
1352 2128 1390 2149 12
1415 2118 1537 2151 ἁπλοῦν
1553 2120 1603 2152 καὶ

273 2162 394 2193 δίκαιον
410 2172 475 2201 mg.
496 2163 577 2193 edit.
597 2162 718 2201 Paris„
738 2163 852 2194 Naber
954 2173 991 2201 14
1016 2177 1053 2194 τε
1069 2163 1101 2193 Α
1118 2174 1125 2194 :
1150 2162 1185 2195 δὲ
1202 2162 1227 2194 S
1240 2162 1306 2201 FQ
1321 2162 1352 2192 D
1455 2173 1492 2202 17
1517 2163 1602 2204 περὶ]

275 2206 344 2245 περὶ
361 2208 417 2236 τοῦ
434 2205 466 2234 Α
571 2206 680 2246 ἀγῶνα
696 2206 728 2236 Α
745 2218 752 2237 :
779 2208 903 2248 ἀγῶνας
921 2206 945 2237 S
962 2207 986 2236 F
999 2206 1029 2245 Q
1049 2218 1056 2237 z
1081 2207 1202 2247 ἀγῶνος
1220 2206 1249 2236 D
1409 2207 1447 2236 18
1470 2209 1604 2238 τοιαῦτα

274 2259 340 2278 om.
358 2248 390 2278 A
457 2249 538 2288 ἡμᾶς
555 2251 651 2280 codd.
665 2261 672 2280 :
698 2251 787 2289 ἡμεῖς
806 2260 872 2289 mg.
893 2251 973 2281 edit.
994 2250 1112 2287 Paris„
1126 2250 1260 2281 Dobree
1330 2260 1369 2280 21
1397 2249 1602 2291 ἐξήγαγεΑε

276 2293 388 2332 ἐξῆγεν
405 2294 421 2323 ὁ
439 2297 517 2324 cett.
580 2303 621 2323 22
646 2295 696 2325 ὅτι
714 2293 907 2324 dubitanter
922 2294 1044 2333 scripsi
1063 2294 1108 2325 cf.
1125 2294 1184 2323 xix
1201 2304 1288 2333 303:
1313 2295 1350 2325 τὸ
1367 2294 1467 2329 codd
1526 2295 1601 2325 ἐκώ-

274 2342 375 2367 λυσεν
386 2335 410 2366 S
424 2336 449 2366 F
462 2335 518 2374 Q:
542 2339 581 2369 ὡς
595 2339 756 2369 ἐκώλυσεν
766 2337 821 2368 A:
846 2340 988 2370 κωλυσαι
1000 2342 1077 2377 post
1090 2336 1254 2368 Wolfium
1270 2337 1368 2368 Blass
1382 2337 1436 2376 (τὸ
1448 2338 1600 2377 servato)

274 2388 315 2417 23
338 2376 396 2420 τῷ]
416 2383 460 2420 τῷ
474 2394 510 2411 τε
534 2379 558 2410 S
584 2380 653 2420 (me
675 2382 778 2420 teste)
879 2383 954 2414 ἴσως
972 2386 1050 2421 post
1065 2380 1229 2412 Wolfiutn
1246 2381 1388 2420 scripsi:
1415 2383 1454 2414 ἇς
1473 2380 1498 2411 S
1512 2380 1600 2419 FQ:

273 2432 337 2454 om.
355 2423 387 2453 A
404 2423 532 2464 (Blass)
623 2435 664 2463 24
682 2424 751 2456 ὄντι
769 2435 832 2454 om.
850 2424 882 2455 A
