1763 2778
118 151 122 196 ἱ
139 148 256 201 1356]

217 520 256 556 35

122 774 256 828 [1357]

214 986 258 1029 36

217 1593 260 1628 37

679 147 1201 202 [AIIMOEQENOTE]
1526 145 1604 205 [ux

279 245 558 296 ἀγωνιζομένην,
594 244 654 282 καὶ
692 243 875 282 καθεύδειν
913 246 1015 291 σφᾶς
1054 243 1184 283 αὐτοὺς
1223 243 1282 280 καὶ
1319 246 1507 292 Φρυνίωνα
1545 243 1605 281 καὶ

281 301 451 349 Νέαιραν,
483 300 540 336 καὶ
569 298 814 336 αἰσθάνεσθαι
843 298 947 335 αὐτοὶ
976 298 1239 346 ἀνισταμένους
1267 299 1332 346 τῆς
1360 298 1487 337 νυκτὸς
1514 298 1605 347 πρὸς

281 355 442 404 Νέαιραν
473 355 611 393 ἄλλους
645 371 682 391 τε
715 352 773 390 καὶ
802 355 873 390 τῶν
903 351 1078 390 διακόνων
1104 352 1214 398 τινάς,
1244 351 1278 389 οἳ
1305 351 1403 400 ἦσαν
1432 352 1606 402 Χαβρίου

305 411 312 421 5
347 409 355 421 Ι

279 426 424 446 οικεται.

346 507 506 557 Ἐπειδὴ
533 508 665 548 τοίνυν
685 506 869 559 ἀσελγῶς
894 505 1232 557 προύπηλακίζετο
1262 505 1338 546 ὑπὸ
1360 509 1431 546 τοῦ
1458 506 1602 558 Φρυνί-

279 592 379 618 ωνος
402 575 464 615 καὶ
489 574 562 628 οὐχ
587 574 638 616 ὡς
663 573 760 628 ᾤετο
784 573 978 625 ἠγαπᾶτο,
1006 572 1086 613 οὐδ’
1109 571 1294 625 ὑπηρέτει
1319 572 1413 629 αὐτῇ
1438 573 1462 613 ἃ
1486 572 1603 624 ἐβού-

279 648 385 692 λετο,
406 640 734 692 συσκευασαμένη
753 640 869 681 αὐτοῦ
888 642 936 680 τὰ
962 642 1004 680 ἐκ
1029 642 1098 690 τῆς
1117 641 1241 682 οἰκίας
1263 641 1325 682 καὶ
1341 641 1421 681 ὅσα
1444 639 1493 691 ἦν
1508 640 1606 697 αὐτῇ

279 709 343 749 ὑπ’
368 709 519 749 ἐκείνου
534 708 621 760 περὶ
637 708 681 747 τὸ
697 712 813 758 σῶμα
833 706 1184 757 κατεσκευασμένα
1201 705 1337 758 ἱμάτια
1355 707 1418 748 καὶ
1443 708 1603 759 χρυσία,

280 777 342 816 καὶ
368 776 605 826 θεραπαίνας
629 775 708 824 δύο,
734 775 918 829 Θρᾷτταν
944 774 1006 814 καὶ
1034 774 1296 824 Κοκκαλίνην,
1323 773 1606 826 ἀποδιδράσκει

280 844 334 884 εἰς
359 842 541 894 Μέγαρα.
602 841 648 892 ἦν
669 844 709 882 δὲ
736 842 755 881 ὁ
772 842 914 895 χρόνος
934 841 1044 882 οὗτος
1061 839 1093 896 ᾧ
1115 839 1295 882 Ἀστεῖος
1313 842 1386 891 μὲν
1406 839 1452 890 ἧν
1472 840 1606 894 ἄρχων

279 907 510 959 Ἀθήνησιν,
532 910 552 948 ὁ
573 908 704 961 καιρὸς
726 908 758 949 δ’
780 910 820 948 ἐν
840 907 868 963 ᾧ
882 907 1104 959 ἐπολεμεῖθ’
1122 908 1231 959 ὑμεῖς
1247 906 1342 959 πρὸς
1360 910 1604 958 Λακεδαιμο-

279 977 381 1017 νίους
406 975 475 1031 τὸν
498 977 666 1028 ὕστερον
699 976 888 1026 πόλεμον.
949 975 1196 1027 διατρίψασα
1220 974 1253 1015 δ’
1281 975 1323 1015 ἐν
1357 978 1440 1016 τοῖς
1470 973 1606 1027 Μεγά-

277 1060 359 1096 ροις
384 1042 440 1082 δύ’
465 1043 545 1093 ἔτη,
567 1043 636 1082 τόν
659 1042 691 1082 τ’
719 1042 778 1083 ἐπ’
804 1042 986 1082 Ἀστείου
1012 1041 1203 1095 ἄρχοντος
1236 1041 1298 1082 καὶ
1321 1040 1606 1084 Ἀλκισθένους

280 1110 469 1155 ἐνιαυτόν,
498 1109 549 1151 ὡς
575 1109 671 1165 αὐτῇ
696 1110 717 1160 ἡ
745 1110 821 1149 ἀπὸ
852 1112 920 1148 τοῦ
947 1109 1130 1160 σώματος
1163 1110 1333 1161 ἐργασία
1369 1108 1442 1162 οὐχ
1469 1108 1606 1159 ἱκανὴν

279 1177 464 1227 εὐπορίαν
493 1179 683 1230 παρεῖχεν
716 1177 819 1216 ὥστε
853 1179 1013 1216 διοικεῖν
1037 1174 1108 1226 τὴν
1140 1176 1280 1222 οἰκίαν,
1313 1174 1550 1226 (πολυτελὴς
1573 1175 1606 1216 δ’

279 1242 339 1293 ἦν,
365 1245 402 1284 οἱ
429 1245 626 1296 Μεγαρεῖς
652 1243 685 1283 δ’
710 1243 962 1295 ἀνελεύθεροι
987 1242 1049 1283 καὶ
1073 1243 1317 1295 μικρολόγοι,
1344 1242 1467 1293 ξένων
1496 1244 1537 1283 δὲ
1561 1242 1608 1284 οὗ

279 1309 382 1350 πάνυ
406 1311 588 1361 ἐπιδημία
605 1309 650 1360 ἦν
675 1310 810 1350 αὐτόθι
825 1311 888 1350 διὰ
907 1313 952 1349 τὸ
973 1310 1147 1360 πόλεμον
1174 1309 1273 1350 εἶναι
1298 1309 1361 1349 καὶ
1385 1309 1476 1351 τοὺς
1500 1306 1608 1362 (μὲν)

280 1375 492 1429 Μεγαρέας
518 1378 761 1427 λακωνίζειν,
788 1379 856 1427 τῆς
882 1379 924 1417 δὲ
949 1375 1145 1427 θαλάττης
1170 1377 1269 1426 ὑμᾶς
1298 1376 1447 1430 ἄρχειν·
1486 1377 1541 1419 εἷς
1565 1377 1607 1418 δὲ

279 1442 350 1493 τὴν
385 1444 577 1495 Κόρινθον
611 1444 678 1484 οὐκ
708 1444 800 1494 ἐξῆν
833 1444 928 1500 αὐτῇ
962 1445 1197 1484 ἐπανελθεῖν
1228 1445 1292 1484 διὰ
1322 1447 1365 1483 τὸ
1391 1444 1455 1484 ἐπὶ
1482 1443 1606 1498 τούτῳ

280 1510 537 1563 ἀπηλλάχθαι
563 1511 640 1551 ἀπὸ
675 1514 743 1550 τοῦ
768 1510 992 1563 Εὐκράτους
1026 1511 1088 1551 καὶ
1111 1514 1180 1551 τοῦ
1207 1511 1481 1562 Τιμανορίδου,
1509 1509 1607 1550 ὥστ’

281 1578 323 1617 ἐν
348 1577 526 1632 Κορίνθῳ
551 1577 602 1628 μὴ
629 1576 889 1629 ἐργάζεσθαι),
919 1578 970 1620 ὡς
995 1577 1063 1618 οὖν
1088 1579 1267 1630 γίγνεται
1289 1577 1312 1628 ἡ
1340 1576 1470 1630 εἰρήνη
1495 1577 1518 1628 ἡ
1544 1576 1608 1618 ἐπὶ

282 1645 572 1696 Φρασικλείδου
587 1644 779 1697 ἄρχοντος
805 1645 866 1684 καὶ
889 1644 913 1695 ἡ
932 1643 1040 1697 μάχη
1065 1644 1088 1696 ἡ
1115 1646 1157 1684 ἐν
1176 1645 1385 1697 Λεύκτροις
1411 1645 1609 1695 Θηβαίων

283 1710 344 1750 καὶ
372 1712 704 1762 Δακεδαιμονίων,
722 1712 810 1752 τότε
830 1710 1131 1762 ἐπιδημήσαντα
1149 1710 1356 1764 Στέφανον
1375 1712 1529 1752 τουτονὶ
1554 1711 1609 1753 εἷς

281 1779 328 1816 τὰ
359 1777 527 1829 Μέγαρα
559 1778 621 1817 καὶ
655 1778 924 1830 καταγόμενον
961 1779 1011 1821 ὡς
1048 1778 1168 1829 αὐτὴν
1204 1778 1362 1830 ἑταίραν
1390 1778 1514 1818 οὖσαν
1546 1777 1610 1818 καὶ

283 1843 565 1893 πλησιάσαντα
597 1845 705 1900 αὐτῇ,
734 1845 1004 1897 διηγησαμένη
1041 1845 1170 1886 πάντα
1193 1846 1243 1885 τὰ
1266 1844 1524 1898 πεπραγμένα
1548 1843 1610 1885 καὶ

281 1910 353 1960 τὴν
385 1911 502 1963 ὕβριν
529 1915 597 1951 τοῦ
626 1913 864 1962 Φρυνίωνος,
892 1913 955 1953 καὶ
989 1914 1181 1954 ἐπιδοῦσα
1204 1912 1228 1953 ἃ
1262 1911 1430 1963 ἐξῆλθεν
1458 1911 1611 1966 ἔχουσα

282 1976 371 2029 παρ’
397 1977 526 2023 αὐτοῦ,
562 1980 806 2029 ἐπιθυμοῦσα
837 1981 911 2030 μὲν
945 1982 1014 2031 τῆς
1044 1979 1183 2020 ἐνθάδε
1215 1977 1420 2030 οἰκήσεως,
1455 1983 1607 2031 φοβου-

281 2043 378 2094 μένη
405 2046 446 2084 δὲ
470 2044 539 2085 τὸν
571 2046 780 2097 (Ῑ)ρυνίωι,ἀ
804 2048 866 2086 διὰ
899 2049 942 2086 τὸ
967 2046 1191 2097 ἠδικηκέναι
1222 2048 1295 2098 μὲν
1324 2045 1434 2096 αὐτή,
1461 2047 1611 2087 ἐκεῖνον

282 2112 324 2151 δὲ
348 2112 517 2163 ὀργίλως
534 2112 641 2165 ἔχειν
667 2112 774 2169 αὐτῇ,
798 2113 977 2166 σοβαρὸν
995 2116 1036 2154 δὲ
1057 2113 1120 2154 καὶ
1134 2114 1329 2166 ὀλίγωρον
1349 2114 1471 2154 εἰδυῖα
1493 2112 1611 2153 αὐτοῦ

327 2229 389 2257 2·3
414 2221 489 2260 πρὸς
500 2220 636 2262 Νέαιραν
648 2221 745 2253 codd.
763 2232 771 2252 z
803 2223 883 2262 παρὰ
900 2222 1032 2263 Νεαίρας
1048 2222 1224 2253 Thalheim
1397 2232 1431 2252 11
1458 2225 1610 2254 Λακεδαι-

282 2263 408 2303 μονίους
440 2263 562 2294 YrD:
600 2266 674 2296 τοὺς
704 2270 739 2296 Λ.
772 2264 879 2303 SFQ
1042 2276 1078 2304 13
1109 2267 1159 2298 καὶ
1188 2265 1262 2309 (τὸν
1293 2265 1361 2307 ἐπ’)
1395 2266 1610 2296 Herwerden

286 2308 326 2336 16
351 2310 506 2348 Μεγαρεῖς
525 2307 551 2338 δ’
576 2307 773 2349 ἀνελεύθεροι
790 2309 869 2340 edit.
891 2308 995 2340 Paris.
1013 2320 1043 2340 a.
1062 2319 1167 2348 15702
1190 2309 1250 2350 μὲν
1268 2310 1330 2351 γὰρ
1350 2309 1434 2347 ἦσαν
1453 2309 1611 2350 ἐλεύθεροι

284 2349 375 2388 SQ:
397 2350 456 2389 μὲν
489 2351 550 2391 ’γὰρ
581 2350 608 2382 δ’
643 2351 843 2393 ἀνελεύθεροι
873 2351 898 2381 F
934 2352 1096 2393 (μεγαρεΐς
1128 2353 1161 2382 in
1188 2363 1254 2392 mg.
1287 2353 1440 2393 addito):
1464 2351 1523 2392 μὲν
1549 2353 1611 2393 ’γὰρ

286 2396 441 2434 Μεγαρεῖς
459 2393 657 2435 ἀνελεύθεροι
670 2394 699 2424 Y
715 2404 730 2423 ι·
742 2395 771 2424 D
862 2405 899 2433 17
916 2395 975 2435 μὲν
992 2396 1067 2426 add.
1086 2396 1193 2427 Cobet
1282 2406 1322 2434 24
1348 2395 1612 2437 καταγαγόμενον

285 2436 387 2466 Hude
485 2447 526 2476 25
550 2438 650 2479 ταύτῃ
668 2437 698 2468 Y
711 2447 726 2467 r
741 2438 771 2468 D
870 2439 912 2468 28
936 2439 1017 2477 αὐτή
1035 2439 1105 2483 (vel
1124 2438 1234 2481 αὐτόν)
1253 2439 1355 2470 Hude
1370 2450 1378 2470 z
1398 2439 1498 2477 αὐτήν
1513 2438 1610 2470 codd.

1625 519 1642 552 5

1629 860 1666 883 ῙΟ

1630 1193 1667 1226 15

1630 1530 1670 1552 20
