1763 2778
57 126 194 181 [1106]
634 131 1129 169 AHMOEQENOTE
1456 125 1541 179 [va

219 231 405 280 ἀληθείας
430 230 491 270 καὶ
516 233 583 269 τοῦ
606 231 654 269 τὰ
684 229 814 280 σημεῖ’
838 231 936 270 ἰδεῖν
959 231 996 270 οἱ
1025 231 1097 280 μὲν
1121 230 1304 270 δικασταὶ
1329 228 1373 269 τὸ
1398 227 1541 280 πρᾶγμ’

159 308 197 339 ιδ
219 297 413 349 ἔγνωσαν,
440 297 518 349 ἐγὼ
544 296 575 336 δ’
602 298 640 338 εἴ
659 314 717 339 τις
741 297 866 346 ἠδίκει
888 314 950 348 με,
977 297 1042 337 ἐπὶ
1065 300 1203 336 τοῦτον
1227 295 1289 352 ᾖα.
1344 299 1411 336 νῦν
1430 295 1463 335 δ’
1489 296 1543 337 εἷς

217 366 290 415 μὲν
325 364 452 406 οὐδεὶς
487 365 582 404 ὅλον
613 364 657 403 τὸ
693 363 839 415 πρᾶγμ’
872 363 1093 414 ἀνεδέξατο,
1128 363 1215 404 οὐδὲ
1251 363 1543 414 μεμαρτύρηκεν

219 433 367 477 ἁπλῶς,
402 431 452 473 ὡς
483 430 531 471 ἄν
560 447 619 473 τις
647 432 800 481 τάληθῆ
829 429 1126 483 μαρτυρήσειεν,
1153 429 1269 482 μέρος
1298 429 1330 470 δ’
1361 429 1542 475 ἕκαστος,

220 498 272 541 ὡς
294 498 339 548 δὴ
367 497 496 550 σοφὸς
525 498 587 538 καὶ
617 499 680 538 διὰ
711 497 812 538 τοῦτ’
839 497 882 538 οὐ
907 498 1046 538 δώσων
1071 499 1194 548 δίκην,
1225 498 1245 536 ὁ
1271 499 1343 548 μὲν
1366 513 1544 550 γραμμα-
1565 517 1580 548 5

219 569 324 606 τεῖον
363 565 471 618 ἔχειν
509 565 572 617 ἐφ’
609 563 637 620 ᾧ
666 564 890 618 γεγράφθαι
928 563 1117 615 ’διαθήκη
1155 565 1370 605 Πασίωνος
1384 563 1407 610 ’‚
1446 565 1466 603 ὁ
1502 565 1544 604 δὲ

219 633 414 683 πεμφθεὶς
438 632 514 673 ὑπὸ
538 633 676 673 τούτου
702 631 892 685 παρέχειν
911 635 1038 679 τοῦτο,
1066 633 1099 673 εἰ
1124 631 1156 672 δ’
1176 632 1322 682 ἀληθὲς
1339 627 1362 681 ἢ
1382 634 1543 683 ψεῦδος,

67 684 197 740 [ῙῙΟΊ]
219 700 330 740 οὐδὲν
370 698 526 740 εἰδέναι.
584 700 660 740 οἱδὶ
699 702 741 740 δὲ
781 705 829 757 τῇ
870 698 1091 751 προκλήσει
1131 698 1380 752 χρησάμενοι
1420 714 1544 749 παρα-

159 750 200 784 19
220 766 441 817 πετάσματι
474 765 657 817 διαθήκας
695 766 982 818 ἐμαρτύρησαν,
1010 766 1061 808 ὡς
1093 765 1141 807 ἂν
1165 765 1332 817 μάλισθ’
1371 767 1408 806 οἱ
1439 760 1548 817 (μὲν)

220 834 403 874 δικασταὶ
427 834 571 884 ταύτην
596 833 667 884 τὴν
688 832 875 883 διαθήκην
902 835 1143 875 ἐπίστευσαν
1169 836 1237 872 τοῦ
1263 832 1411 884 πατρὸς
1431 831 1545 877 εἶναι,

220 902 297 954 ἐγὼ
327 900 358 941 δ’
389 902 657 951 ἀπεκλείσθην
686 904 755 941 τοῦ
787 901 912 953 λόγου
944 904 1079 954 τυχεῖν
1107 901 1203 952 ὑπὲρ
1240 901 1294 940 ὧν
1331 900 1546 949 ἀδικοῦμαι,

220 968 327 1008 οὗτοι
351 970 393 1008 δὲ
419 971 638 1020 φωραθεῖεν
658 970 706 1008 τὰ
730 970 858 1021 ψευδῆ
883 968 1233 1019 μεμαρτυρηκότες.
1291 967 1416 1006 καίτοι
1440 966 1487 1005 τό
1511 964 1547 1018 γ’

220 1036 399 1076 ἐναντίον
418 1034 537 1090 ᾤοντο
557 1036 708 1075 τούτου.
759 1036 823 1076 ἵνα
848 1035 881 1074 δ’
908 1036 1034 1085 εἰδῆτε
1059 1034 1166 1075 ταῦθ’
1187 1035 1248 1074 ὅτι
1274 1034 1402 1084 ἀληθῆ
1425 1032 1546 1085 λέγω,

218 1105 323 1154 λαβὲ
348 1102 419 1153 τὴν
444 1106 512 1142 τοῦ
535 1105 859 1155 Κηφισοφῶντος
885 1103 1112 1155 μαρτυρίαν.

777 1218 986 1244 ΜΑΡΤΎΡΙΑ.

276 1277 515 1324 Κηφισοφῶν
544 1274 786 1323 Κεφαλίωνος
813 1273 1025 1322 Ἀφιδναῖος
1052 1275 1230 1323 μαρτυρεῖ
1256 1271 1551 1321 καταλειφθῆναι

221 1331 316 1381 αὑτῷ
336 1329 407 1367 ὑπὸ
427 1332 490 1367 τοῦ
509 1330 647 1379 πατρὸς
666 1332 929 1381 γραμματεῖον,
953 1327 1012 1377 ἐφ’
1034 1327 1060 1379 ᾧ
1078 1327 1351 1380 ἐπιγεγράφθαι
1371 1327 1550 1377 ιδιαθήκη

224 1384 419 1424 Πασίωνος
431 1384 451 1422 '.

159 1512 204 1536 20
287 1495 443 1536 Οὐκοῦν
468 1493 515 1545 ἣν
541 1495 704 1541 ἁπλοῦν,
731 1491 760 1533 ὦ
787 1492 924 1545 ἄνδρες
949 1493 1144 1538 δικασταί,
1171 1492 1240 1533 τὸν
1263 1495 1386 1532 ταῦτα
1409 1508 1552 1544 μαρτυ-

220 1565 362 1615 ροῦντα
394 1563 751 1614 προσμαρτυρῆσαι
777 1563 787 1578 ‘
805 1560 905 1601 εἶναι
935 1562 978 1602 δὲ
1004 1560 1049 1601 τὸ
1078 1564 1357 1612 γραμματεῖον,
1386 1558 1407 1599 ὃ
1435 1558 1552 1602 αὐτὸς

222 1628 399 1683 παρέχει,
421 1632 536 1669 τοῦτο
556 1629 579 1674 ’,
601 1630 664 1669 καὶ
683 1628 727 1668 τὸ
752 1630 1020 1680 γραμματεῖον
1039 1628 1246 1678 ἐμβαλεῖν.
1305 1627 1412 1667 ἀλλὰ
1436 1629 1552 1666 τοῦτο

222 1699 294 1748 μὲν
320 1695 427 1747 οἶμαι
456 1696 500 1736 τὸ
531 1699 677 1748 ψεῦδος
705 1694 828 1747 ἡγεῖτ’
854 1696 973 1747 ὀργῆς
1002 1693 1124 1745 ἄξιον,
1153 1694 1215 1734 καὶ
1245 1694 1355 1744 δίκην
1380 1693 1429 1733 ἂν
1453 1694 1552 1744 ὑμᾶς

223 1763 314 1816 παρ’
353 1763 470 1803 αὑτοῦ
512 1766 671 1814 λαβεῖν,
706 1766 975 1815 γραμματεῖον
1015 1761 1049 1801 δ’
1093 1762 1194 1815 αὑτῷ
1239 1762 1552 1813 καταλειφθῆναι

223 1832 470 1883 μαρτυρῆσαι
494 1833 649 1882 φαῦλον
670 1830 732 1870 καὶ
757 1828 882 1869 οὐδέν.
942 1828 1030 1868 ἔστι
1050 1830 1090 1868 δὲ
1114 1827 1216 1868 τοῦτ’
1233 1827 1325 1868 αὐτὸ
1338 1827 1383 1868 τὸ
1409 1831 1553 1878 δηλοῦν

161 1912 202 1938 21
227 1899 289 1938 καὶ
315 1901 556 1950 κατηγοροῦν
580 1898 639 1937 ὅτι
664 1899 743 1937 πᾶν
767 1895 812 1936 τὸ
839 1899 1000 1948 πρᾶγμα
1027 1895 1376 1936 κατεσκευάκασιν.
1430 1896 1553 1946 εἰμὲν
1595 1910 1610 1940 ζ

224 1967 299 2018 γὰρ
331 1967 429 2015 ἐπῆν
455 1965 519 2004 ἐπὶ
551 1966 619 2014 τῆς
652 1962 837 2014 διαθήκης
864 1965 874 1980 ‘
893 1964 1108 2005 Πασίωνος
1143 1963 1204 2002 καὶ
1234 1963 1463 2015 Φορμίωνος
1479 1961 1502 2008 ’,
1529 1957 1552 2011 ἦ

226 2031 350 2084 ’πρὸς
386 2032 600 2083 Φορμίωνα
615 2031 638 2078 ’,
669 2028 692 2081 ἦ
729 2031 882 2071 τοιοῦτό
916 2047 966 2076 τι,
1002 2031 1161 2071 εἰκότως
1197 2029 1244 2069 ἂν
1277 2028 1397 2079 αὐτὴν
1425 2027 1554 2080 ἐτήρει

224 2098 363 2153 τούτῳ·
403 2099 436 2139 εἰ
468 2098 524 2145 δέ,
544 2099 678 2151 ὥσπερ
711 2098 1018 2150 μεμαρτύρηκεν,
1046 2099 1145 2147 ε’πῆν
1173 2100 1181 2114 ‘
1199 2095 1359 2147 διαθήκη
1388 2097 1551 2136 Πασίω-

227 2183 292 2208 νος
308 2166 331 2212 ’‚
359 2169 440 2207 πῶς
465 2166 533 2206 οὐκ
559 2165 606 2206 ἂν
623 2164 824 2221 ἀνῃρήμην
841 2164 961 2214 αὐτὴν
978 2164 1068 2217 ἐγώ,
1092 2164 1278 2205 συνειδὼς
1301 2165 1374 2214 μὲν
1402 2164 1553 2217 ἐμαυτῷ

278 2285 290 2305 1
316 2276 354 2307 τὸ
371 2275 516 2316 πρᾶγμα]
533 2276 573 2307 τὰ
590 2275 693 2307 δίκαια
709 2275 736 2305 F
751 2288 801 2316 γρ.
818 2273 849 2313 Q
865 2287 916 2315 γρ.
1040 2283 1059 2303 2
1083 2272 1125 2315 ᾖα
1141 2271 1180 2304 S¹
1195 2272 1225 2311 Q
1240 2272 1269 2302 D
1286 2284 1293 2303 ι
1317 2285 1365 2303 εια
1383 2271 1406 2302 S
1423 2282 1507 2302 corr.
1527 2270 1552 2300 F

227 2319 248 2348 8
271 2319 329 2351 οἱδὶ
349 2319 372 2350 S
389 2331 396 2349 :
420 2320 448 2350 οἱ
468 2325 544 2350 cett.
667 2330 688 2358 9
711 2318 770 2359 μὲν
786 2319 864 2349 add.
884 2317 984 2348 Blass
999 2317 1073 2348 coll.
1097 2317 1166 2347 xlvi
1183 2327 1204 2355 9
1338 2325 1375 2354 13
1399 2317 1448 2348 ὅτι
1464 2317 1554 2346 ταῦτ’

230 2362 327 2394 Blass
345 2373 352 2400 ;
376 2363 435 2393 sed
451 2363 490 2393 cf.
511 2363 570 2392 xix
588 2363 649 2401 176
732 2372 767 2399 14
791 2360 878 2398 λαβέ
887 2374 939 2401 μοι
955 2361 1014 2399 τὴν
1029 2361 1054 2391 F
1067 2360 1096 2390 D
1167 2362 1204 2390 16
1221 2370 1292 2399 sqq.
1308 2359 1433 2390 testim.
1446 2368 1514 2389 om.
1530 2357 1555 2389 S

229 2407 430 2448 Κεφαλίωνος
452 2405 621 2436 Kirchner
638 2405 712 2436 coll.
733 2405 770 2436 C.
788 2405 812 2436 Ι.
829 2405 870 2435 A.
891 2405 922 2434 iv
940 2415 969 2434 2.
990 2413 1070 2442 1054
1088 2414 1095 2434 ε
1121 2403 1313 2444 Κεφάλωνος
1330 2403 1425 2433 codd.
