1763 2778
733 425 870 462 XLIV

190 514 353 562 ΠΡΟΣ
392 518 687 560 ΛΕΩΧΑΡΗ
733 519 876 558 ΠΕΡΙ
921 519 1039 560 ΤΟΤ
1082 521 1397 562 ΑΡΧΙΑΔΟΤ

671 586 926 627 KAHPOT

687 706 902 736 ῪΠΟΘΕΣΙΣ.

185 780 386 832 Αρχιάδου
421 780 712 829 τελευτησαντος
751 781 904 820 ἅπαιοος
942 782 1160 831 Λεωκράτης
1198 799 1357 833 κατεσχε
1397 783 1461 820 τὸι

133 837 281 884 κλῆρον,
318 852 501 888 συγγενης
531 852 554 874 τ
598 835 646 873 ὢν
681 836 791 873 αὐτοῦ
827 835 885 872 καὶ
919 836 1206 885 εἷσπεποιησθαι
1244 837 1362 888 λεγων
1401 836 1461 875 υπ’

131 889 340 941 Αρχιάδου.
399 890 459 928 καὶ
477 890 587 941 μέχρι
606 907 673 939 μεν
692 906 789 929 τινος
813 889 919 929 αὐτὸς
947 893 1123 941 κατεῖχει,
1145 892 1269 929 ἔπειτα
1294 892 1358 929 τὸν
1384 892 1461 929 υἱὸν

130 945 194 983 τὸν
218 947 347 983 ἑαυτοῦ
369 945 616 994 Λεώστρατον
642 944 863 993 εἷσποιησας
891 944 969 982 ἀνθ
994 946 1105 982 αὑτοῦ
1125 949 1173 997 τῷ
1193 945 1407 996 Ἀρχιάδη’
1392 947 1459 991 εξί-

93 1019 110 1051 5
131 1016 267 1037 σταται
280 1001 346 1037 τοῦ
366 999 467 1037 οἴκου
488 999 547 1038 καὶ
568 1001 616 1038 εἷς
635 999 700 1037 τὸν
719 1001 852 1036 οἰκεῖον
877 1000 1121 1068 ἀνεχώρησεν,
1143 1002 1189 1040 ὡς
1210 1000 1331 1038 ἄδειαν
1358 1000 1459 1038 δεδω-

131 1054 238 1094 κότος
269 1054 408 1092 τούτων
444 1056 510 1091 τοῦ
545 1054 670 1102 νόμου.
729 1053 883 1102 ἐποιησε
922 1053 961 1091 δὲ
997 1055 1110 1092 rai-rb
1147 1056 1166 1092 ὁ
1206 1055 1457 1104 Λεώστρατος,

132 1109 192 1146 καὶ
213 1108 291 1147 ἀνθ’
312 1109 424 1147 αὗτου
445 1109 657 1146 καταλιπὼν
682 1110 720 1145 ἐν
739 1111 788 1160 τῷ
809 1108 895 1159 οἴκῳ
922 1110 986 1145 τοῦ
1006 1107 1204 1159 Ἀρχιάδου
1230 1110 1343 1147 παῖδα
1363 1114 1459 1147 Λεω-

131 1164 268 1213 κράτην
287 1164 516 1212 καλούμενον
536 1162 745 1211 ἐπανῆλθεν
764 1162 873 1202 αὐτος
894 1165 944 1202 εἰς
963 1180 1029 1212 τηι
1049 1164 1166 1201 οἷκιαν
1180 1181 1248 1212 τηι
1266 1167 1331 1202 τοῦ
1346 1166 1400 1212 dn
1401 1182 1459 1202 σει
1482 1158 1625 1213 [1080]

129 1218 277 1267 πατρός.
336 1219 355 1255 ὁ
392 1219 459 1268 μὲν
497 1217 541 1267 δὴ
579 1218 809 1267 Λεωκράτης,
852 1219 870 1254 ὁ
908 1219 1117 1257 τελειταῖος
1155 1219 1377 1267 εἰσποιηθεὶς
1409 1223 1459 1271 τῷ
1480 1230 1498 1254 2

74 1289 110 1310 10
131 1271 322 1324 Ἀρχιάδῃ,
342 1273 516 1321 τέθνηκεν
543 1273 664 1316 ἅπαις,
686 1272 949 1322 προσελήλυθε
974 1273 1011 1310 δὲ
1032 1277 1080 1324 τῷ
1102 1274 1224 1324 κλήρῳ
1244 1274 1458 1322 Ἀριστόδη-

128 1344 207 1376 μος,
237 1328 358 1379 λέγων
387 1328 570 1379 ἐγγύτατα
597 1329 663 1365 τοῦ
686 1328 813 1378 γένους
841 1327 930 1365 εἶναι
955 1331 1006 1379 τῷ
1032 1326 1221 1378 Ἀρχιάδῃ,
1243 1328 1354 1378 οὗπερ
1374 1328 1418 1377 ἧν
1438 1330 1457 1365 ὁ

130 1383 265 1432 κλῆρος
284 1381 325 1426 ἐξ
349 1383 475 1433 ἀρχῆς,
498 1382 558 1420 καὶ
584 1381 630 1419 δι’
651 1384 787 1420 ἐκεῖνον
806 1385 856 1433 τῷ
877 1383 1084 1431 Λεωκράτει
1103 1386 1153 1434 τῷ
1172 1384 1368 1433 τελευταίῳ
1388 1386 1459 1420 τῶν

130 1436 426 1485 εἰσποιηθέντων.
484 1437 685 1487 Λεωχάρης
715 1436 745 1474 δ’
777 1438 796 1475 ὁ
825 1437 989 1485 ἀδελφὸς
1014 1439 1079 1475 τοῦ
1105 1437 1321 1486 τεθνηκότος
1347 1440 1458 1487 ἀμφι-

128 1491 270 1541 σβητεῖ
286 1493 351 1530 τοῦ
379 1491 528 1541 κλήρου,
550 1492 595 1529 τὸ
619 1493 687 1541 μὲν
708 1492 799 1530 ὅλον
828 1492 1106 1542 ἰσχυριζόμενος
1130 1493 1289 1540 ποιήσει,
1312 1494 1358 1531 ὡς
1384 1492 1460 1532 υἱὸς

72 1561 108 1592 15
128 1546 281 1595 ποιητὸς
301 1545 367 1585 4ὢν
403 1549 468 1584 τοῦ
505 1547 757 1596 Λεωκράτους,
797 1548 955 1595 φάσκων
993 1545 1023 1584 δ’
1061 1546 1150 1584 εἶναι
1185 1546 1243 1584 καὶ
1276 1547 1459 1598 συγγενὴς

128 1599 337 1652 Ἀρχιάδου.
396 1602 416 1639 ὃ
436 1599 466 1638 δ’
486 1602 578 1651 ὑπὲρ
604 1600 878 1650 Ἀριστοδήμου
904 1601 1024 1652 λέγων
1051 1601 1272 1639 ἐπιδείκνυσι
1297 1602 1364 1650 τὴν
1392 1603 1460 1651 μὲν
1479 1611 1499 1645 3

128 1657 194 1694 τοῦ
212 1656 339 1707 γένους
362 1656 580 1708 ἀγχιστείαν
597 1656 856 1707 Ἀριστοδήμῳ
884 1655 1057 1693 διδοῧσαν
1082 1656 1146 1694 τὸν
1168 1658 1316 1705 κλῆρον,
1336 1656 1403 1703 τὴν
1422 1656 1460 1693 δὲ

128 1710 280 1759 ποίησιν
299 1711 569 1760 παραπλησίαν
595 1711 722 1748 οὖσαν·
780 1712 822 1748 οὐ
848 1712 921 1761 γὰρ
947 1712 1024 1757 ζῶν,
1049 1711 1178 1759 φησίν,
1203 1712 1222 1748 ὁ
1242 1712 1461 1759 Λεωκράτης

129 1765 332 1814 ἐποιήσατο
364 1765 478 1803 παῖδα
511 1766 576 1803 τὸν
609 1766 801 1816 Λεωχάρη,
835 1765 999 1814 καθάπερ
1033 1767 1067 1802 οἱ
1096 1766 1201 1814 νόμοι
1233 1766 1457 1811 κελεύουσιν,

70 1839 109 1862 20
129 1820 231 1856 ἀλλὰ
245 1820 338 1870 μετὰ
352 1837 420 1869 την
436 1820 573 1858 ἐκείνου
589 1819 764 1868 τελευτὴν
780 1818 836 1857 ἐπ’
856 1820 1107 1869 ἀποστερήσει
1127 1821 1192 1868 τῆς
1213 1820 1341 1859 οὐσίας
1359 1821 1460 1868 παρὰ

127 1873 212 1914 τοὺς
249 1874 382 1924 νόμους
414 1875 438 1924 ἡ
475 1875 687 1924 εἰσποίησις
723 1874 873 1926 γίνεται.
932 1875 1034 1927 λέγει
1068 1874 1106 1912 δὲ
1139 1875 1204 1913 τὸν
1241 1875 1358 1927 λόγον
1395 1876 1460 1912 τοῦ

127 1927 398 1978 Ἀριστοδήμου
419 1930 438 1967 ὁ
457 1929 542 1969 υἱός.

196 2040 330 2082 Αἵτιος
366 2008 439 2092 μέν
477 2040 564 2081 ἐστι
593 2039 810 2093 Λεωχάρης
843 2041 992 2086 οὑτοσί,
1030 2038 1059 2079 ὦ
1092 2039 1231 2092 ἄνδρες
1262 2040 1456 2086 δικασταί,

176 2147 363 2183 TITULUSt
396 2149 478 2189 Πρὸς
498 2147 652 2190 Λεωχᾶρη
669 2148 692 2179 S
711 2154 720 2178 ἰ
744 2146 825 2189 Πρὸς
847 2146 1020 2190 Λεωχάρην
1045 2150 1113 2190 περὶ
1142 2151 1198 2182 τοῦ
1225 2145 1344 2189 κλήρου
1367 2147 1456 2186 vulg.

130 2190 202 2230 (τοῦ
224 2202 290 2222 om.
309 2191 380 2232 A):
407 2193 577 2234 Ἀρχιάδου
598 2193 740 2223 inseruit
759 2193 868 2223 mass.
912 2192 1056 2223 debebat
1073 2202 1149 2223 esse
1168 2193 1255 2223 Κατὰ
1270 2192 1458 2233 Λεωχάρους

127 2237 399 2277 ψευδομαρτυρίων

177 2299 197 2328 4
221 2290 291 2322 ἄντ’
309 2291 406 2322 αὐτοῦ
423 2290 449 2320 F
465 2290 495 2320 D
510 2290 533 2321 S
552 2291 603 2321 hic
621 2295 654 2320 et
671 2291 758 2321 infra
926 2292 948 2321 6
971 2290 1093 2322 τούτων
1105 2290 1232 2321 Reiske
1250 2301 1257 2320 ι
1281 2303 1384 2321 τουτω
1403 2288 1433 2318 Ι)
1449 2300 1457 2319 t

128 2335 228 2365 τοῦτο
247 2332 273 2363 F
286 2332 310 2363 S
419 2344 456 2371 14
480 2333 539 2373 μὲν
554 2333 673 2364 Wolf:
698 2334 731 2366 δὲ
745 2334 770 2364 F
787 2334 816 2363 D
828 2333 853 2365 S
942 2334 1067 2371 ποιήσει
1077 2334 1155 2366 Ald.
1174 2345 1180 2364 2
1205 2335 1333 2371 ποιῆσαι
1350 2332 1374 2362 F
1390 2332 1418 2362 D
1433 2332 1456 2362 S

132 2375 172 2405 18
196 2377 426 2417 παραπλησίαν
453 2378 550 2407 codd.
609 2379 686 2416 παρ’
710 2379 896 2415 ἀπληστίαν
922 2377 1089 2408 Voemel:
1124 2377 1354 2418 παράπλαστυν
1383 2375 1455 2406 Ste-

129 2419 264 2458 phanus
396 2430 436 2451 21
462 2402 585 2461 γίνεται
602 2421 721 2454 codd.;
747 2421 922 2463 ’γεγένηται
941 2421 1099 2451 Foerster

195 2485 283 2507 ιιι-44
1349 2485 1367 2515 4
