1763 2778
731 393 867 429 XLIX

296 498 459 547 ΠΡΟΣ
506 502 836 544 ΤΙΜΟΘΕΟΝ
885 503 1047 544 ΤΠΕΡ
1094 498 1294 547 ΧΡΕΩΣ

687 615 904 645 ὙΠΟΘΕΣΙΣ.

192 685 373 736 Τιμόθεον
392 685 456 724 τὸν
471 684 678 735 Ἀθηναῖον,
698 685 810 735 ἄνδρα
831 685 977 730 ἔνδοξον
993 686 1052 723 καὶ
1068 687 1380 738 στρατηγήσαντα
1400 689 1464 735 τῆς
1486 684 1615 739 [1184]

135 741 291 787 πόλεως,
316 740 604 790 Ἀπολλόδωρος
631 742 778 779 ἀπαιτεῖ
801 742 903 792 χρέα,
935 742 1055 792 λέγων
1083 741 1138 779 ὅτι
1167 743 1337 779 Πασίωνι
1365 742 1465 793 φίλῳ

135 796 323 846 χρώμενος
343 796 362 832 ὃ
381 795 560 845 Τιμόθεος
581 797 699 844 ἔλαβε
723 813 798 845 παρ
829 798 940 833 αὐτοῦ
965 797 1139 846 χρήματα
1166 798 1225 833 καὶ
1246 797 1406 844 ὀφείλων
1428 800 1465 834 ἐν

135 852 213 889 τοῖς
231 850 498 900 τραπεζιτικοῖς
517 851 645 902 λόγοις
669 852 929 903 ἐγγέγραπται.
986 853 1032 888 τὰ
1058 853 1126 900 μὲν
1152 851 1195 899 δη
1222 851 1327 889 πάιτ’
1346 852 1464 919 ὀφλη-

98 920 116 951 5
135 922 236 954 ματα
262 922 419 954 τετταρα
449 906 734 955 καταριθμεῖται,
768 905 827 953 ἐφ’
858 906 1016 942 ἑκάστου
1046 906 1084 943 δὲ
1115 907 1175 943 καὶ
1203 923 1286 945 τοις
1312 923 1403 957 χροι
1405 923 1464 945 ους

138 960 196 997 καὶ
215 961 280 999 τὰς
300 961 417 1000 αἰτίας
436 959 483 998 δι’
507 961 548 999 ἃς
575 960 788 998 ἐδανείσατο
816 959 1007 1009 Τιμόθεος,
1029 961 1190 1010 ἀκριβῶς
1216 961 1347 1010 εἴρηκε.
1405 962 1463 998 καὶ

135 1015 200 1054 τὰς
217 1016 286 1064 μὲν
305 1015 487 1055 πλείστας
507 1014 744 1059 ἀποδείξεις’
729 1033 768 1052 εκ
788 1018 858 1052 τῶν
879 1015 1149 1065 καλουμένων’
1130 1016 1240 1066 ατέχν
1242 1033 1290 1053 ων
1305 1017 1464 1053 πίστεων

135 1070 383 1120 παρέσχηται,
402 1073 609 1120 μαρτυριῶν
636 1088 696 1108 και
723 1070 977 1118 προκλήσεωι,
1003 1086 1103 1109 τιιας
1129 1069 1167 1108 δὲ
1194 1070 1253 1107 καὶ
1277 1087 1401 1121 ειτεχι
1404 1086 1464 1109 ους

135 1122 210 1161 ἀπὸ
228 1127 299 1162 τῶν
319 1125 477 1162 εἰκότων.
537 1126 598 1162 καὶ
619 1125 638 1163 ὃ
657 1127 726 1175 μὲν
745 1124 1030 1173 Απολλόδωρος
1052 1125 1231 1174 Τιμοθεον
1252 1142 1302 1163 ειι
1304 1142 1341 1163 αι
1366 1128 1463 1174 φησι

77 1199 116 1221 10
134 1177 198 1216 τὸν
217 1178 491 1228 δανεισάμενον,
515 1180 575 1218 καὶ
593 1181 669 1219 τοῖς
692 1180 764 1216 ἷπὸ
791 1179 972 1228 Τιμοθέου
997 1179 1221 1217 συσταθεῖσι
1247 1179 1396 1228 δοθηναι
1421 1180 1463 1217 τὸ

135 1234 309 1285 ἀργύριον
328 1232 403 1272 ἀπὸ
425 1235 490 1283 τῆς
512 1234 705 1284 τραπέζης·
727 1235 747 1272 ὃ
767 1233 797 1271 δ’
817 1235 885 1285 οὐχ
911 1235 1050 1279 ἑαυτόν,
1075 1232 1162 1271 ἀλλ’
1181 1235 1337 1275 ἐκείνους
1363 1235 1463 1283 ὀφεί-

134 1289 214 1327 λειν
232 1288 345 1340 λέγει.

202 1382 356 1433 Μηδενὶ
389 1383 497 1435 ὑμῶν
534 1382 706 1425 ἄπιστον
739 1382 931 1436 γενέσθω,
958 1380 987 1422 ὦ
1020 1381 1158 1436 ἄνδρες
1195 1384 1392 1430 δικασταί,
1431 1384 1464 1424 εἰ

133 1450 328 1501 Τιμόθεος
363 1451 540 1504 ὀφείλων
577 1450 763 1503 ἀργύριον
801 1453 851 1504 τῷ
887 1451 1002 1504 πατρὶ
1039 1454 1091 1505 τῷ
1126 1452 1203 1506 ἐμῷ
1235 1451 1373 1504 φεύγει
1397 1454 1464 1491 νῦν

76 1527 113 1559 15
133 1516 198 1558 ὑπ’
231 1518 325 1569 ἐμοῦ
356 1518 502 1569 ταύτην
530 1517 600 1568 τὴν
632 1518 755 1568 δίκην.
819 1517 912 1557 ἀλλ’
938 1516 1097 1558 ἐπειδὰν
1126 1518 1224 1569 ὑμᾶς
1249 1517 1462 1569 ἀναμνήσω

134 1584 203 1625 τόν
221 1601 265 1626 τε
285 1584 417 1638 καιρὸν
438 1587 480 1626 ἐν
495 1583 524 1641 ᾧ
546 1589 589 1626 τὸ
616 1585 868 1637 συμβόλαιον
896 1584 1066 1637 ἐγένετο,
1095 1585 1156 1624 καὶ
1181 1586 1228 1625 τὰ
1254 1585 1464 1636 συμβάντα
1486 1585 1615 1640 [1185]

134 1651 260 1707 τούτῳ
294 1653 336 1693 ἐν
369 1653 503 1708 ἐκείνῳ
534 1656 586 1707 τῷ
623 1653 767 1707 χρόνῳ,
798 1652 860 1692 καὶ
885 1653 949 1694 εἷς
975 1650 1076 1702 ὅσῆν
1102 1653 1269 1704 ἀπορίαι·
1295 1651 1462 1703 κατέστη

135 1718 260 1766 οὗτος,
295 1720 384 1760 τότε
418 1719 623 1773 ἡγήσεσθε
648 1719 716 1760 τὸν
741 1721 814 1770 μὲν
839 1718 990 1771 πατέρα
1022 1722 1091 1759 τὸν
1127 1719 1221 1770 ἐμὸν
1245 1719 1464 1771 βέλτιστον

134 1785 322 1840 γενέσθαι
362 1787 451 1840 περὶ
484 1787 694 1838 Τιμόθεον,
732 1789 871 1827 τοῦτον
911 1788 953 1827 δὲ
995 1784 1040 1826 οὐ
1078 1787 1201 1838 μόνον
1244 1786 1465 1840 ἀχάριστον

76 1869 116 1892 20
136 1854 247 1900 εἶναι,
275 1854 380 1894 ἀλλὰ
405 1871 468 1896 και
494 1854 733 1895 ἀδικώτατον
759 1853 918 1895 πάντων
945 1853 1177 1906 ἀνθρώπων,
1197 1855 1239 1895 ὅς
1264 1872 1309 1907 γε
1333 1854 1505 1908 τυχὼν
1485 1869 1505 1893 2

136 1923 241 1971 παρὰ
265 1924 334 1962 τοῦ
357 1921 505 1975 πατρὸς
529 1925 598 1962 τοῦ
621 1922 716 1973 ἐμοῦ
741 1922 850 1963 ὅσων
877 1920 1015 1972 ἐδεήθη
1039 1922 1100 1962 καὶ
1119 1922 1298 1972 λαβὼν’
1280 1922 1464 1974 αργύριον

135 1987 213 2029 ἀπὸ
237 1990 306 2039 τῆς
329 1989 535 2041 τραπέζης,
562 1990 605 2030 ἐν
634 1993 767 2046 πολλῇ
800 1990 944 2043 ἀπορίᾳ
977 1987 1031 2029 ὣν
1060 1989 1131 2029 κάν
1167 1988 1355 2031 κινδύιοις
1384 1992 1464 2030 τοῖς

134 2056 339 2108 μεγίστοις
360 2057 613 2107 καθεστηκὼς
633 2056 723 2109 περὶ
742 2058 812 2107 τῆς
826 2058 974 2110 ψυχῆς,
999 2055 1043 2096 οὐ
1061 2056 1183 2107 μόνον
1203 2055 1271 2095 οὐκ
1288 2055 1465 2096 ἀπέδωκε

135 2122 266 2176 χάριν,
293 2122 400 2164 ἀλλὰ
425 2124 488 2165 καὶ
510 2122 556 2164 τὸ
580 2126 696 2165 δοθὲν
721 2124 940 2176 ἀποστερεῖ
961 2141 1021 2174 με.
1084 2123 1208 2163 καίτοι
1235 2122 1465 2176 σφαλέντος

77 2206 115 2237 25
135 2192 208 2241 μὲν
231 2189 368 2232 τούτου
392 2191 604 2232 ἀπώλλυτο
630 2191 692 2232 καὶ
718 2194 772 2246 τῷ
796 2190 914 2243 πατρὶ
936 2194 990 2246 τῷ
1017 2192 1096 2246 ἐμῷ
1121 2190 1166 2231 τὸ
1198 2190 1464 2241 συμβόλαιον·

181 2310 201 2339 4
225 2300 445 2342 ἐγγεγράφθαι
468 2302 580 2341 codd.‚
602 2311 689 2333 corr.
709 2300 810 2332 Wolf
906 2301 1107 2341 ὀφειλήματα
1130 2300 1313 2338 Schaefer;
1346 2299 1405 2330 sed
1421 2299 1461 2330 cf.

139 2341 239 2384 Plut.‚
262 2344 398 2376 Demos.
421 2354 470 2384 15,
490 2345 574 2377 Sull.
591 2347 611 2375 8
721 2346 742 2374 8
765 2346 854 2377 τινὰς
869 2343 945 2375 Ald.
965 2355 972 2375 ι
995 2343 1082 2376 τινὲς
1098 2345 1192 2375 codd.
1312 2354 1350 2373 12
1374 2342 1464 2383 λέγει

138 2386 238 2419 Ald.:
262 2387 374 2429 λέγειν
386 2389 485 2420 codd.
575 2398 613 2427 13
637 2388 775 2429 γινέσθω
791 2389 822 2419 Α
915 2389 1020 2426 17-18
1045 2387 1134 2420 οὗτος
1151 2387 1293 2425 κατέστη
1309 2386 1341 2416 Α
1422 2396 1464 2416 22

139 2430 182 2462 ὢν
194 2431 254 2463 κᾶν
265 2430 439 2471 Schaefer‚
453 2432 494 2463 cf.
507 2434 544 2471 ξς
561 2442 610 2472 13,
626 2442 667 2471 54
682 2443 690 2462 :
713 2433 757 2464 ὢν
770 2434 820 2464 καὶ
833 2431 857 2462 S
869 2431 959 2471 vulg.
977 2441 985 2462 :
1009 2432 1059 2463 καὶ
1075 2430 1107 2460 Α
1186 2440 1227 2469 23
1245 2430 1420 2462 ἀποδέδωκε
1434 2430 1464 2460 Α

206 2497 293 2518 ιιι-44
1339 2485 1378 2514 10
