1763 2778
197 133 274 188 Lm]
511 137 672 176 ΠΡΟΣ
713 135 1166 174 ΝΙΚΟΣΤΡΑΤΟΝ
1542 132 1683 187 [1246]

198 239 352 278 κεῖσθαι
386 238 460 288 μὲν
494 236 622 283 αὐτός,
661 236 795 287 ἕτερον
829 234 864 276 δ’
900 235 997 287 ὑπὲρ
1035 236 1128 285 ἐμοῦ
1163 237 1232 273 τοῦ
1269 232 1522 284 ἀδικουμένου

196 305 367 355 τοῦνομα
392 303 594 357 παρέχειν,
623 303 684 344 καὶ
710 303 809 343 εἶναι
833 302 881 343 ἄν
904 319 941 342 τι
972 302 1124 343 τούτοις
1148 305 1263 342 τοῦτο
1295 299 1518 351 τεκμήριον,
1534 299 1563 309 ’”

197 372 316 412 ὁπότε
341 371 419 424 ἐγὼ
441 370 599 424 λέγοιμι
623 369 694 421 τὴν
720 370 866 424 ἔχθραν
889 369 986 422 πρὸς
1010 369 1121 420 ὑμᾶς,
1149 368 1200 410 ὡς
1228 369 1428 421 ψεύδομαι
1462 366 1520 417 (οὗ

196 441 272 492 γὰρ
295 438 344 480 ἄν
367 455 465 480 ποτε
488 440 623 491 ἕτερον
642 437 888 490 ἀπογράψαι,
911 439 1020 489 εἴπερ
1043 437 1122 489 ἐγὼ
1141 435 1256 477 αὐτὸς
1279 432 1519 485 ἠδικούμην),

159 522 176 553 5
197 508 261 546 διὰ
282 508 356 558 μὲν
380 509 502 546 ταῦτα
525 505 753 558 ἀπέγραψα.
824 504 1064 557 ἀπογράψας
1091 505 1132 544 δὲ
1162 504 1231 543 ἐὰν
1255 501 1449 552 ἀποδείξω
1473 503 1522 541 τὰ

197 572 424 626 ἀνδράποδα
446 572 701 625 Ἀρεθουσίου
727 573 835 618 ὄντα,
858 572 978 624 οὗπερ
1003 570 1225 624 ἐγέγραπτο
1251 570 1364 616 εἶναι,
1384 570 1432 609 τὰ
1451 570 1522 620 μὲν
1545 571 1685 625 [1247]

196 642 283 694 τρία
317 640 429 694 μέρη,
467 641 491 681 ἃ
527 641 571 680 ἐκ
606 644 685 681 τῶν
720 639 851 691 νόμων
889 643 942 694 τῷ
983 639 1114 694 ἰδιώτῃ
1151 642 1204 693 τῷ
1242 636 1523 690 ἀπογράψαντι

197 708 388 761 γίγνεται,
412 713 461 765 τῇ
485 707 602 748 πόλει
627 707 784 760 ἀφίημι,
814 707 914 761 αὐτῷ
941 705 972 746 δ’
996 706 1080 757 ἐμοὶ
1106 707 1397 757 τετιμωρῆσθαι
1414 704 1526 755 ἀρκεῖ

196 776 332 827 μόνον.
403 777 437 816 εἰ
472 776 545 826 μὲν
582 774 651 815 οῦν
684 792 750 826 μοι
776 773 823 824 ἦν
861 776 994 814 ἱκανὸν
1027 772 1074 813 τὸ
1107 774 1210 824 ὕδωρ
1253 771 1565 824 διηγήσασθαι3

139 862 179 886 10
197 842 294 895 πρὸς
317 843 416 894 ὑμᾶς
439 844 487 883 τὰ
513 839 561 892 ἐξ
580 843 717 895 ἀρχῆς,
744 841 806 881 ὅσ’
832 842 961 894 ἀγαθὰ
987 840 1227 882 πεπονθότες
1248 839 1312 881 ὑπ’
1338 841 1432 890 ἐμοῦ
1461 837 1524 878 οἶά

195 927 245 961 με
269 909 522 962 εἰργασμένοι
549 910 664 955 εἰσίν,
692 909 732 949 εὖ
758 908 830 948 οἶδ’
855 909 916 949 ὅτι
938 910 1047 959 ὑμεῖς
1073 907 1105 948 τ’
1130 907 1178 948 ἄν
1201 924 1267 959 μοι
1292 906 1350 946 ἔτι
1367 909 1524 958 μᾶλλον

197 978 436 1030 συγγνώμην
462 978 591 1030 εἴχετε
614 980 681 1017 τοῦ
705 977 932 1029 ὀργίζεσθαι
953 975 1096 1021 αὐτοῖς,
1117 975 1277 1015 τούτους
1301 973 1334 1013 τ’
1353 974 1521 1013 ἀνοσιω-

196 1043 338 1086 τάτους
368 1043 586 1097 ἀνθρώπων
617 1042 827 1096 ἡγήσασθε
864 1043 977 1083 εἶναι·
1014 1045 1084 1083 νῦν
1119 1041 1151 1081 δ’
1188 1041 1276 1081 οὐδὲ
1309 1039 1523 1080 διπλάσιόν

197 1128 265 1163 μοι
295 1112 435 1152 τούτου
467 1112 571 1163 ὕδωρ
607 1110 740 1152 ἱκανὸν
769 1110 816 1151 ἂν
849 1109 1015 1163 γένοιτο.
1090 1110 1138 1149 τὰ
1166 1110 1238 1160 μὲν
1263 1107 1330 1148 οῦν
1353 1107 1526 1159 μέγιστα

139 1195 179 1228 15
199 1178 263 1219 καὶ
286 1180 483 1232 περιφανῆ
509 1182 588 1219 τῶν
612 1177 872 1229 ἀδικημάτων,
901 1177 963 1218 καὶ
989 1177 1133 1217 ὁπόθεν
1150 1175 1174 1227 ἡ
1194 1173 1408 1228 ἀπογραφὴ
1428 1175 1523 1224 αὕτη

197 1245 376 1299 γέγονεν,
402 1247 478 1297 ἐρῶ
503 1245 600 1297 πρὸς
622 1246 732 1296 ὑμᾶς,
760 1247 808 1285 τὰ
832 1247 875 1285 δὲ
897 1245 1032 1284 πολλὰ
1056 1243 1178 1284 ἐάσω.

265 1313 537 1365 Νικόστρατος
562 1314 636 1366 γὰρ
662 1313 811 1358 οὑτοσί,
839 1309 869 1352 ὦ
893 1311 1031 1365 ἄνδρες
1059 1311 1256 1357 δικασταί,
1289 1311 1431 1363 γείτων
1459 1302 1526 1360 μοι
1544 1322 1566 1355 4

198 1377 254 1421 ὢν
288 1381 331 1421 ἐν
367 1382 474 1435 ἀγρῷ
511 1380 572 1420 καὶ
607 1380 832 1431 ἡλικιώτης,
870 1381 1074 1433 γνωρίμως
1110 1378 1182 1430 μέν
1217 1395 1283 1429 μοι
1319 1377 1427 1430 εἶχεν
1462 1376 1525 1416 καὶ

199 1446 335 1495 πάλαι,
370 1446 503 1498 ἐπειδὴ
537 1450 580 1489 δὲ
613 1448 874 1497 ἐτελεύτησεν
904 1447 924 1485 ὁ
961 1446 1088 1498 πατὴρ
1125 1447 1187 1486 καὶ
1225 1445 1302 1497 ἐγὼ
1341 1446 1382 1484 ἐν
1419 1444 1524 1497 ἀγρῷ

139 1533 179 1555 20
200 1512 410 1570 κατῴκουν,
444 1515 564 1566 οῦπερ
597 1515 658 1555 καὶ
692 1518 761 1555 νῦν
794 1516 900 1560 οἰκῶ,
933 1514 995 1554 καὶ
1030 1516 1189 1565 μᾶλλον
1224 1511 1417 1562 ἀλλήλοις
1452 1511 1525 1561 ἤδη

199 1583 405 1636 ἐχρώμεθα
438 1584 500 1622 διὰ
532 1581 576 1622 τὸ
608 1581 783 1635 γείτονές
807 1598 850 1622 τε
875 1580 975 1622 εἶναι
1001 1581 1064 1621 καὶ
1092 1581 1310 1631 ἡλικιῶται.
1381 1578 1527 1631 χρόνου

199 1651 243 1690 δὲ
274 1651 564 1702 προβαίνοντος
594 1650 657 1690 καὶ
689 1648 790 1690 πάνυ
822 1649 976 1691 οἰκείως
1007 1649 1241 1699 διεκείμεθα,
1277 1646 1339 1686 καὶ
1371 1645 1448 1697 ἐγώ
1485 1661 1527 1684 τε

199 1717 323 1759 οὕτως
345 1718 497 1760 οἰκείως
521 1718 719 1768 διεκείμην
749 1716 845 1769 πρὸς
877 1719 1028 1761 τοῦτον,
1056 1714 1152 1755 ὥστ’
1182 1713 1340 1755 οὐδενὸς
1369 1712 1527 1753 πώποτε

199 1785 254 1824 ὧν
297 1783 434 1835 ἐδεήθη
478 1784 590 1826 οὗτος
625 1786 719 1836 ἐμοῦ
762 1783 970 1837 ἀπέτυχεν,
1015 1782 1129 1824 οὗτός
1169 1798 1214 1822 τε
1250 1781 1298 1821 αῦ
1337 1781 1422 1831 ἐμοὶ
1459 1779 1527 1819 οὐκ

140 1869 178 1901 25
199 1850 401 1904 ἄχρηστος
427 1851 474 1902 ἦν
494 1851 590 1904 πρὸς
614 1850 660 1892 τὸ
686 1853 972 1903 ἐπιμεληθῆναι
998 1850 1061 1891 καὶ
1081 1851 1293 1899 διοικῆσαι,
1321 1847 1384 1888 καὶ
1408 1847 1527 1887 ὁπότε

200 1919 279 1971 ἐγὼ
303 1919 547 1970 ἀποδημοίην
572 1916 594 1969 ἢ
621 1921 791 1973 δημοσία
816 1913 1111 1972 τριηραρχῶνῆ
1138 1918 1216 1970 ἰδίᾳ
1241 1914 1323 1955 κατ’
1349 1914 1451 1954 ἄλλο
1473 1930 1524 1959 τι,

201 1985 331 2038 κύριον
355 1989 433 2026 τῶν
459 1987 500 2026 ἐν
520 1986 625 2041 ἀγρῷ
650 1990 789 2026 τοῦτον
808 1985 993 2026 ἁπάντων
1018 1984 1263 2024 κατέλειπον.
1313 1981 1526 2033 συμβαίνει
1547 1995 1564 2031 5

199 2052 246 2104 δή
271 2069 337 2104 μοι
360 2053 592 2105 τριηραρχία
617 2053 704 2106 περὶ
729 2053 1060 2103 Πελοπόννησον,
1089 2053 1239 2091 ἐκεῖθεν
1266 2052 1307 2090 δὲ
1333 2050 1387 2090 εἷς
1412 2051 1523 2088 Σικε-

198 2120 291 2160 λίαν
317 2120 395 2160 ἕδει
418 2119 509 2162 τοὺς
538 2119 732 2172 πρέσβεις
760 2119 884 2172 ἄγειν,
912 2120 978 2162 οὓς
1008 2120 1028 2159 ὁ
1056 2121 1177 2170 δῆμος
1206 2116 1523 2170 ἐχειροτόνησεν.

139 2186 221 2238 3,οὴ
252 2187 322 2228 οῦν
353 2186 539 2240 ἀναγωγὴ
573 2189 636 2227 διὰ
664 2187 820 2241 ταχέων
853 2186 1035 2240 ἐγίγνετό
1067 2203 1147 2236 μοι.
1217 2183 1443 2225 ἐπιστέλλω
1479 2181 1524 2232 δὴ

250 2306 263 2326 1
291 2299 366 2337 ἐμοῦ
381 2297 453 2338 τοῦ]
475 2299 610 2338 ἐμαυτοῦ
625 2297 656 2327 Α
789 2308 809 2328 2
833 2301 929 2329 τοῦτο
947 2308 1012 2328 om.
1029 2296 1061 2326 A
1208 2296 1229 2325 6
1252 2293 1477 2334 ἀπεγέγραπτο
1494 2293 1524 2322 Α

198 2350 221 2380 9
241 2353 294 2380 μοι
309 2340 348 2378 ἧν
365 2340 450 2372 SA:
475 2341 514 2379 ἧν
529 2354 580 2381 μοι
597 2341 685 2380 vulg.
816 2351 856 2371 10
879 2343 920 2373 τὰ
937 2351 1001 2372 om.
1020 2340 1050 2370 A
1180 2349 1217 2377 14
1242 2339 1279 2369 ἂν
1295 2347 1360 2367 om.
1380 2336 1403 2366 S
1417 2335 1481 2373 FQ
1494 2335 1523 2364 D

203 2393 240 2422 17
265 2383 389 2425 οὑτοσί]
407 2383 500 2416 οὗτος
515 2385 546 2414 Α
562 2396 568 2415 :
593 2395 656 2415 om.
678 2385 701 2415 S
834 2395 877 2415 20
901 2386 965 2417 νυνὶ
985 2384 1051 2422 FQ
1067 2383 1096 2413 D
1212 2392 1253 2411 22
1278 2381 1397 2412 οἰκείως
1414 2380 1524 2410 διεκεί-

201 2431 280 2468 μεθα
296 2427 361 2459 del.
378 2427 499 2466 Naber,
518 2432 594 2467 post
611 2428 692 2460 πάνυ
705 2428 804 2467 plene
818 2428 1065 2467 interpungens
1155 2435 1196 2464 23
1221 2425 1342 2456 οἰκείως
1355 2423 1419 2453 del.
1438 2422 1524 2452 Her-

200 2471 340 2501 Werden
440 2481 481 2510 24
504 2484 562 2508 μου
579 2471 670 2503 οὗτος
687 2471 717 2501 Α
731 2472 760 2502 D
908 2481 947 2510 27
976 2470 1167 2502 κατέλειπον
1185 2469 1208 2499 S
1224 2479 1231 2499 ε
1256 2467 1430 2499 κατέλιπον
1445 2469 1523 2497 cett.

202 2515 244 2544 28
269 2513 319 2556 δὲ]
337 2528 372 2546 τε
389 2513 420 2544 Α
561 2525 604 2554 29
626 2514 691 2557 (οἳ)
709 2516 771 2546 ἔδει
789 2515 1006 2546 Herwerden
