1763 2778
526 133 815 172 ΠΡΟΟΙΜΙΑ.
885 139 1070 175 XI-XIV

140 230 230 284 παρ’
253 232 344 283 ὑμῖν
373 232 492 283 δόξαν
524 231 632 285 ἔχειν
664 231 919 285 προέχουσιν,
951 233 1161 285 παρελθὼν
1194 235 1308 279 εἴποι,
1335 234 1395 273 ὅτι
1421 233 1465 272 οὐ

138 299 262 350 μόνον
296 300 398 354 αὑτῷ
429 302 613 340 δοκοῦσιν
650 300 718 340 οὐκ
755 300 879 351 ὀρθῶς
913 299 1062 353 λέγειν,
1098 299 1190 340 ἀλλ’
1224 300 1304 340 οὐδ’
1347 300 1464 352 ἐγγὺς

140 365 240 406 εῖναι
263 369 331 406 τοῦ
355 368 404 406 τὰ
432 365 571 406 δέοντα
598 366 849 419 γιγνώσκειν,
923 367 967 406 οὐ
998 367 1074 418 μὴν
1100 366 1191 407 ἀλλ’
1220 367 1339 419 ἔγωγ’
1363 368 1462 407 οὕτω

141 432 285 486 σφόδρ’
311 433 418 484 οἶμαι
446 436 603 484 μᾶλλον
635 435 723 484 ὑμῖν
757 433 1000 486 συμφέροντ’
1031 436 1133 486 ἐρεῖν
1164 434 1327 480 τούτων,
1366 433 1462 474 ὥστ’

100 515 116 545 5
139 499 208 540 οὐκ
236 499 393 550 ὀκνήσω
429 499 546 540 πάνθ’
575 500 601 540 δι
634 499 904 553 τυγχάνουσιν
939 502 1148 552 εἰρηκότες,
1180 500 1270 552 ἄξια
1297 501 1463 552 μηδενὸς

137 566 237 607 εἶναι
253 569 403 620 φῆσαι.
474 567 617 618 νομίζω
642 569 684 607 δὲ
711 567 774 607 καὶ
795 568 895 618 ὑμᾶς
927 568 1050 619 ὀρθῶς
1085 567 1133 608 ἂν
1169 572 1308 615 ποιεῖν,
1343 570 1375 609 εἰ
1410 567 1462 619 μὴ

136 633 204 674 τὸν
228 633 411 687 λέγοντα,
439 635 545 674 ἀλλὰ
569 636 616 673 τὰ
643 635 996 685 συμβουλευόμειά
1021 639 1219 675 σκοποῖτε.
1290 638 1351 676 δεῖ
1372 634 1461 688 γάρ,

136 699 166 741 ὦ
209 700 345 753 ἄνδρες
384 700 600 751 Ἀθηναῖοι,
648 700 719 751 τὴν
768 701 858 754 παρ’
897 703 1004 752 ὑμῶν
1043 702 1198 742 εὔνοιαν
1238 701 1290 753 μή
1338 719 1460 750 τισιν,

135 767 272 820 ὥσπερ
317 768 361 808 ἐκ
401 767 553 821 γένους,
593 768 699 808 ἀλλὰ
736 772 818 810 τοῖς
858 770 907 809 τὰ
947 768 1134 821 βέλτιστ’
1176 769 1236 810 ἀεὶ
1272 769 1463 822 λέγουσιν

78 850 116 871 ῐο
134 834 338 889 ὑπάρχειν.

767 975 825 1012 ΙΔ

154 1090 171 1098 ε
204 1058 426 1107 Βουλοίμην
450 1055 499 1096 ἂν
515 1057 625 1107 ὑμᾶς,
653 1055 682 1096 ὦ
709 1055 845 1108 ἄνδρες
870 1056 1086 1106 Ἀθηναῖοι,
1115 1056 1404 1110 προσέχοντας,
1440 1057 1464 1097 δι

133 1122 271 1175 μέλλω
313 1123 461 1176 λέγειν,
502 1125 680 1164 ἀκοῦσαι·
734 1124 795 1163 καὶ
837 1122 912 1176 γάρ
952 1125 1063 1164 ἐστιν
1101 1124 1144 1164 οὐ
1182 1123 1311 1176 μικρά.
1385 1124 1462 1176 ἐγὼ

136 1189 317 1242 θαυμάζω
339 1191 381 1231 τί
402 1189 448 1241 δή
467 1208 576 1238 ποτε,
602 1190 694 1243 πρὶν
716 1193 788 1242 μὲν
813 1192 867 1233 εἰς
892 1190 963 1241 τὴν
996 1191 1212 1241 ἐκκλησίαν
1249 1192 1459 1242 ἀναβῆναι,

78 1276 115 1307 15
136 1258 212 1313 ὅτῳ
242 1275 300 1300 τις
324 1257 372 1298 ἂν
391 1259 498 1309 ὑμῶν
524 1257 682 1314 ἐντύχῃ,
709 1258 822 1300 οὗτος
847 1257 1022 1309 εὐπόρως
1048 1259 1172 1298 εἰπεῖν
1205 1258 1291 1311 ἔχει
1324 1257 1372 1298 δι’
1408 1259 1462 1298 ὧν

135 1324 186 1365 ἂν
202 1327 252 1365 τὰ
276 1325 453 1377 παρόντα
477 1324 689 1377 πράγματα
711 1326 864 1376 βελτίω
889 1324 1058 1377 γένοιτο·
1096 1326 1159 1366 καὶ
1184 1324 1305 1366 πάλιν
1325 1325 1464 1365 αὐτίκα

136 1391 182 1443 δὴ
206 1390 302 1443 μάλ’
327 1393 398 1432 ἐὰν
415 1391 626 1443 ἀπέλθητε,
661 1392 806 1443 ὁμοίως
834 1392 1002 1434 ἕκαστος
1032 1393 1114 1444 ἐρεῖ
1146 1392 1194 1432 τὰ
1229 1392 1382 1433 δέοντα·
1421 1393 1463 1432 ἐν

138 1461 180 1500 δὲ
208 1463 260 1514 τῷ
287 1459 377 1511 περὶ
400 1459 549 1500 τούτων
574 1463 740 1500 σκοπεῖν
766 1461 876 1501 ὄντες
913 1460 975 1500 καὶ
1000 1459 1301 1512 συνειλεγμένοι
1335 1459 1463 1500 πάντα

135 1529 292 1578 μᾶλλον
318 1522 342 1577 ἢ
364 1529 485 1566 ταῦτα
508 1527 710 1579 λεγόντων
734 1530 852 1567 τινῶν
873 1526 1045 1567 ἀκούετε.
1103 1525 1178 1579 ἆρά
1204 1526 1253 1579 γ’,
1280 1525 1309 1566 ὦ
1326 1526 1462 1579 ἄνδρες

78 1613 118 1635 20
136 1592 351 1644 Ἀθηναῖοι,
384 1597 532 1646 γνῶναι
564 1595 636 1645 μὲν
667 1593 779 1634 ἔστιν
812 1592 966 1649 ἑκάστῳ
1003 1595 1052 1634 τὰ
1088 1593 1216 1634 δέονθ’
1250 1595 1358 1645 ὑμῶν
1401 1594 1463 1634 καὶ

138 1661 237 1701 κατὰ
259 1664 337 1701 τῶν
361 1660 497 1700 ἄλλων
524 1662 648 1701 εἰπεῖν
685 1662 908 1707 ἐπίσταται,
936 1665 1059 1702 ποιῶν
1088 1661 1121 1701 δ’
1148 1661 1264 1703 αὐτὸς
1293 1661 1461 1703 ἕκαστος

137 1728 183 1769 οὗ
206 1729 348 1781 χαίρει,
377 1727 445 1768 εἶτ’
470 1729 549 1782 ἰδίᾳ
566 1728 652 1780 μέν,
681 1727 731 1770 ὡς
766 1727 827 1780 ἄρ’
863 1727 978 1770 αὐτὸς
1014 1729 1178 1779 ἑτοίμως
1203 1730 1252 1769 τὰ
1275 1728 1462 1780 βέλτιστ’

1488 131 1621 184 [1427]

1484 1540 1503 1563 Ν

137 1791 221 1846 <ἆν>
240 1793 425 1847 πράττειν
442 1793 579 1845 δόξων,
596 1799 679 1836 τοῖς
695 1794 836 1838 ἄλλοις
850 1796 1023 1850 ἐπιτιμᾷ,
1043 1797 1150 1852 κοινῇ
1170 1795 1202 1836 δ’
1221 1796 1462 1847 εὐλαβεῖσθε
1482 1793 1621 1848 [1428]

136 1863 186 1902 τὰ
221 1865 381 1903 τοιαῦτα
412 1863 666 1915 ψηφίζεσθαι
702 1861 749 1902 δι’
783 1863 836 1902 ὧν
874 1863 916 1903 ἐν
952 1866 1004 1917 τῷ
1042 1866 1275 1919 λῃτουργεῖν
1309 1879 1348 1904 τι
1385 1867 1461 1903 τῶν

79 1949 116 1982 25
138 1929 387 1980 καθηκόντων
413 1929 584 1971 ἅπαντες
609 1929 773 1976 ἕσεσθε;
807 1930 841 1969 εἶ
869 1931 941 1981 μὲν
976 1930 1108 1970 τοίνυν
1142 1929 1292 1981 μηδένα
1328 1929 1463 1982 καιρὸν

136 1995 262 2037 οἴεσθ’
286 1995 396 2047 ἥξειν
429 1995 472 2038 ὃς
496 1998 591 2037 εἵσω
621 1998 691 2046 τῆς
715 1997 914 2047 εἰρωνείας
940 1996 1126 2049 ἀφίξεται
1148 1998 1305 2048 ταύτης,
1334 2001 1463 2039 καλῶς

135 2061 185 2104 ἂν
209 2063 299 2117 ἔχοι
320 2067 459 2103 τοῦτον
477 2061 546 2103 τὸν
564 2063 710 2115 τρόπον
734 2062 897 2116 διάγειν·
936 2065 968 2104 εἰ
995 2065 1038 2106 δὲ
1058 2066 1108 2105 τὰ
1133 2064 1331 2117 πράγμαθ’
1357 2063 1463 2117 ὁρᾶτ’

187 2182 201 2201 1
228 2175 367 2213 ἇρελθων
391 2171 415 2202 S
583 2181 622 2201 12
638 2175 716 2202 ante
735 2172 776 2204 ἂν
790 2172 867 2202 add.
886 2173 993 2204 τοίνυν
1011 2172 1071 2203 SF
1087 2173 1117 2212 Q
1130 2173 1161 2203 Y
1173 2184 1240 2212 mg.
1258 2184 1266 2204 ε
1290 2184 1356 2206 om.
1370 2172 1416 2204 Y1
1431 2173 1462 2203 D

140 2225 179 2254 13
196 2216 268 2247 καὶ.
283 2239 289 2245 .
301 2238 309 2246 .
325 2214 433 2256 μικρά]
454 2217 488 2246 οὐ
502 2238 509 2246 .
526 2239 533 2246 .
549 2239 555 2246 .
573 2215 677 2256 μακρά
693 2225 709 2246 r
723 2215 754 2245 D
866 2225 903 2254 15
928 2218 1025 2248 οὕτως
1045 2227 1060 2246 1·
1074 2217 1098 2246 F
1110 2227 1193 2249 corr.
1208 2217 1238 2256 Q
1346 2228 1382 2257 17
1409 2218 1463 2249 ἐὰν

136 2259 258 2290 codd.:
285 2258 362 2290 ὅταν
378 2259 430 2289 vel
450 2259 526 2291 ἐπὰν
544 2259 679 2289 Dobree
815 2261 854 2290 18
877 2261 927 2291 καὶ
947 2271 1011 2290 om.
1032 2270 1048 2289 r
1184 2271 1288 2291 20—21
1315 2262 1365 2292 καὶ
1380 2262 1463 2292 κατὰ

137 2312 175 2333 r:
197 2303 249 2334 καὶ
266 2303 308 2334 τὰ
329 2302 354 2333 S
373 2301 462 2341 vulg.
632 2312 673 2332 22
698 2303 802 2344 χαίρει
821 2303 981 2343 (Seagef)
1003 2304 1071 2335 εἶτα
1089 2303 1185 2334 Blass
1200 2316 1207 2335 z
1232 2306 1319 2345 χίραι
1337 2305 1405 2336 εἶτα
1423 2314 1439 2334 1·
1454 2314 1462 2334 ε

136 2348 298 2387 χαριεῖται
329 2350 406 2376 cett.
499 2345 624 2386 ἕτοιμος
654 2345 680 2375 F
819 2357 859 2386 23
883 2347 923 2379 ἂν
952 2352 1031 2385 post
1061 2347 1223 2383 βέλτιστα
1252 2348 1327 2378 add.
1364 2348 1463 2378 Blass

138 2392 269 2430 ἐπιτιμᾷ
297 2388 511 2420 Felicianus:
553 2391 699 2429 ἐπιτιμᾶν
730 2389 827 2420 codd.
905 2392 1095 2424 εὐλαβεῖσθε
1110 2391 1230 2422 Blass:
1256 2393 1463 2428 εὐλαβεῖσθαι

136 2433 233 2465 codd.
249 2444 258 2465 t
281 2434 466 2469 εὐλαβεῖται
477 2432 666 2463 Felicianus
755 2434 798 2463 26
820 2435 980 2475 ἀφείξεται
999 2434 1036 2465 Sl

1315 2478 1375 2507 24*k

1484 1942 1502 1975 3
