1763 2778
87 508 104 539 5

68 845 105 867 10

67 1179 103 1211 15

67 1517 106 1538 20

68 2183 108 2214 30

126 119 201 175 m]
637 125 952 163 ΕΡΩΤΙΚΟΣ
1475 120 1612 175 [1415]

127 223 274 264 ἄλλων.
345 223 419 277 οὐχ
444 223 494 266 ὡς
519 224 772 274 ἀναινόμενος
797 225 839 264 δὲ
863 226 985 263 ταῦτα
1017 224 1244 274 διορθοῦμαι
1272 221 1343 272 τὴν
1375 226 1452 263 τῶν

127 289 384 342 σοφιστεύειν
409 290 608 341 ἑλομένων
634 290 764 341 δόξαν,
792 289 884 330 ἀλλ’
908 291 969 330 ὅτι
991 290 1160 340 τάληθὲς
1189 291 1327 329 τοῦτον
1356 289 1452 342 ἕχον

125 356 313 410 τυγχάνει
348 357 418 398 τὸν
456 358 616 409 τρόπον·
670 358 755 397 ἐπεὶ
795 356 959 397 σύνοιδά
996 374 1040 409 γε
1081 355 1256 398 πολλοὺς
1295 358 1368 407 μὲν
1410 355 1457 406 ἐξ
1472 358 1518 390 49

125 423 276 474 ἀδόξων
302 424 365 465 καὶ
388 429 582 466 ταπεινῶν
609 425 815 477 ἐπιφανεῖς
838 425 901 463 διὰ
925 426 994 474 τῆς
1020 423 1288 476 πραγματείας
1312 423 1454 473 ταύτης
1473 394 1610 448 [1416]

125 490 422 543 γεγενημένους,
470 492 637 531 Σόλωνα
683 493 727 532 δὲ
774 491 836 531 καὶ
886 491 1009 540 ζῶντα
1057 490 1119 530 καὶ
1159 489 1454 540 τελευτήσαντα

125 559 314 611 μεγίστης
364 556 480 609 δόξης
524 557 756 609 ἠξιωμένον·
827 556 870 599 ὃς
912 557 981 598 οὐκ
1025 558 1329 607 ἀπεληλαμένος
1375 561 1453 597 τῶν

125 624 262 665 ἄλλων
297 629 431 676 τιμῶν,
470 626 576 665 ἀλλὰ
614 627 683 675 τῆς
716 627 788 676 μὲν
813 625 993 675 ἀνδρείας
1028 624 1072 664 τὸ
1110 624 1206 676 πρὸς
1244 624 1454 676 ’Μεγαρέας

125 692 312 744 τρόπαιον
335 692 548 743 ὑπόμνημα
573 692 812 738 καταλιπών,
837 694 906 742 τῆς
932 691 963 732 δ’
990 691 1201 742 εὐβουλίας
1227 690 1297 741 τὴν
1322 694 1451 730 Σαλα-

123 763 237 810 μῖνος
261 758 435 810 κομιδήν,
462 761 532 809 τῆς
555 758 588 799 δ’
614 759 740 809 ἄλλης
773 758 972 800 συνέσεως
1004 758 1094 800 τοὺς
1125 758 1279 809 νόμους,
1306 759 1364 799 οῖς
1396 758 1453 798 ἔτι
1475 777 1519 811 50

126 827 188 866 καὶ
218 829 287 867 νῦν
316 828 351 866 οἱ
382 829 568 866 πλεῖστοι
598 830 677 866 τῶν
709 824 919 875 Ἑλλήνων
954 826 1151 878 χρώμενοι
1188 828 1449 871 διατελοῦσιν,

125 894 230 944 ὅμως
253 893 456 933 τοσούτων
480 893 582 948 αὐτῷ
609 897 740 933 καλῶν
764 892 1035 946 ὑπαρχόντων,
1059 891 1119 933 ἐπ’
1143 892 1272 932 οὐδενὶ
1295 895 1453 943 μᾶλλον

126 961 377 1000 ἐσπούδασεν
406 957 428 1010 ἢ
457 964 534 1000 τῶν
567 963 666 1001 ἑπτὰ
697 963 908 1012 σοφιστῶν
941 960 1047 1000 ὅπως
1081 958 1254 1011 γένηται,
1285 960 1453 1010 νομίζων

125 1026 195 1077 τὴν
231 1028 481 1080 φιλοσοφίαν
518 1027 585 1067 οὐκ
623 1029 784 1073 ὄνειδος,
823 1027 928 1066 ἀλλὰ
969 1025 1084 1077 τιμὴν
1120 1029 1202 1068 τοῖς
1236 1025 1453 1078 χρωμένοις

125 1092 275 1146 φέρειν,
311 1098 440 1136 καλῶς
469 1095 650 1147 ἐγνωκὼς
682 1093 776 1134 αὐτὸ
805 1093 906 1134 τοῦτ’
937 1093 1012 1147 οὐχ
1039 1094 1156 1144 ἧττον
1188 1089 1212 1143 ἦ
1248 1093 1310 1133 καὶ
1338 1092 1453 1133 τᾶλλ’

125 1160 190 1214 ἐφ’
215 1162 270 1202 οἷς
297 1160 512 1214 διήνεγκεν.

191 1227 299 1280 Ἐγὼ
344 1230 416 1279 μὲν
462 1228 530 1269 οῦν
577 1227 657 1269 οὔτ’
704 1227 819 1270 αὐτὸς
867 1227 1000 1270 ἄλλως
1039 1227 1263 1280 γιγνώσκω,
1305 1228 1376 1268 σοί
1412 1244 1454 1267 τε
1477 1246 1515 1281 51

124 1299 298 1347 παραινῶ
325 1299 582 1348 φιλοσοφεῖν,
610 1294 842 1349 μεμνημένῳ
868 1299 945 1335 τῶν
974 1294 1020 1345 ἐξ
1046 1295 1169 1348 ἀρχῆς
1198 1294 1454 1346 ὑπαρξάντων

126 1366 270 1417 σαυτῷ·
307 1363 446 1409 τούτου
469 1364 544 1415 γὰρ
570 1363 685 1403 ἕνεκα
708 1364 870 1412 διῆλθον
897 1363 938 1402 ἐν
963 1363 1065 1418 ἀρχῇ
1091 1365 1158 1401 τοῦ
1192 1362 1314 1414 λόγου
1348 1362 1454 1414 κάγὼ

125 1429 213 1481 περὶ
239 1430 377 1476 αὐτῶν,
404 1429 479 1483 οὐχ
500 1430 550 1472 ὡς
576 1431 617 1469 ἐκ
642 1433 710 1469 τοῦ
735 1429 806 1480 τὴν
833 1429 908 1479 σὴν
934 1429 1059 1482 φύσιν
1085 1430 1258 1469 ἐπαινεῖν
1285 1427 1451 1478 ἀνακτή-

127 1497 277 1537 σεσθαί
298 1513 347 1538 σε
369 1500 615 1549 προσδοκῶν,
641 1495 734 1536 ἀλλ’
763 1497 826 1536 ἵνα
854 1500 1012 1547 μᾶλλον
1037 1496 1250 1548 προτρέψω
1282 1513 1328 1536 σε
1359 1495 1455 1547 πρὸς

127 1562 197 1613 τὴν
223 1564 488 1616 φιλοσοφίαν,
516 1566 583 1604 ἐὰν
607 1563 658 1614 μὴ
687 1565 789 1615 παρὰ
813 1563 953 1614 μικρὸν
977 1562 1138 1619 ποιήσῃ,
1166 1562 1255 1614 μηδ’
1281 1562 1344 1603 ἐπὶ
1373 1566 1455 1603 τοῖς

128 1629 373 1684 ὑπάρχουσιν
399 1632 562 1683 ἀγαθοῖς
585 1630 688 1682 μέγα
713 1629 920 1683 φρονήσας
944 1634 1021 1670 τῶν
1043 1631 1277 1681 μελλόντων
1308 1630 1452 1682 ὀλιγω-

126 1695 264 1754 ρήσῃς.
333 1697 421 1749 μηδ’
463 1699 496 1738 εἰ
534 1701 612 1738 τῶν
649 1698 972 1751 ἐντυγχανόντων
1012 1697 1196 1749 κρείττων
1243 1696 1290 1742 εἶ,
1333 1698 1455 1747 μηδὲν
1476 1714 1520 1750 52

126 1768 203 1804 τῶν
228 1763 364 1805 ἄλλων
391 1763 494 1815 ζήτει
519 1767 745 1817 διενεγκεῖν,
773 1763 864 1805 ἀλλ’
888 1764 986 1816 ἡγοῦ
1012 1763 1222 1816 κράτιστον
1253 1765 1325 1815 μὲν
1356 1764 1455 1804 εῖναι

89 1847 104 1878 ζ
126 1830 170 1871 τὸ
206 1832 420 1883 πρωτεύειν
461 1833 504 1872 ἐν
542 1832 705 1877 ἅπασιν,
746 1831 886 1872 τούτου
924 1831 959 1870 δ’
1002 1831 1240 1883 ὀρεγόμενον
1281 1832 1454 1882 ὀφθῆναι

126 1901 283 1949 μᾶλλον
317 1898 536 1951 συμφέρειν
567 1895 590 1949 ἢ
624 1897 833 1952 προέχοντ’
869 1900 911 1938 ἐν
935 1901 1016 1940 τοῖς
1041 1901 1243 1951 τυχοῦσιν.
1315 1897 1453 1948 καὶμὴ

128 1966 392 2022 καταισχύνῃς
420 1965 491 2016 τὴν
517 1966 652 2018 φύσιν,
674 1967 771 2016 μηδὲ
795 1967 1021 2018 ψευσθῆναι
1047 1964 1215 2020 ποιήσῃς
1239 1968 1317 2005 τῶν
1343 1965 1452 2005 ἐλπί-

127 2034 204 2072 δων
238 2032 328 2074 τοὺς
364 2034 428 2073 ἐπὶ
466 2033 531 2073 σοὶ
565 2032 668 2085 μέγα
706 2035 960 2085 φρονοῦντας,
1002 2031 1093 2072 ἀλλ’
1123 2031 1455 2083 ὑπερβάλλεσθαι

127 2103 248 2151 πειρῶ
278 2105 325 2156 τῇ
358 2103 504 2140 σαυτοῦ
532 2099 693 2150 δυνάμει
725 2099 795 2149 τὴν
828 2104 906 2139 τῶν
935 2097 1207 2140 εὐνουστάτων
1232 2098 1452 2149 ἐπιθυμίαν.
1476 2102 1606 2157 [1417]

130 2166 190 2206 καὶ
224 2167 355 2217 νόμιζε
385 2166 475 2208 τοὺς
507 2168 579 2218 μὲν
612 2166 760 2207 ἄλλους
784 2166 940 2218 λόγους,
968 2167 1062 2206 ὅταν
1086 2166 1265 2207 ἐπιεικῶς
1288 2165 1452 2219 ἔχωσιν,
1476 2178 1518 2214 53

126 2237 207 2275 τοῖς
243 2235 424 2274 εἰποῦσιν
459 2232 578 2284 δόξαν
615 2232 867 2285 περιτιθέναι,
904 2234 973 2275 τὰς
1011 2234 1051 2273 δὲ
1089 2233 1338 2284 συμβουλίας
1371 2234 1454 2273 τοῖς

178 2355 191 2375 Ι
218 2347 394 2386 διορθοῦμαι
426 2344 456 2382 Q
467 2358 517 2386 γρ.
535 2344 565 2374 D
576 2358 628 2385 γρ.
645 2355 651 2373 z
692 2346 866 2385 διαιροῦμαι
898 2344 922 2375 S
952 2343 1041 2382 vulg.
1202 2345 1240 2373 16
1266 2344 1328 2384 ἐγὼ
1361 2366 1368 2374 .
1404 2366 1411 2374 .
1448 2363 1457 2373 .

126 2388 297 2428 γιγνώσκω
316 2388 403 2429 Ργρ.
417 2388 447 2427 Q
460 2402 512 2428 γρ.
528 2388 618 2430 Βγρ.
635 2387 732 2428 Υγρ.
747 2399 755 2419 :
779 2390 831 2429 ὑφ’
850 2387 892 2419 ὧν
909 2387 963 2419 οὖν
981 2387 1004 2417 S
1022 2387 1111 2426 vulg.
1224 2388 1262 2416 18
1286 2387 1456 2427 διήλθομεν

129 2432 153 2461 S
165 2431 190 2461 F
203 2431 234 2470 Q
248 2444 254 2462 τ
279 2434 409 2469 διῆλθον
423 2431 482 2472 μὲν
499 2442 516 2462 r
656 2434 697 2462 26
722 2431 929 2472 προσέχοντα
945 2431 969 2461 S
983 2431 1013 2469 Q
1152 2431 1192 2460 28
1218 2431 1455 2470 ὑπερβαλέσθαι

129 2475 206 2505 cod.
223 2475 324 2506 Coisl.
343 2485 409 2515 339
