1746 2774
91 141 232 197 [1478]
680 141 1166 178 ΔΗΜΟΣΘΕΝΟΎΣ

254 242 516 292 μνημονεύσει
552 243 623 283 τας
656 240 835 293 χάριτας,
873 240 974 290 μετὰ
1008 242 1130 279 ταῦτα
1165 241 1205 279 δὲ
1235 241 1357 290 μηδὲν
1391 244 1581 292 φροντιεῖ,

254 309 368 349 οὐδὲν
405 309 644 359 ἀθλιώτερον
687 308 800 348 ἔσται
838 310 904 347 τοῦ
946 305 1016 356 τὴν
1059 307 1154 359 ὑπὲρ
1196 310 1264 346 τοῦ
1305 306 1427 358 δήμου
1474 307 1586 359 τάξιν

256 378 466 427 αἱρεῖσθαι.

195 451 237 485 16
324 445 372 483 Ec
399 445 437 483 δὲ
466 446 693 494 Μοιροκλῆς
712 443 965 493 ἀποκρίνεται
991 446 1110 482 ταῦτα
1130 445 1201 492 μεν
1228 441 1426 493 σοφώτερ’
1450 439 1472 492 ἦ
1502 442 1584 482 καθ’

257 509 395 551 ἑαυτὸν
429 509 542 560 εἶναι,
583 511 648 551 ἵνα
681 512 722 550 δὲ
759 509 810 560 μὴ
849 510 1089 561 ἀποδρῶσιν,
1125 509 1242 552 αὐτὸς
1277 509 1417 550 αὐτοὺς
1451 512 1582 559 δῆσαι,
1606 526 1622 556 5

258 576 475 629 ἐρωτήσατ’
496 577 630 624 αὐτόν,
656 577 771 628 ἡνίκα
795 576 972 629 Ταυρέας
998 577 1060 617 καὶ
1087 576 1287 618 Πάταικος
1313 576 1375 616 καὶ
1400 576 1582 627 Ἀριστο-

258 645 398 697 γείτων
416 645 479 684 καὶ
503 644 619 687 αὐτὸς
643 645 700 687 εἷς
722 645 768 685 τὸ
792 643 1061 695 δεσμωτήριον
1087 644 1375 695 παραδοθέντες
1398 643 1439 683 οὐ
1465 643 1586 694 μόνον

259 711 325 751 οὐκ
351 711 540 758 ἐδέδεντο,
569 712 675 752 ἀλλὰ
701 711 766 752 καὶ
789 712 1069 763 ἐδημηγόρουν,
1097 712 1138 751 τί
1158 709 1293 762 δήποτ’
1322 710 1395 763 οὐχ
1413 711 1514 763 ἑώρα
1539 712 1586 749 τὰ

198 791 237 826 17
258 780 388 819 δίκαια
410 783 542 819 ταῦτα.
615 780 648 819 εἰ
674 781 714 820 δὲ
749 778 802 831 μὴ
833 776 956 830 φήσει
981 777 1062 818 τότ’
1085 777 1237 830 ἄρχειν,
1265 777 1353 818 οὐδὲ
1385 777 1520 830 λέγειν
1546 777 1587 818 ἔκ

258 862 305 898 γε
328 849 406 886 τῶν
432 847 562 896 νόμων
586 845 689 901 αὐτῷ
714 848 930 898 προσῆκεν.
1003 846 1108 886 ὥστε
1132 849 1214 887 πῶς
1241 847 1330 885 ἴσον
1363 845 1475 885 ἐστὶν
1496 844 1587 886 τοὺς
1610 863 1649 886 ιο

257 915 330 965 μὲν
353 912 501 966 ἄρχειν,
530 914 586 954 οἷς
619 915 716 964 μηδὲ
745 913 880 965 λέγειν
914 912 1083 964 ἔξεστιν,
1112 912 1203 954 τοὺς
1236 915 1277 953 δὲ
1310 910 1506 959 δεδέσθαι,
1532 912 1587 951 ὧν

258 982 390 1022 πολλὰ
414 979 609 1033 χρήσιμος
635 980 681 1031 ἦν
704 982 794 1031 ὑμῖν
811 981 832 1020 ὁ
857 979 1003 1032 πατήρς
1044 980 1120 1031 ἐγὼ
1139 981 1213 1030 μὲν
1238 979 1306 1019 οὐκ
1333 979 1411 1031 ἔχω
1437 985 1585 1019 συλλο-

199 1062 238 1097 18
258 1049 463 1100 γίσασθαι,
488 1049 520 1088 εἰ
538 1047 590 1098 μὴ
606 1051 720 1088 τοῦτο
741 1047 867 1098 δεῖξαι
885 1049 1058 1101 δημοσία
1082 1047 1299 1098 βούλεσθε,
1318 1047 1378 1086 ὅτι
1396 1047 1588 1098 βδελυρία

260 1115 321 1155 καὶ
342 1115 519 1155 ἀναίδεια
542 1115 604 1155 καὶ
630 1116 860 1167 προαίρεσις
883 1116 1074 1167 πονηρίας
1094 1116 1135 1154 ἐν
1161 1119 1209 1170 τῇ
1235 1114 1352 1155 πόλει
1369 1113 1500 1166 ἰσχύει
1524 1113 1588 1154 καὶ

259 1184 501 1232 διασωθῆναι
526 1183 649 1222 πλείω
683 1183 925 1233 προσδοκίαν
960 1181 1057 1235 ἔχει,
1085 1180 1155 1221 κᾶν
1180 1197 1219 1222 τι
1241 1185 1381 1237 συμβῇ
1409 1179 1589 1234 χαλεπὸν
1613 1199 1649 1230 15

96 1245 237 1300 [1479]
258 1252 341 1291 τοῖς
363 1249 567 1295 τοιούτοις,
594 1250 792 1292 ἀπόλυσις
815 1250 1007 1302 γίγνεται,
1035 1250 1077 1290 ἐν
1112 1251 1154 1290 δὲ
1182 1248 1411 1300 προαιρέσει
1433 1253 1589 1304 χρηστῇ

261 1316 324 1357 καὶ
350 1316 427 1371 βίῳ
457 1316 638 1369 σώφρονι
674 1317 735 1356 καὶ
769 1320 963 1372 δημοτικῷ
991 1315 1235 1368 προελέσθαι
1267 1315 1336 1366 ζῆν
1365 1315 1586 1367 σφαλερόν,

260 1382 331 1423 κᾶν
356 1400 395 1424 τι
418 1382 580 1437 γένηται
604 1387 795 1434 πταῖσμα,
824 1385 1001 1436 ἄφυκτον
1027 1384 1151 1424 ἔσται.

199 1462 240 1497 19
319 1450 413 1491 ’Έτι
440 1451 572 1490 τοίνυν
594 1449 640 1491 τὸ
667 1452 738 1501 μὲν
763 1449 815 1501 μὴ
846 1452 995 1491 δίκαιον
1027 1451 1126 1490 εἶναι
1156 1449 1229 1500 τὴν
1263 1450 1446 1490 ἐναντίαν
1472 1448 1590 1499 δόξαν

260 1516 368 1571 ἔχειν
393 1518 437 1568 ἧς
463 1518 553 1570 περὶ
585 1518 726 1568 ζῶντος
753 1517 872 1570 εἴχετ’
901 1517 1061 1563 ἐκείνου,
1090 1517 1151 1557 καὶ
1184 1516 1228 1557 τὸ
1259 1521 1335 1558 τῶν
1360 1521 1587 1567 τετελευτη-
1612 1533 1650 1554 20

261 1584 384 1624 κότων
409 1581 431 1635 ἢ
457 1589 536 1626 τῶν
560 1586 766 1636 παρόντων
781 1585 907 1625 πλείω
933 1586 1133 1624 ποιεῖσθαι
1156 1585 1282 1636 λόγον
1299 1585 1449 1624 δίκαιον
1475 1584 1586 1630 εἶναι,

261 1651 325 1692 καὶ
349 1651 477 1692 πάντα
499 1653 548 1692 τὰ
571 1655 745 1698 τοιαῦτα,
771 1651 894 1692 ἐάσω·
932 1653 1037 1704 παρὰ
1063 1651 1138 1705 γὰρ
1155 1654 1281 1692 πᾶσιν
1305 1652 1590 1703 ὁμολογεῖσθαι

260 1718 370 1758 ταῦθ’
409 1720 625 1772 ὑπείληφα·
677 1721 786 1760 ὅσοις
822 1719 961 1771 μέντοι
998 1721 1190 1772 πατρικὰς
1230 1718 1457 1771 εὐεργεσίας
1493 1718 1587 1758 ἆπε-

259 1787 559 1836 μνημονεύσατε
593 1791 672 1826 τῶν
708 1786 858 1833 ἄλλων,
895 1786 1020 1837 ἡδέως
1055 1786 1103 1826 ἂν
1137 1785 1254 1837 ἴδοιμ’
1284 1787 1383 1837 ὑμᾶς
1416 1786 1587 1836 ἀναμνη-

263 1852 442 1899 σθέντας,
461 1854 546 1893 οἶον
559 1857 643 1895 τοῖς
659 1853 908 1906 Ἀριστείδου
926 1854 988 1894 καὶ
1011 1857 1093 1896 τοῖς
1111 1853 1409 1906 Θρασυβούλου
1426 1852 1489 1893 καὶ
1506 1855 1588 1894 τοῖς
1611 1871 1647 1902 ²5

305 1973 323 2000 4
342 1963 542 2004 ἀποκρίνεται
554 1964 669 1995 codd.:
685 1964 896 2004 ἀποκρεῖναιτ’
907 1964 946 1995 ἂν
958 1964 1040 2003 Pap.
1054 1975 1061 1994 :
1081 1965 1295 2005 ἀποκρινεῖται
1310 1973 1375 2002 mg.
1389 1963 1469 1993 edit.
1484 1962 1588 1994 Paris.

261 2015 281 2044 5
305 2006 497 2047 ἀποδρῶσιν]
524 2008 686 2046 ἀμελῶσιν
713 2007 796 2047 Ργρ,
832 2007 920 2049 ῼὙρ.
1079 2018 1095 2046 7
1122 2007 1354 2048 δεσμωτήριον]
1388 2007 1590 2046 δικαστήριον

262 2049 398 2080 Dobree
548 2061 569 2089 9
591 2051 634 2089 μὴ
661 2061 726 2081 οιη.
757 2051 836 2091 Pap.
930 2050 1003 2082 οὐδὲ
1030 2050 1141 2091 λέγειν
1170 2051 1288 2082 codd.:
1325 2049 1396 2082 οὐδὲ
1424 2052 1478 2081 νῦν
1508 2050 1588 2089 Pap.

265 2104 304 2123 10
327 2106 366 2133 ’γε
383 2104 448 2132 mg.
469 2093 546 2124 edit.
571 2094 687 2133 Paris,
709 2095 809 2132 Pau:
833 2109 870 2126 τε
889 2094 949 2125 SF
963 2095 993 2133 Q
1128 2098 1289 2136 προσῆκεν
1307 2094 1387 2133 Pap.
1407 2104 1413 2123 :
1437 2094 1590 2134 προσήκει

262 2137 359 2167 codd·
407 2137 481 2169 τοὺς
497 2137 555 2176 μὲν
572 2139 682 2178 ἄρχειν
699 2137 758 2168 SF
773 2137 801 2174 Q
818 2150 824 2168 ε
843 2140 952 2178 ἄρχειν
970 2138 1062 2179 ΩὙρ.
1082 2149 1089 2168 :
1106 2139 1218 2179 ἄρχειν
1233 2138 1292 2178 μὲν
1310 2138 1389 2176 Pap.
1472 2147 1483 2167 1
1495 2147 1506 2167 t
1527 2136 1588 2177 οῖς]

261 2193 363 2218 ηενοις
381 2181 459 2219 Pap.
550 2181 629 2221 μηδὲ
648 2182 773 2222 λέγειν]
803 2183 846 2221 μὶ]
864 2181 893 2220 Q
905 2195 954 2222 Ὑρ.
1041 2182 1115 2214 τοὺς
1130 2192 1197 2214 (ους
1211 2181 1264 2219 51)
1278 2181 1311 2212 δὲ
1325 2180 1469 2212 δεδέσθαι
1485 2180 1508 2211 S
1521 2180 1546 2210 F
1559 2180 1589 2218 Q

262 2224 378 2263 (ctiam
394 2223 423 2261 Q
435 2225 525 2265 γρ.);
550 2225 682 2257 τούτους
697 2225 729 2256 δὲ
745 2225 890 2256 δεδέσθαι
905 2225 928 2255 S
944 2236 1026 2256 corr.
1043 2237 1049 2256 :
1075 2225 1221 2257 δεδέσθαι
1233 2224 1265 2256 δὲ
1282 2225 1360 2264 Pap.
1412 2234 1449 2254 12
1465 2224 1524 2263 μὲν
1536 2224 1590 2255 οὖν

262 2267 363 2298 οὓκ·5
414 2278 449 2305 14
466 2267 559 2299 πόλει
576 2268 682 2309 ἰσχύει
700 2269 794 2298 codd.
810 2279 816 2297 :
837 2270 984 2310 πολιτείᾳ
1003 2269 1084 2308 Pap.
1135 2278 1172 2307 15
1192 2269 1337 2308 χαλεπὸν
1353 2271 1419 2300 τοῖς
1436 2267 1590 2299 τοιούτοις

263 2311 383 2342 codd.:
414 2314 478 2343 τῶν
504 2312 656 2343 τοιούτων
683 2312 761 2350 Pap.
941 2322 983 2342 20
1007 2312 1043 2351 ἧς
1071 2314 1139 2354 περὶ
1168 2312 1271 2351 Pap.:
1305 2312 1406 2352 ἧσπερ
1431 2311 1456 2341 F
1480 2321 1589 2341 corn:

263 2356 360 2395 ἥνπερ
388 2354 505 2393 SF'Q
640 2365 680 2393 23
704 2357 806 2386 ταῦτα
837 2355 956 2386 codd.:
994 2356 1071 2387 add.
1103 2369 1139 2387 τε
1174 2354 1284 2394 Pap-¹.
1317 2367 1355 2394 ’γε
1389 2354 1469 2394 Pap.
1503 2364 1588 2384 corr.

263 2397 364 2438 ὅσοις]
396 2397 441 2430 οἷς
475 2399 552 2437 Pap.
734 2410 774 2437 24
804 2409 880 2438 sqq.
918 2399 1176 2438 ἀναμνησθέντας
1193 2423 1200 2430 .
1221 2424 1228 2430 .
1249 2423 1257 2430 .
1278 2398 1428 2440 Ἀρχίνου
1459 2408 1524 2428 om.
1564 2397 1587 2426 F

263 2450 304 2481 25
321 2441 384 2473 οἷον
401 2452 464 2472 om.
484 2441 563 2481 Pap.
671 2447 749 2472 aute
765 2443 993 2484 Θρασυβούλου
1010 2443 1086 2474 add.
1107 2446 1173 2474 τοῖς
1194 2443 1272 2483 Pap.
1292 2454 1298 2473 ι
1324 2453 1387 2472 om.
1408 2441 1472 2480 SQ
