1746 2774
127 722 144 754 5

110 1058 147 1078 10

817 350 848 382 ς

292 443 479 492 ΠΡΟΣ
519 442 671 491 ΤΗΝ
713 442 1009 491 ΒΟΥΛΗΝ
1053 443 1172 492 ΚΑΙ
1214 444 1362 493 TON

389 517 655 566 ΔΗΜΟΝ
697 517 844 566 TON
885 518 1268 567 ΑΘΗΝΑΙΩΝ

235 639 498 692 Δημοσθένης
540 646 587 698 τῇ
628 644 759 697 βουλῇ
803 640 864 680 καὶ
898 644 950 695 τῷ
994 643 1100 696 δημῷ
1143 642 1308 694 χαίρειν.
1372 641 1493 693 ἧλθεν

166 707 360 758 ἐπιστολὴ
392 706 483 760 παρ’
508 707 745 760 Ἀντιφίλου
773 706 869 758 πρὸς
899 707 987 749 τοὺς
1020 712 1097 748 τῶν
1131 708 1352 761 συμμάχων
1375 708 1491 750 συνέ-

166 778 292 827 δρους,
309 778 392 816 τοῖς
406 776 480 825 μὲν
494 773 758 826 βουλομένοις
775 775 904 826 ἀγαθὰ
919 777 1145 827 προσδοκᾶν
1163 777 1303 817 ἱκανῶς
1320 793 1491 828 γεγραμ-

165 840 278 892 μένη,
321 845 403 882 τοῖς
447 841 478 881 δ’
508 842 772 892 ὑπηρετοῦσιν
805 840 1050 896 Ἀντιπάτρῳ
1085 842 1261 884 πολλοὺς
1295 843 1361 883 καὶ
1400 846 1492 884 δυσ-

166 912 298 961 χερεῖς
345 908 622 949 ἀπολείπουσα
669 909 827 960 λόγους,
872 908 908 948 οἲ
956 909 1262 960 παραλαβόντες
1308 911 1357 950 τὰ
1404 910 1494 962 παρ’

167 974 430 1027 Ἀντιπάτρου
447 974 655 1027 γράμματα
675 974 771 1027 πρὸς
788 975 1012 1028 Δείναρχον
1028 978 1082 1017 εἰς
1101 977 1295 1028 Κόρινθον
1310 977 1493 1023 ἐλθόντα,

167 1042 325 1084 ἁπάσας
350 1044 420 1084 τὰς
444 1043 487 1082 ἐν
512 1040 813 1096 Πελοποννήσῳ
838 1043 977 1084 πόλεις
1000 1042 1188 1083 τοιούτων
1212 1044 1346 1096 λόγων
1372 1045 1493 1098 ἔπλη-

168 1125 246 1149 σαν
270 1110 363 1149 οἵων
389 1110 444 1151 εἷς
462 1108 641 1160 κεφαλὴν
667 1108 799 1151 αὐτοῖς
824 1108 1015 1161 τρέψειαν
1039 1111 1075 1150 οἱ
1096 1110 1191 1151 θεοί.
1250 1111 1494 1163 ἀφικομένου
1516 1124 1535 1149 2

168 1178 211 1217 δὲ
233 1179 299 1216 τοῦ
323 1180 392 1216 νῦν
415 1176 580 1226 ἥκοντος
604 1177 703 1226 μετὰ
732 1179 800 1216 τοῦ
830 1176 918 1228 παρ’
944 1178 1039 1228 ἐμοῦ
1069 1176 1260 1229 φέροντος
1285 1177 1496 1230 γράμματα

168 1244 272 1295 παρὰ
297 1243 579 1293 Πολεμαίστου
605 1242 702 1295 πρὸς
726 1242 795 1283 τὸν
820 1243 1002 1295 ἀδελφὸν
1026 1243 1244 1291 Ἐπίνικον,
1271 1243 1381 1296 ἄνδρ’
1403 1245 1495 1295 ὑμῖν
1517 1242 1659 1298 [1492]

167 1309 303 1350 εὔνουν
327 1309 390 1350 καὶ
415 1310 502 1361 ἐμοὶ
531 1311 666 1363 φίλον,
695 1310 873 1350 κάκείνου
900 1310 995 1363 πρὸς
1028 1310 1087 1359 ἔμ’
1120 1312 1351 1364 ἀγαγόντος,
1379 1312 1493 1352 ἁκού-

168 1377 289 1417 σαντί
324 1393 390 1428 μοι
427 1377 451 1417 ἃ
486 1376 625 1429 ἔλεγεν
662 1378 789 1417 ε’ὃόκει
825 1377 920 1429 πρὸς
956 1379 1054 1428 ὑμᾶς
1090 1377 1208 1418 αὐτὸν
1242 1379 1494 1425 ἀποστεῖλαι,

167 1444 274 1485 ὅπως
297 1442 426 1484 πάντα
452 1447 594 1496 σαφῶς
619 1444 860 1486 ἀκούσαντες
885 1446 932 1484 τὰ
957 1446 1000 1484 ἐν
1019 1448 1071 1499 τῷ
1097 1445 1353 1500 στρατοπέδῳ
1377 1462 1494 1498 γεγο-

168 1510 264 1551 νότα
278 1514 346 1551 τοῦ
365 1510 453 1563 περὶ
477 1510 548 1561 τὴν
573 1510 707 1564 μάχην
726 1511 1098 1564 παραγεγενημένου
1113 1512 1160 1552 τό
1182 1511 1216 1551 τ’
1234 1514 1288 1554 εἰς
1306 1512 1350 1552 τὸ
1370 1512 1496 1564 παρὸν

169 1580 346 1629 θαρρῆτε,
374 1578 438 1619 καὶ
462 1579 510 1618 τὰ
534 1579 655 1618 λοιπὰ
671 1582 749 1618 τῶν
774 1581 874 1619 θεῶν
892 1579 1095 1619 θελόντων
1111 1578 1161 1621 ὡς
1180 1578 1375 1630 βούλεσθ’
1393 1578 1495 1630 ἕξειν

167 1643 490 1696 ὑπολαμβάνητε.
564 1645 773 1699 εὐτυχεῖτε.

215 1753 354 1785 Sextam
372 1755 458 1786 hanc
476 1755 650 1795 epistolam
669 1766 732 1785 om.
754 1755 778 1786 S

210 1797 368 1829 Tnums
386 1810 392 1829 :
415 1802 479 1830 τῶν
495 1798 665 1837 Ἀθηναίων
681 1800 790 1834 codd„
808 1809 892 1830 corr.
913 1799 1062 1829 Dindorf
1214 1809 1233 1839 5
1251 1799 1431 1840 συνέδρους]
1451 1800 1495 1831 cf.

169 1841 196 1872 I.
221 1841 266 1872 G.
290 1841 351 1873 112.
371 1843 444 1881 467,
474 1842 627 1879 Foucart,
652 1843 790 1880 Journal
818 1843 877 1872 des
904 1843 1060 1881 Savants,
1084 1853 1163 1881 1912
1327 1853 1363 1873 11
1390 1846 1495 1875 αὐτοῖς

167 1885 285 1923 scripsi
299 1897 306 1917 :
333 1888 437 1918 αὐτῶν
452 1886 548 1916 codd.
683 1886 830 1927 τρέψειαν
843 1886 892 1924 Q:
911 1887 1143 1928 προστρέψειαν
1154 1886 1194 1916 F¹
1210 1886 1248 1926 (σ
1263 1886 1329 1917 del.
1349 1887 1375 1917 F
1390 1887 1494 1927 corr.)

173 1937 208 1956 12
238 1925 312 1971 (τὰ)
340 1929 510 1971 γράμματα
543 1929 706 1959 Schaeser
847 1931 884 1959 16
907 1931 952 1969 τῷ
986 1940 1053 1961 orn.
1087 1930 1117 1968 Q
1258 1940 1294 1969 17
1320 1932 1402 1972 παρὰ
1435 1931 1496 1968 τὴν

170 1970 332 2003 Schaefer
399 1973 437 2004 τό
453 1986 490 2004 τε
516 1972 634 2002 Blass:
658 1973 734 2004 τότε
759 1973 937 2012 legebatur
1043 1974 1081 2003 18
1106 1976 1144 2006 ὡς
1169 1984 1236 2012 mg.
1256 1974 1336 2005 edit.
1364 1973 1494 2004 Paris.:

169 2014 187 2046 ἃ
204 2016 302 2047 codd.
395 2016 474 2056 ἕξειν
491 2015 636 2045 Reiske:
668 2017 756 2056 ἔχειν
774 2017 871 2046 COdd.

211 2057 251 2088 In
269 2059 294 2089 F
310 2059 533 2098 subscriptum

395 2118 502 2147 ΠΡΟΣ
525 2119 607 2145 ΤΗΝ
634 2119 796 2145 BOTAHN
823 2119 890 2146 ΚΑΙ
915 2120 997 2146 TON
1021 2121 1170 2147 AHMON
1194 2121 1276 2147 ΤΩΝ

601 2175 816 2201 ΑΘΗΝΑΙΩΝ
840 2175 1059 2203 ΕΠΙΣΤΟΛΑΙ
