1763 2778
175 125 278 179 mn]
545 128 706 167 ΚΑΤΑ
756 126 1127 165 ΘΕΟΚΡΙΝΟΥ
1527 119 1667 174 [1333]

175 229 426 280 ὀμωμοκόσιν
447 227 637 269 δικάσειν·
663 227 755 268 ἀλλ’
775 227 878 278 ὅμως
897 225 943 277 ἐξ
959 226 1076 277 αὐτῆς
1100 228 1169 276 τῆς
1194 229 1352 279 γραφῆς
1370 225 1506 266 αὐτίκα

177 296 385 348 γνώσεσθε
423 296 523 336 διότι
561 295 764 348 πρόφασίς
802 295 914 335 ἐστιν
949 296 1018 344 τῆς
1057 292 1258 344 ἐνδείξεως
1294 293 1316 344 ἡ
1354 291 1503 346 γραφή.
1527 295 1664 349 [1334]

174 362 271 416 λέγε
295 365 363 406 τὰς
388 365 546 416 γραφὰς
569 362 723 404 ταύτας.
1023 368 1026 372 ’

764 460 913 486 ΓΡΑΦΑῘ.

138 533 155 564 5
241 524 403 565 Τούτων
426 528 505 565 τῶν
528 523 818 577 ψηφισμάτων,
839 520 868 563 ὦ
887 522 1025 575 ἄνδρες
1049 523 1245 568 δικασταί,
1267 518 1289 572 ἢ
1307 523 1507 573 μενόντων
1526 534 1570 570 37

177 594 274 633 κατὰ
292 592 426 645 χώραν
445 588 468 642 ἢ
488 592 668 632 ἁλόντων
687 589 815 642 (οὐδὲν
834 592 908 643 γὰρ
929 590 1063 642 ἔμοιγε
1082 588 1277 642 διαφέρει)
1295 591 1335 630 τί
1349 589 1371 640 ἡ
1391 590 1507 633 πόλις

178 661 370 712 κερδαίνει
393 655 416 709 ἢ
441 658 686 710 βλάπτεται,·
712 658 791 709 ἐγὼ
815 659 887 708 μὲν
906 658 980 709 γὰρ
1008 656 1120 697 οὐδὲν
1138 656 1258 707 οἶμαι.
1317 657 1408 699 τοὺς
1432 659 1506 710 γὰρ

177 728 335 769 Αἰνίους
361 726 488 778 φασὶν
514 725 602 766 οὐδὲ
630 724 844 778 προσέχειν
868 730 914 781 τῇ
939 725 1066 770 πόλει,
1095 727 1208 763 τοῦτο
1234 726 1277 766 δὲ
1299 723 1508 777 γεγονέναι

177 795 240 834 διὰ
260 794 480 846 Θεοκρίνην
495 794 664 834 τουτονί.
712 792 1078 844 συκοφαντούμενοι
1095 791 1169 843 γὰρ
1188 793 1228 832 ἐν
1246 791 1409 833 ἐκείνοις
1427 795 1508 834 τοῖς

119 880 158 901 10
177 861 336 914 χρόνοις
353 859 428 901 ὑπὸ
447 861 598 907 τούτου,
620 860 662 900 ἐν
682 859 740 901 οἶς
763 861 801 900 οἱ
818 861 891 910 μὲν
911 859 1182 910 ἐφιλίππιζον,
1202 860 1240 899 οἱ
1262 858 1294 898 δ’
1313 858 1508 909 ἠττίκιζον

177 929 316 974 αὐτῶν,
339 927 402 968 καὶ
421 927 709 978 πυνθανόμενοι
734 925 959 979 γεγράφθαι
981 925 1027 966 τὸ
1050 924 1249 978 ψήφισμα
1271 926 1508 978 παρανόμων

178 994 199 1035 ὃ
227 998 397 1047 Χαρῖνος
421 995 612 1048 πρότερον
632 993 851 1047 ἐγράψατο,
878 996 992 1033 τοῦτο
1010 992 1054 1032 τὸ
1073 992 1162 1044 περὶ
1181 995 1250 1043 τῆς
1270 992 1506 1043 συντάξεως,

178 1061 199 1103 ὃ
225 1063 469 1112 Θουκυδίδης
497 1062 593 1108 εἶπε,
624 1062 684 1102 καὶ
715 1060 837 1113 πέρας
870 1064 948 1100 τῶν
972 1059 1215 1112 πραγμάτων
1240 1061 1351 1100 οὐδὲν
1377 1061 1509 1113 γιγνό-

177 1146 309 1181 μενον,
328 1130 434 1169 ἀλλὰ
451 1128 520 1170 τὸν
534 1130 606 1181 μὲν
623 1131 745 1179 δῆμον
763 1131 1047 1181 συγχωροῦντα
1066 1127 1137 1178 τὴν
1154 1126 1343 1178 σύνταξιν
1360 1128 1508 1168 διδόναι
1528 1128 1573 1171 38

120 1215 156 1247 15
178 1196 267 1239 τοὺς
287 1197 445 1239 Αἰνίους
463 1196 565 1247 ὅσην
580 1195 734 1249 Χάρητι
750 1200 802 1250 τῷ
825 1198 1030 1249 στρατηγῷ
1053 1194 1353 1248 συνεχώρησαν,
1370 1198 1509 1236 τοῦτον

179 1266 220 1304 δὲ
256 1263 324 1304 τὸν
358 1263 498 1317 μιαρὸν
536 1261 858 1316 παραδεξάμενον
895 1263 1053 1317 Χαρίνῳ
1091 1266 1143 1316 τῷ
1182 1263 1350 1318 προδότῃ
1386 1262 1510 1302 ταύτὰ

180 1330 378 1384 πράττειν,
403 1332 500 1383 ὅπερ
527 1331 574 1382 ἦν
598 1331 814 1383 ἀναγκαῖον
837 1329 983 1377 αὐτοῖς,
1009 1328 1114 1370 τοῦτ’
1133 1328 1319 1381 ἔπραξαν·
1353 1329 1509 1369 εἵλοντο

180 1400 254 1451 γὰρ
278 1402 359 1439 τῶν
381 1399 587 1451 παρόντων
613 1402 741 1438 κακῶν
764 1399 814 1438 τὰ
837 1396 1049 1450 ἐλάχιστα.
1087 1397 1212 1436 καίτοι
1236 1397 1278 1437 τί
1296 1395 1373 1450 χρὴ
1398 1397 1507 1447 νομί-

181 1466 261 1515 ζειν
293 1465 434 1508 αὐτοὺς
461 1464 635 1519 πάσχειν
670 1464 746 1505 ὑπὸ
782 1469 860 1505 τῶν
890 1464 1029 1505 ἐνθάδε
1066 1462 1343 1516 γραφομένων,
1372 1464 1428 1506 οἷς
1462 1462 1510 1514 ἦν

120 1551 159 1573 20
179 1532 436 1585 αἱρετώτερον
469 1534 645 1585 φρουρὰν
680 1532 950 1585 ὑποδέχεσθαι
986 1532 1049 1572 καὶ
1084 1530 1306 1583 βαρβάρων
1339 1530 1507 1578 ἀκούειν,

179 1600 286 1650 ὑμῶν
315 1599 587 1646 ἀποστάντας;
619 1599 711 1640 ἀλλ’
745 1599 852 1650 οἶμαι
889 1598 959 1649 τὴν
995 1597 1144 1639 τούτων
1179 1598 1372 1650 πονηρίαν
1401 1599 1509 1649 ὑμεῖς

179 1667 294 1719 μόνοι
317 1667 488 1708 δύνασθε
513 1666 663 1720 φέρειν,
691 1666 814 1708 ἄλλος
840 1666 872 1706 δ’
899 1666 1026 1708 οὐδεὶς
1048 1669 1126 1705 τῶν
1149 1664 1374 1716 (Ελλήνων.

240 1732 335 1775 ’Ότι
358 1737 431 1786 μὲν
454 1735 523 1775 οὖν
542 1735 631 1775 οὔτε
655 1736 718 1774 διὰ
737 1735 806 1776 τὰς
826 1735 982 1786 γραφὰς
1008 1734 1076 1774 τὰς
1097 1731 1401 1785 ἀνεγνωσμένας
1419 1732 1510 1773 οὔτε
1531 1742 1574 1777 39

180 1800 228 1842 δι’
267 1801 397 1852 ἄλλην
431 1802 559 1842 αἰτίαν
593 1801 777 1852 οὐδεμίαν
810 1800 922 1852 ἄξιόν
959 1802 1070 1840 ἐστιν
1102 1801 1207 1852 παρὰ
1238 1799 1387 1841 πάντας
1420 1798 1509 1841 τοὺς

122 1888 159 1920 ²5
180 1869 322 1919 νόμους
347 1868 437 1911 τοὺς
462 1869 551 1921 περὶ
575 1872 653 1909 τῶν
678 1866 880 1918 ἐνδείξεων
906 1869 1067 1920 ἀφεῖναι
1097 1866 1333 1919 Θεοκρίνην,
1359 1865 1509 1920 σχεδὸν

182 1935 245 1975 καὶ
268 1937 331 1976 διὰ
357 1939 434 1977 τῶν
454 1935 666 1988 εἰρημένων
691 1935 865 1988 φανερόν
891 1936 1014 1975 ἐστιν.
1067 1934 1143 1986 ἐγὼ
1170 1935 1212 1974 δὲ
1235 1935 1305 1975 τὰς
1329 1935 1401 1985 μὲν
1420 1933 1506 1973 τού-

179 2018 258 2042 των
283 2002 519 2055 προφάσεις,
546 2001 576 2043 ὦ
601 2002 739 2055 ἄνδρες
763 2002 958 2048 δικασταί,
987 2000 1050 2041 καὶ
1078 2002 1149 2043 τὰς
1181 2002 1415 2053 κατηγορίας
1447 2000 1508 2040 καὶ

180 2070 249 2112 τὰς
274 2069 565 2121 προσποιήτους
588 2070 730 2111 ταύτας
757 2070 901 2123 ἔχθρας
925 2068 972 2109 οὐ
994 2067 1207 2109 λανθάνειν
1226 2068 1325 2119 ὑμᾶς
1350 2068 1506 2119 νομίζω.
1529 2069 1661 2123 [1335]

223 2189 243 2218 3
267 2178 346 2220 λε”γε
363 2179 402 2218 δὴ
418 2180 476 2212 Τὰς
490 2178 522 2209 Α
611 2190 630 2218 4
655 2184 793 2212 ΓΡΑΦΑῘ
811 2178 842 2208 Α
858 2192 862 2210 :
888 2184 1075 2212 ΨΗΦΙΣΜΑ
1088 2183 1226 2210 ΓΡΑΦΑΙ
1245 2182 1323 2208 cett.
1417 2187 1433 2215 7
1456 2175 1510 2219 (ἢ)

181 2223 334 2262 κερδαίνει
364 2223 395 2252 A
542 2224 563 2253 8
587 2225 710 2256 Αἰνίους
742 2223 766 2255 S
783 2234 790 2254 ἓ
816 2224 913 2255 ἐνίους
944 2223 1034 2261 vulg.
1138 2222 1209 2254 οὐδὲ
1242 2221 1375 2252 Dobree
1394 2232 1401 2251 z
1435 2222 1507 2251 οὔτε

182 2265 206 2296 S
220 2266 244 2296 F
255 2265 285 2304 Q
299 2267 328 2296 D
345 2277 353 2297 :
376 2265 453 2298 οὐΑ
511 2269 607 2299 τοῦτο
619 2267 668 2308 δὲ]
682 2268 839 2299 καὶτοῦτο
851 2266 883 2296 Α
989 2276 1028 2296 10
1044 2266 1073 2298 οἱ
1085 2265 1143 2305 μὲν
1152 2275 1218 2297 om.
1231 2275 1246 2295 r
1351 2274 1385 2293 11
1406 2265 1509 2295 αὐτῶν

180 2315 258 2349 post
289 2309 491 2350 ἐφιλίππιζον
522 2311 615 2351 ponit
645 2310 677 2340 A
707 2311 792 2341 male
954 2319 991 2339 12
1013 2311 1052 2342 τὸ
1082 2310 1150 2350 περὶ
1180 2308 1212 2338 Α
1225 2309 1254 2338 D
1270 2319 1277 2339 :
1301 2309 1369 2348 περὶ
1401 2307 1425 2337 S
1439 2307 1464 2336 F
1478 2306 1507 2344 Q

185 2363 222 2391 15
247 2354 346 2386 ἐνίους
362 2353 415 2383 hic
433 2354 533 2384 etiam
550 2354 575 2384 S
733 2355 771 2384 16
786 2354 887 2386 ταύτὰ
904 2352 1032 2383 Reiske
1047 2364 1054 2383 :
1077 2353 1118 2384 τὰ
1135 2354 1214 2383 αὐτὰ
1231 2351 1263 2381 Α
1279 2362 1286 2381 :
1310 2354 1411 2382 ταῦτα
1427 2354 1502 2380 cett.

183 2397 272 2432 (sine
290 2402 430 2428 accentu
448 2397 488 2437 S>
603 2408 645 2428 20
667 2399 802 2438 φρουρὰς
821 2397 846 2427 F
978 2407 1016 2426 21
1043 2396 1158 2427 τούτου
1176 2395 1201 2425 F
1333 2404 1374 2423 22
1399 2393 1422 2424 δ’
1441 2403 1504 2423 om.

181 2438 205 2470 S
218 2440 242 2469 F
258 2440 287 2478 Q
301 2440 329 2469 D
462 2451 501 2479 24
526 2442 607 2481 παρὶι
629 2442 751 2473 πάντας
772 2441 812 2477 Α,
840 2440 937 2471 Blass
959 2440 1001 2470 cs.
1022 2442 1037 2477 ᾗ
1056 2449 1075 2479 5
1094 2450 1101 2469 2
1129 2438 1332 2478 παραβάντας
1355 2437 1378 2468 S
1396 2436 1418 2466 F
1433 2436 1461 2474 Q
1477 2436 1504 2466 D

180 2484 221 2513 28
244 2483 361 2515 ταύτας
380 2482 416 2513 S¹
428 2483 458 2513 Α
476 2495 482 2514 :
505 2486 640 2516 ταυτασὶ
659 2484 682 2515 S
700 2494 784 2516 corr.
802 2484 891 2522 vulg·
