1742 2774
143 108 218 164 xm]
543 114 702 151 ΠΡΟΣ
751 114 1077 151 ΣΠΟΎΔΙΑΝ
1491 114 1630 168 [1033]

696 208 911 237 ΜΑΡΤῪῬΕΣ.

210 272 374 319 Οὐκοῦν,
413 271 442 313 ὦ
468 271 605 324 ἄνδρες
640 273 835 318 δικασταί,
872 276 948 312 τῶν
984 273 1058 323 μὲν
1097 273 1242 325 χιλίων
1282 275 1468 324 δραχμῶν
1492 292 1532 325 19

145 339 195 381 ὡς
219 341 376 381 δικαίως
405 339 469 380 καὶ
495 338 880 392 προσοφειλομένων
903 338 1126 390 ἀπετίμησέ
1150 356 1216 390 μοι
1241 338 1311 389 τὴν
1341 339 1469 386 οἰκίαν

144 407 164 445 ὁ
190 406 453 453 Πολύευκτος,
481 406 596 448 αὐτὸς
621 407 734 448 οὗτός
758 424 824 457 μοι
849 410 1039 459 μαρτυρεῖ
1063 406 1125 446 καὶ
1151 406 1172 457 ἡ
1199 407 1339 447 τούτου
1370 405 1467 459 γυνὴ
1490 404 1630 459 [1034]

106 492 123 523 5
144 472 238 525 πρὸς
262 477 344 516 τοῖς
368 473 508 516 ἄλλοις
531 474 683 515 τούτοις
708 467 789 515 τοῖς
812 474 1142 526 μεμαρτυρηκόσι,
1170 476 1469 527 συγχωροῦντες

143 541 232 581 τότε
266 540 328 581 καὶ
357 541 445 582 οὔτε
478 540 575 593 πρὸς
602 540 672 582 τὸν
703 541 956 581 Πολύευκτον
982 541 1233 582 ἀντειπόντες
1260 541 1470 593 ἐπιβιόντα

144 607 338 650 τοσαύτας
362 607 521 660 ἡμέρας,
550 608 639 649 οὔτε
672 607 767 660 πρὸς
797 612 864 648 τὸν
892 607 1167 660 Ἀριστογένη,
1195 609 1281 649 ἐπεὶ
1310 607 1468 661 τάχιστ’

143 674 331 726 ἥκουσαν.
403 676 509 716 ἀλλὰ
533 675 610 727 μὴν
636 677 673 716 εἴ
695 693 740 727 γε
766 676 921 717 δικαίως
946 674 1179 726 ἀπετιμήθη,
1207 675 1468 727 μεμνημένοις

142 746 212 783 τοῦ
241 743 361 794 νόμου
394 745 493 784 κατὰ
520 745 593 795 μὲν
627 742 732 782 τοῦθ’
756 743 845 793 ὑμῖν
881 742 949 782 οὐκ
979 742 1090 783 ἔστιν
1124 743 1469 795 ἀποψηφίσασθαι

87 823 124 844 10
143 811 350 850 Σπουδίου.
421 809 633 862 σκέψασθε
658 812 699 851 δὲ
721 809 783 850 καὶ
807 810 895 863 περὶ
920 814 997 850 τῶν
1022 812 1150 850 εἴκοσι
1174 814 1295 861 μνῶν,
1321 810 1366 851 ἃς
1401 809 1468 849 οὐκ
1491 822 1534 846 20

145 876 399 930 ἐπαναφέρει·
455 878 517 918 καὶ
565 878 639 930 γὰρ
686 878 868 918 ἐνταυθοῖ
913 876 1033 918 πάλιν
1082 876 1196 919 αὐτὸς
1243 876 1356 918 οὗτός
1402 894 1469 928 μοι

141 943 330 996 μέγιστος
361 945 474 985 ἔσται
503 944 663 997 μάρτυς,
695 944 740 984 οὐ
771 945 879 999 λόγῳ
909 945 963 995 μὰ
998 944 1064 985 Δί’
1098 945 1234 996 ὥσπερ
1265 948 1332 985 νῦν
1361 944 1466 984 ἀντι-

142 1014 260 1052 δικῶν
294 1010 414 1062 (τουτὶ
438 1014 510 1062 μὲν
551 1014 627 1064 γὰρ
664 1011 778 1052 οὐδὲν
819 1010 1026 1064 τεκμήριόν
1064 1009 1200 1062 ἐστιν),
1240 1010 1330 1052 ἀλλ’
1367 1012 1467 1066 ἔργῳ

144 1082 364 1131 περιφανεῖ.
435 1080 475 1120 τί
499 1084 635 1127 ποιῶν,
661 1077 691 1120 ὦ
724 1078 863 1131 ἄνδρες
893 1080 1101 1125 ὃικασταί,·
1139 1079 1262 1133 τούτῳ
1297 1079 1370 1131 γὰρ
1395 1078 1466 1129 ἤδη

87 1167 123 1199 15
145 1145 365 1200 προσέχετε
400 1146 468 1187 τὸν
504 1151 609 1193 νοῦν,
647 1146 698 1187 ἵν’
735 1147 804 1187 ἐὰν
840 1145 915 1199 ἄρα
951 1147 1080 1200 τολμξι
1113 1163 1150 1186 τι
1177 1147 1239 1186 καὶ
1276 1145 1365 1198 περὶ
1400 1149 1470 1196 τῆς

141 1212 287 1265 μητρὸς
311 1217 388 1254 τῶν
412 1218 607 1266 γυναικῶν
635 1217 901 1266 βλασφημεῖν
934 1210 957 1264 ἢ
991 1214 1079 1265 περὶ
1112 1217 1190 1254 τῶν
1218 1212 1468 1265 γραμμάτων,

144 1281 296 1322 εἰδότας
323 1281 421 1332 ὑμᾶς
452 1280 504 1333 μὴ
539 1281 700 1332 δύνηται
728 1280 862 1333 λέγων
893 1280 1103 1332 ἐξαπατᾶν.
1174 1280 1284 1320 ταυτὶ
1317 1278 1392 1332 γὰρ
1422 1282 1469 1320 τὰ
1490 1293 1530 1318 21

143 1346 352 1400 γράμματα
377 1347 586 1389 κατέλιπεν
612 1351 683 1399 μὲν
708 1348 730 1398 ἡ
758 1348 1011 1388 Πολυεύκτου
1031 1346 1140 1400 γυνή,
1164 1347 1338 1399 καθάπερ
1359 1347 1469 1388 εἶπον

143 1415 265 1470 ὀλίγῳ
290 1415 492 1468 πρότερον·
530 1414 855 1470 ὁμολογουμένων
886 1417 928 1457 δὲ
952 1420 1031 1456 τῶν
1064 1416 1238 1466 σημείων
1270 1414 1332 1455 καὶ
1365 1416 1471 1467 παρὰ

83 1498 124 1522 20
142 1484 212 1533 τῆς
237 1482 374 1524 τούτου
397 1482 579 1536 γυναικὸς
606 1483 668 1523 καὶ
692 1484 797 1534 παρὰ
822 1484 891 1533 τῆς
911 1484 1018 1534 ἐμῆς,
1041 1483 1260 1535 ἀμφότεροι
1279 1482 1470 1535 παρόντες

143 1547 371 1599 ἀνοίξαντες
413 1549 638 1603 ἀντίγραφά
674 1549 706 1588 τ’
744 1549 958 1601 ἐλάβομεν,
999 1551 1157 1590 κάκεῖνα
1193 1548 1315 1590 πάλιν
1353 1565 1467 1589 κατα-

143 1616 415 1668 σημηνάμενοι
462 1617 552 1670 παρ’
602 1616 875 1669 Ἀριστογένει
925 1616 1175 1668 κατεθέμεθα.
1247 1620 1360 1657 τοῦτο
1408 1615 1466 1666 δή,
1490 1626 1533 1652 22

142 1683 257 1730 τοῦτ’,
284 1682 313 1724 ὦ
345 1683 483 1736 ἄνδρες
515 1684 709 1730 δικασταί,
742 1683 885 1735 μάθετε
911 1683 1008 1735 πρὸς
1038 1687 1149 1724 θεῶν.
1219 1685 1368 1735 ἐνῆσαν
1397 1685 1469 1734 μὲν

143 1749 219 1803 γὰρ
260 1752 300 1792 αἱ
341 1751 409 1792 δύο
451 1755 557 1803 μναῖ,
605 1751 629 1802 ἡ
671 1751 761 1802 τιμὴ
804 1755 873 1792 τοῦ
910 1751 1073 1798 οἰκέτου,
1113 1751 1175 1791 καὶ
1213 1750 1257 1791 οὐ
1291 1750 1413 1802 μόνον
1449 1749 1470 1790 ὁ

86 1831 122 1863 25
145 1818 396 1860 Πολύευκτος
432 1816 695 1875 ἀποθνῄσκων
731 1818 873 1861 ταύτας
902 1817 1162 1868 ἐνεκεκλήκει,
1189 1820 1338 1868 ἐνῆσαν
1368 1817 1400 1858 δ’
1431 1818 1469 1857 αἱ

143 1886 270 1938 χίλιαι
297 1885 360 1926 καὶ
384 1886 615 1926 ὀκτακόσιαι
645 1887 829 1939 δραχμαί.
899 1890 1019 1926 ταῦτα
1047 1885 1080 1926 δ’
1107 1885 1313 1937 ἀναγνούς,
1341 1886 1374 1925 εἰ
1398 1887 1470 1936 μὲν

143 1951 246 2007 αὐτῷ
275 1955 396 2003 μηδὲν
431 1955 630 2006 προσῆκεν
662 1952 751 2004 μηδ’
784 1953 912 2004 ἀληθῆ
937 1952 984 1993 τὰ
1010 1951 1248 2005 γεγραμμέν’
1275 1951 1334 2003 ἦν,
1362 1952 1402 1992 τί
1424 1949 1468 2001 δή

185 2071 206 2101 3
231 2061 286 2103 ὡς]
307 2064 346 2095 ὣς
363 2064 414 2095 καὶ
432 2062 500 2102 FQ
516 2063 545 2093 D
660 2073 679 2101 4
705 2064 720 2095 ὁ
737 2062 790 2093 A:
814 2064 919 2105 ἀρχὴν
939 2064 954 2095 ὁ
974 2063 1020 2094 S:
1047 2061 1066 2094 ἃ
1081 2061 1170 2101 vulg.
1290 2063 1311 2092 6
1334 2062 1383 2094 καὶ
1403 2071 1469 2093 ser-

142 2110 198 2136 vat
214 2105 245 2135 A
262 2105 353 2136 solus
444 2108 628 2144 ἐπιβιοῦντα
642 2106 738 2137 codd.
847 2117 862 2145 7
889 2105 1116 2147 Ἀριστογένην
1134 2106 1165 2136 Α
1178 2106 1202 2136 F
1214 2114 1298 2137 corr.
1318 2105 1348 2145 Q
1449 2116 1471 2144 9

145 2149 270 2181 ἔνεστιν
285 2149 317 2179 Α
407 2150 500 2191 ἀποψ.
520 2150 609 2189 vulg.
626 2161 634 2181 z
659 2151 710 2182 καὶ
728 2151 766 2181 τὸ
783 2153 815 2191 ψ.
836 2150 859 2181 5
878 2151 967 2181 unde
985 2151 1108 2183 δικαίως
1125 2154 1157 2192 ψ.
1177 2149 1316 2189 Sauppe
1432 2159 1471 2179 10

144 2193 296 2226 Σπουδίου
315 2193 364 2234 (ου
382 2193 414 2223 in
434 2204 499 2225 ras.
518 2194 558 2233 S)
577 2194 674 2224 codd.
693 2205 700 2225 ε
728 2195 863 2235 Σπουδίᾳ
882 2194 1018 2234 Sauppe
1177 2194 1211 2226 δὲ
1227 2192 1260 2224 Α
1276 2205 1283 2224 2
1308 2193 1346 2231 δὴ
1365 2192 1388 2223 S
1402 2193 1427 2222 F
1440 2193 1470 2231 Q

148 2245 182 2266 11
209 2235 300 2269 οὗτος
318 2247 382 2269 om.
403 2237 467 2276 FQ
542 2247 646 2270 11—12
669 2251 721 2276 μοι
738 2237 891 2278 μέγιστος
914 2237 1005 2269 ἔσται
1024 2237 1067 2269 S:
1096 2237 1160 2277 ἐμοὶ
1178 2250 1209 2276 μ.
1233 2238 1256 2269 ἕ,
1279 2236 1344 2276 FQ
1362 2248 1366 2268 :
1393 2251 1423 2276 μ.
1445 2237 1469 2268 ἔ.

144 2293 196 2319 μοι
212 2279 244 2309 Α
378 2291 414 2319 14
439 2283 499 2319 ἤδη
516 2281 607 2320 vulg.
627 2293 633 2311 :
658 2282 695 2318 δὴ
714 2281 738 2311 S
889 2282 927 2310 18
952 2294 1004 2313 κατ
1016 2286 1126 2313 ε’λιπεν
1143 2282 1217 2322 μὲν]
1237 2280 1471 2313 καταλέλοιπεν

145 2323 177 2353 Α
308 2334 345 2355 2Ι
373 2327 402 2355 τ’
419 2335 483 2355 om.
502 2324 533 2354 A
623 2325 741 2362 ἔλαβον
759 2324 783 2355 S
896 2334 936 2354 22
960 2328 1055 2356 τοῦτο
1073 2324 1127 2365 δὴ]
1146 2338 1202 2357 του
1220 2325 1256 2362 δή
1276 2323 1313 2355 S¹
1429 2332 1469 2362 25

147 2367 198 2398 ἀπ.
217 2367 336 2400 ταύτας
355 2368 380 2398 F
396 2381 447 2408 γρ.
466 2379 473 2398 :
498 2369 551 2400 ἀπ.
570 2371 672 2400 ταῦτα
689 2368 712 2398 S
725 2367 754 2407 Q
772 2381 824 2408 γρ.
841 2379 848 2398 :
873 2369 952 2400 αὐτὰ
969 2369 1023 2400 ἀπ.
1040 2368 1072 2398 Α
1084 2367 1150 2407 FQ
1164 2368 1193 2397 D
1267 2367 1469 2405 ἐνεκεκλήκει

149 2409 316 2442 Dindorf:
350 2412 543 2452 ἐγκεκλήκει
577 2412 600 2443 S
632 2411 721 2451 vulg.
739 2422 745 2442 :
783 2410 985 2451 ἐγκέκληκεν
1012 2411 1043 2442 Α
1245 2413 1270 2444 δ’
1302 2411 1347 2452 αἱ]
1381 2414 1413 2442 δε
1445 2411 1469 2441 S

147 2455 190 2484 26
214 2456 354 2496 δοαχμαί
370 2465 435 2488 om.
452 2454 485 2486 A
499 2455 528 2485 D
663 2465 703 2494 27
728 2456 812 2496 αὐτῷ
825 2469 858 2495 μ.
879 2455 921 2487 S:
948 2469 982 2496 μ.
1001 2457 1084 2498 αὐτῷ
1099 2459 1177 2487 cett.
