1763 2778
171 117 219 173 LI]
255 123 401 160 ΠΕΡΙ
447 122 569 160 ΤΟΥ
615 120 790 159 ΣΤΕΦ.
839 120 962 158 ΤΗΣ
1009 120 1433 158 ΤΡΙΗΡΑΡΧΙΑΣ

1520 114 1656 169 [1234]

236 224 318 262 Τοῦ
352 221 484 262 τοίνυν
519 219 678 263 τούτους
715 220 868 260 ἀδίκους
906 218 1007 260 εἶναι
1045 218 1108 259 καὶ
1145 221 1306 271 θρασεῖς
1343 217 1497 261 οὐδένες
1518 234 1557 258 21

172 290 279 340 ὑμῶν
295 289 398 329 εἰσιν
415 288 649 341 αἰτιώτεροι·
686 288 791 339 παρὰ
815 288 890 339 γὰρ
910 289 987 327 τῶν
1006 286 1223 338 λεγόντων,
1246 285 1312 328 οὓς
1335 285 1414 326 ἴστ’
1433 286 1498 326 ἐπὶ

171 358 302 411 μισθῷ
325 358 440 395 τοῦτο
464 354 721 408 πράττοντας,
740 353 989 395 πυνθάνεσθε
1007 354 1122 394 ποῖόν
1146 351 1219 394 τιν’
1245 353 1415 394 ἕκαστον
1440 355 1501 393 δεῖ

173 423 356 475 νομίζειν,
384 423 453 463 οὐκ
478 422 587 463 αὐτοὶ
613 424 805 474 θεωρεῖτε.
879 421 1005 461 καίτοι
1029 424 1111 462 πῶς
1144 420 1212 461 οὐκ
1236 419 1386 461 ἄτοπον
1409 419 1497 461 τού-

135 504 152 536 5
173 507 263 533 τους
281 492 354 543 μὲν
373 488 516 531 αὐτοὺς
539 488 830 541 πονηροτάτους
848 492 926 528 τῶν
952 492 1127 529 πολιτῶν
1146 488 1330 539 νομίζειν,
1351 487 1440 529 τοὺς
1467 486 1499 527 δ’

171 559 246 599 ὑπὸ
271 557 419 598 τούτων
444 555 747 608 ἐπαινουμένους
779 555 981 610 χρηστοὺς
1006 555 1209 608 ἡγεῖσθαι,·
1251 554 1312 596 καὶ
1340 554 1417 607 γάρ
1440 572 1501 595 τοι
1521 568 1564 594 22

173 624 303 666 πάντα
344 622 394 665 δι’
435 625 562 664 αὑτῶν
603 627 817 669 ποιοῦνται,
860 623 922 664 καὶ
956 623 1080 674 μόνον
1116 622 1189 676 οὐχ
1224 621 1299 663 ὑπὸ
1338 620 1500 674 κήρυκος

174 695 358 733 πωλοῦσι
378 692 429 731 τὰ
452 690 577 738 κοινά,
599 692 661 731 καὶ
687 693 926 743 στεφανοῦν,
949 689 994 731 ὃν
1017 688 1066 731 ἂν
1091 690 1223 732 αὐτοῖς
1241 692 1347 746 δοκῇ,
1369 689 1430 729 καὶ
1448 689 1500 740 μὴ

175 762 402 812 στεφανοῦν
439 758 658 805 κελεύουσι,
701 757 954 810 κυριωτέρους
1001 757 1141 800 αὐτοὺς
1179 760 1258 797 τῶν
1304 755 1502 808 ὑμετέρων

117 841 155 862 10
175 825 380 880 δογμάτων
407 825 678 868 καθιστάντες.
750 825 827 878 ἐγὼ
864 824 897 865 δ’
922 826 1023 876 ὑμῖν,
1052 822 1081 864 ὦ
1114 824 1251 877 ἄνδρες
1283 822 1500 874 Ἀθηναῖοι,

175 897 352 946 παραινῶ
374 893 428 945 μὴ
446 897 574 934 ποιεῖν
598 893 670 944 τὴν
685 896 763 933 τῶν
784 893 1016 933 ἀναλίσκειν
1033 893 1252 933 ἐθελόντων
1272 892 1504 944 φιλοτιμίαν

175 961 240 1002 ἐπὶ
264 967 312 1018 τῇ
336 965 415 1002 τῶν
436 961 641 1014 λεγόντων
659 959 884 1014 πλεονεξίᾳ.
945 961 978 1000 εἰ
1003 962 1044 1000 δὲ
1067 958 1134 1011 μή,
1153 958 1330 1010 διδάξετε
1354 957 1504 999 πάντας

175 1030 225 1070 τὰ
258 1031 331 1080 μὲν
361 1026 433 1081 ὑφ’
460 1029 569 1080 ’ὑμῶν
602 1025 913 1080 προσταττόμεν’
947 1027 998 1069 ὡς
1031 1026 1298 1067 εὐτελέστατα
1329 1028 1502 1071 διοικεῖν,

175 1095 265 1138 τοὺς
289 1095 322 1136 δ’
347 1096 444 1148 ὑπὲρ
459 1095 609 1137 τούτων
632 1095 799 1137 ἀναιδῶς
826 1096 879 1136 εἷς
904 1095 1004 1146 ὑμᾶς
1027 1093 1295 1148 ψευδομένους
1316 1093 1367 1136 ὡς
1392 1093 1501 1134 πλεί-

119 1177 155 1210 15
177 1181 274 1205 στου
298 1165 553 1216 μισθοῦσθαι.

221 1285 240 1304 2
264 1274 325 1315 γὰρ
343 1283 409 1306 om.
428 1273 452 1304 S
465 1272 506 1303 F1
518 1272 548 1312 Q
564 1273 593 1302 D
734 1273 756 1302 6
781 1270 1000 1311 ἐπαινομένους
1016 1271 1042 1303 S
1190 1281 1207 1310 7
1229 1270 1267 1302 δι’
1285 1272 1388 1302 αὑτῶν
1403 1269 1508 1301 πάντα

177 1320 326 1350 ποιοῦντα
342 1317 389 1347 A²²
457 1318 529 1358 οὐχὶ
554 1314 603 1347 Ab
615 1316 641 1346 F
728 1317 748 1345 8
774 1317 823 1347 καὶ
842 1321 921 1346 ante
938 1319 1080 1348 πωλοῦσι
1097 1316 1175 1346 add.
1191 1312 1240 1345 Ab
1332 1324 1370 1353 14
1396 1316 1507 1354 ψευδο-

178 1362 292 1403 μένους
308 1361 332 1392 S
344 1361 392 1391 Aa
408 1361 433 1391 F
447 1361 492 1399 Ql
511 1361 541 1390 D
558 1372 566 1391 ε
591 1359 804 1402 ψευσομένους
822 1356 870 1390 Ab
884 1359 914 1398 Q
926 1370 1014 1391 corr.
1145 1358 1316 1399 πλείστου]
1336 1359 1508 1390 πλείστους

179 1403 236 1443 Ab,
257 1405 354 1436 Blass
371 1405 444 1436 coll.
462 1408 478 1442 ξ
500 1415 513 1434 1

229 1449 266 1480 In
285 1449 309 1480 S
326 1449 549 1489 subscriptum

634 1497 726 1523 ΠΕΡΙ
743 1495 824 1523 ΤΟΥ
839 1496 1053 1525 ΣΤΕΦΑΝΟΤ

657 1539 738 1568 ΤΗΣ
755 1539 1022 1568 ΤΡΙΗΡΑΡΧΙΑΣ

185 1622 339 1654 ultimum
360 1620 384 1656 E
403 1633 464 1663 pro
482 1621 527 1656 ΪΪ
544 1624 705 1663 scriptum
724 1633 800 1654 esse
817 1623 948 1654 monuit
965 1622 1101 1662 Sauppe
