1763 2778
142 125 279 182 [1376]
697 125 750 180 [Δ
762 131 797 167 H
811 130 851 167 M
862 130 985 169 ΟΣΘ
996 130 1073 167 ΕΝ
1084 123 1217 179 om]
1551 124 1627 179 [ux

301 228 630 280 πηλακιζομένην,
670 228 733 269 καὶ
770 229 878 269 ὅσων
913 225 1011 279 ὑμᾶς
1048 228 1207 280 ἀγαθῶν
1244 228 1441 268 κωλύουσι
1478 229 1628 279 κυρίους

146 297 279 353 [1377]
302 297 402 337 εἶναι
431 296 637 348 Στέφανός
667 313 709 336 τε
742 295 878 336 οὑτοσὶ
913 295 975 336 καὶ
1010 296 1047 336 οἱ
1076 298 1148 336 τὸν
1180 294 1300 335 αὐτὸν
1332 295 1479 347 τρόπον
1502 295 1627 350 τούτῳ

301 364 567 416 γεγαμηκότες
593 363 654 403 καὶ
681 362 1039 413 παιδοποιούμενοι.

236 449 281 484 94
369 433 574 480 Πλαταιῆς
603 429 691 482 γάρ,
719 429 748 470 ὦ
777 429 915 481 ἄνδρες
942 429 1155 480 Ἀθηναῖοι,
1182 429 1296 480 μόνοι
1318 433 1396 470 τῶν
1421 427 1629 479 Ἑλλήνων

299 498 390 548 ὑμῖν
438 496 668 548 ἐβοήθησαν
724 495 1009 548 Μαραθῶνάδε,
1059 498 1123 537 ὅτε
1174 498 1296 537 Δᾶτις
1351 497 1372 536 ὁ
1422 495 1627 546 βασιλέως

302 565 473 617 Δαρείου
509 563 730 616 στρατηγὸς
765 564 983 617 ἀναχωρῶν
1019 562 1065 613 ἐξ
1097 562 1299 615 Ἐρετρίας
1343 563 1520 613 Εὔβοιαν
1561 562 1629 614 ὑφ’

300 633 423 686 ἑαυτῷ
460 630 737 681 ποιησάμενος,
769 630 902 681 ἀπέβη
941 631 994 672 εἷς
1029 629 1099 680 τὴν
1135 630 1268 682 χώραν
1303 635 1435 686 πολλῇ
1471 628 1630 680 δυνάμει

301 698 364 738 καὶ
389 697 558 750 ἐπόρθει.
631 697 693 737 καὶ
718 697 776 738 ἔτι
799 697 864 737 καὶ
888 700 957 737 νῦν
981 699 1050 747 τῆς
1087 697 1350 749 ἀνδραγαθίας
1375 697 1501 737 αὐτῶν
1532 697 1627 737 ὑπο-

299 763 482 816 μνήματα
521 761 583 816 <ἡ>
624 765 666 805 ἐν
707 770 753 821 τῇ
793 765 954 820 ποικίλῃ
991 764 1092 818 στοᾷ.
1126 763 1259 816 γραφὴ
1297 762 1530 814 δεδήλωκεν·
1578 763 1628 804 ὡς

301 832 469 874 ἕκαστος
495 833 570 884 γὰρ
606 830 751 884 τάχους
787 831 908 885 εἶχεν,
947 830 1058 873 εὐθὺς
1093 833 1362 882 προσβοηθῶν
1396 830 1627 883 γέγραπται,

237 908 280 946 95
301 900 337 939 οἱ
362 901 432 941 τὰς
459 902 573 941 κυνᾶς
597 900 667 940 τὰς
687 899 878 941 Βοιωτίας
896 898 1071 952 ἔχοντες.
1121 897 1243 938 πάλιν
1261 900 1305 939 δὲ
1332 897 1483 950 Ξέρξου
1504 898 1630 940 ἰόντος

302 966 366 1006 ἐπὶ
401 966 472 1016 τὴν
507 965 700 1012 Ἑλλάδα,
745 966 941 1016 Θηβαίων
981 964 1248 1016 μηδισάντων,
1291 964 1359 1006 οὐκ
1402 965 1629 1016 ἐτόλμησαν

302 1033 524 1083 ἀποστῆναι
559 1035 628 1083 τῆς
662 1031 852 1084 ὑμετέρας
889 1032 1040 1085 φιλίας,
1079 1033 1185 1072 ἀλλὰ
1220 1032 1335 1083 μόνοι
1375 1035 1453 1072 τῶν
1494 1031 1630 1072 ἄλλων

303 1103 484 1140 Βοιωτῶν
526 1101 562 1140 οἱ
603 1102 675 1151 μὲν
715 1100 870 1151 ἡμίσεις
912 1099 1040 1140 αὐτῶν
1079 1100 1179 1150 μετὰ
1216 1100 1533 1150 Λακεδαιμονίων
1568 1099 1631 1139 καὶ

303 1168 501 1208 Λεωνίδου
548 1168 589 1207 ἐν
639 1167 923 1219 Θερμοπύλαις
970 1164 1288 1219 παραταξάμενοι
1333 1170 1386 1221 τῷ
1433 1166 1628 1221 βαρβάρῳ

303 1234 455 1275 ἐπιόντι
480 1234 777 1280 συναπώλοντο,
805 1235 841 1274 οἱ
867 1237 909 1274 δὲ
934 1234 1067 1274 λοιποὶ
1093 1233 1288 1285 ἐμβάντες
1314 1234 1368 1275 εἷς
1391 1235 1461 1275 τὰς
1492 1233 1628 1284 ὑμετέ-

299 1318 371 1354 ρας
412 1300 593 1354 τριήρεις,
633 1301 765 1351 ἐπειδὴ
807 1301 938 1343 αὐτοῖς
979 1302 1103 1341 οἰκεῖα
1145 1300 1282 1353 σκάφη
1326 1300 1399 1354 οὐχ
1440 1301 1627 1354 ὑπῆρχεν,

303 1367 626 1422 συνεναυμάχουν
661 1368 751 1419 ὑμῖν
787 1368 854 1409 ἐπί
888 1386 930 1409 τε
970 1367 1206 1423 Ἀρτεμισίῳ
1245 1367 1306 1408 καὶ
1343 1368 1385 1408 ἐν
1421 1370 1628 1418 Σαλαμῖνι.

237 1442 283 1487 96
305 1435 366 1475 καὶ
394 1435 465 1486 τὴν
496 1436 726 1476 τελευταίαν
754 1434 889 1490 μάχην
922 1437 1155 1475 Πλαταιᾶσι
1184 1434 1397 1489 Μαρδονίῳ
1421 1439 1474 1489 τῷ
1505 1438 1626 1485 βασι-

302 1501 402 1544 λέως
433 1506 640 1557 στρατηγῷ
669 1502 754 1553 μεθ’
785 1504 893 1553 ὑμῶν
929 1502 992 1543 καὶ
1021 1506 1099 1543 τῶν
1135 1501 1523 1554 συνελευθερούντων
1557 1500 1630 1552 τὴν

302 1568 483 1609 Ἑλλάδα
505 1569 790 1623 μαχεσάμενοι,
818 1571 873 1612 εἷς
900 1569 1030 1610 κοινὸν
1054 1569 1125 1620 τὴν
1145 1571 1371 1621 ἐλευθερίαν
1390 1572 1472 1611 τοῖς
1491 1568 1631 1610 ἄλλοις

295 1634 478 1687 “Ἐλλησι
511 1635 740 1688 κατέθηκαν.
811 1638 895 1678 ἐπεὶ
923 1639 965 1678 δὲ
1000 1638 1228 1678 Παυσανίας
1260 1637 1281 1676 ὁ
1312 1635 1630 1686 Λακεδαιμονίων

303 1703 500 1754 βασιλεὺς
530 1705 706 1757 ὑβρίζειν
740 1705 929 1757 ἐνεχείρει
957 1705 1067 1755 ὑμᾶς,
1101 1704 1163 1744 καὶ
1196 1703 1263 1743 οὐκ
1298 1702 1433 1755 ἠγάπα
1468 1704 1528 1743 ὅτι
1562 1704 1630 1753 τῆς

302 1770 514 1822 ἡγεμονίας
543 1771 656 1821 μόνοι
683 1769 911 1822 ἠξιώθησαν
940 1770 1242 1821 Λακεδαιμόνιοι
1269 1771 1344 1810 ὑπὸ
1376 1773 1454 1810 τῶν
1484 1768 1629 1819 Ἑλλή-

303 1854 394 1884 νων,
422 1838 485 1878 καὶ
509 1837 531 1888 ἡ
558 1838 674 1880 πόλις
698 1843 744 1894 τῇ
768 1839 841 1888 μὲν
866 1838 1031 1892 ἀληθείᾳ
1053 1837 1189 1890 ἡγεῖτο
1213 1839 1282 1887 τῆς
1307 1836 1529 1888 ἐλευθερίας
1546 1840 1630 1878 τοῖς

296 1902 513 1955 “Ἐλλησιν,
550 1909 598 1961 τῇ
634 1907 674 1945 δὲ
711 1906 919 1959 φιλοτιμίᾳ
951 1904 1019 1944 οὐκ
1054 1904 1283 1954 ἠναντιοῦτο
1318 1907 1400 1945 τοῖς
1435 1905 1625 1944 Λακεδαι-

239 1990 283 2025 97
302 1971 462 2021 μονίοις,
490 1972 554 2011 ἵνα
584 1971 636 2022 μὴ
672 1974 928 2023 φθονηθῶσιν
960 1971 1035 2011 ὑπὸ
1069 1974 1146 2011 τῶν
1183 1969 1538 2023 συμμάχων-ἐφ’
1571 1970 1630 2012 οἷς

143 2054 280 2112 [1378]
303 2038 496 2090 φυσηθεὶς
527 2040 757 2078 Παυσανίας
793 2039 813 2077 ὑ
844 2041 921 2078 τῶν
954 2037 1277 2088 Λακεδαιμονίων
1308 2037 1504 2087 βασιλεὺς
1538 2035 1626 2077 ἐπέ-

302 2109 460 2158 γραψεν
479 2104 544 2146 ἐπὶ
564 2104 631 2145 τὸν
655 2106 820 2152 τρίποδα
845 2101 948 2156 (τὸν)
973 2106 1015 2145 ἐν
1038 2106 1232 2156 Δελφοῖς,
1260 2102 1304 2144 ὃν
1321 2106 1357 2144 οἱ
1375 2102 1576 2153 (Έλληνες
1591 2104 1629 2144 οἱ

345 2208 364 2228 2
387 2211 424 2229 τε
455 2208 521 2228 om.
557 2197 665 2228 SYD
805 2208 823 2235 4
849 2200 1012 2235 Πλαταιῆς
1044 2196 1095 2234 5¹,
1130 2196 1171 2227 cs.
1207 2195 1446 2227 Meisterhans³
1477 2207 1508 2235 p.
1545 2204 1629 2233 141:

303 2244 474 2274 Πλαταιεῖς
492 2241 581 2279 vulg.
665 2245 743 2271 ante
759 2241 847 2280 μόνοι
866 2241 951 2271 duae
969 2240 1031 2271 litt.
1052 2241 1084 2270 in
1103 2239 1127 2271 S
1145 2250 1262 2270 erasae
1355 2249 1374 2278 5
1399 2239 1506 2277 Δάτης
1523 2239 1547 2269 S
1563 2239 1627 2277 FQ

301 2286 323 2315 6
347 2285 397 2326 ὑφ’
411 2285 509 2316 etiam
525 2284 548 2315 S
564 2286 632 2323 (me
644 2284 745 2321 teste)
763 2295 769 2314 ε
795 2283 843 2324 ἐφ’
858 2283 882 2314 F
972 2285 991 2314 8
1015 2286 1066 2315 καὶ
1078 2289 1157 2314 ante
1170 2286 1223 2315 νῦν
1236 2293 1300 2313 οῐη.
1319 2282 1343 2313 F
1358 2282 1387 2312 D
1469 2293 1489 2321 9
1513 2283 1532 2320 ἡ
1548 2282 1624 2313 add.

300 2328 441 2366 Jnrinus
533 2337 565 2357 11
593 2330 687 2360 κυνᾶς
704 2327 829 2365 Taylor
846 2327 886 2358 cs.
907 2326 1046 2357 photius
1063 2337 1088 2358 s.
1102 2337 1133 2358 ν.
1151 2338 1157 2357 :
1182 2339 1287 2359 κοινας
1313 2326 1336 2357 S
1352 2326 1382 2356 D
1397 2337 1404 2356 ε
1429 2325 1521 2358 κύνας
1539 2326 1625 2364 vulg.

304 2382 342 2411 13
366 2371 514 2412 ὑμετέρας
530 2371 676 2402 Reiske:
702 2372 756 2410 ἡμ.
770 2371 866 2401 codd.
948 2372 984 2400 16
1010 2370 1161 2410 ὑμετέρας
1175 2369 1199 2401 S
1217 2381 1224 2400 z
1248 2370 1301 2408 ἡμ.
1317 2370 1404 2409 vulg.
1486 2370 1523 2399 18
1539 2382 1627 2409 αρτε-

300 2428 406 2455 μησιω
419 2438 427 2446 .
443 2439 451 2447 .
465 2438 473 2446 .
487 2413 648 2454 σαλαμὴνι
666 2414 690 2445 S
705 2416 728 2454 (ι
744 2424 763 2443 a
782 2424 823 2444 m.
844 2423 911 2444 rec.
925 2416 1038 2449 S.scr.)
1130 2416 1163 2445 ἐν
1186 2423 1252 2444 orn.
1268 2423 1283 2443 ι·
1389 2423 1427 2451 19
1451 2418 1628 2444 Πλαταιεσι

302 2459 327 2490 S
339 2459 364 2490 F
379 2459 410 2498 Q
529 2469 570 2497 24
593 2457 698 2499 μόνοι]
715 2458 810 2498 μόνον
828 2457 864 2488 F¹
880 2456 923 2496 Q¹
941 2467 948 2487 ε
973 2458 1050 2488 secl.
1073 2456 1171 2488 Blass
1281 2466 1323 2496 29
1346 2457 1404 2489 τὸν
1420 2456 1496 2487 add.
1517 2455 1625 2495 Blass,

301 2503 343 2535 cf.
360 2503 464 2534 Thuc.
485 2502 493 2533 i
514 2512 574 2542 132

1649 509 1666 540 5

1654 848 1692 870 10

1651 1514 1692 1537 20
