1763 2778
171 134 248 191 ux]
594 141 754 179 ΚΑΤΑ
804 140 1075 180 ΝΕΑΙΡΑΣ

731 255 943 283 MAPTTPIA.
1521 252 1658 308 [1387]

223 311 470 360 Ἱπποκράτης
513 312 776 360 Ἱπποκράτους
818 311 1094 362 Προβαλίσιος,
1139 312 1386 362 Δημοσθένης
1427 317 1500 363 Δη-

169 365 374 415 μοσθένους
401 367 607 413 Παιανιεύς,
635 368 826 416 Διοφάνης
853 368 1064 415 Διοφάνους
1083 366 1352 416 Ἀλωπεκῆθεν,
1376 372 1499 406 Δεινο-

170 420 282 469 μένης
318 417 528 471 Ἀρχελάου
566 421 851 469 Κυδαθηναιεύς,
888 422 1034 461 Δεινίας
1071 422 1222 471 Φόρμου
1261 422 1498 472 Κυδαντίδης,

133 481 150 513 5
171 475 391 525 Λυσίμαχος
419 475 620 513 Λυσίππου
649 476 837 527 Αἰγιλιεὺς
864 478 1094 525 μαρτυροῦσι
1122 478 1290 525 παρεῖναι
1317 479 1355 514 ἐν
1381 479 1501 529 ἀγορᾷ

171 527 222 566 ὅτ’
245 527 529 577 Ἀπολλόδωρος
553 530 800 578 προύκαλεῖτο
827 531 1028 579 Στέφανον,
1060 529 1168 574 ἀξιῶν
1196 531 1422 580 παραδοῦναι
1452 534 1499 572 εἷς

170 583 344 632 βάσανον
361 585 426 624 τὰς
446 584 668 633 θεραπαίνας
686 585 769 633 περὶ
790 585 838 622 ὧν
858 584 987 635 ᾐτιᾶτο
1001 584 1288 634 Ἀπολλόδωρος
1309 586 1500 634 Στέφανον

171 637 254 687 περὶ
282 638 454 687 Νεαίρας·
485 638 678 686 Στέφανον
701 638 732 677 δ’
749 641 814 677 οὐκ
841 640 1021 689 ἐθελῆσαι
1049 639 1276 689 παραδοῦναι
1304 641 1368 681 τὰς
1396 641 1500 690 θερα-

170 693 313 733 παίνας·
341 693 410 741 τὴν
429 692 467 731 δὲ
485 693 696 743 πρόκλησιν
715 693 806 732 εἶναι
825 693 870 743 ἦν
889 695 1089 746 παρέχεται
1109 693 1408 745 Ἀπολλόδωρος.

113 819 150 841 10
237 798 343 852 Λέγε
380 798 424 850 δὴ
463 799 584 850 αὐτὴν
620 798 692 850 τὴν
729 799 968 852 πρόκλησιν,
994 798 1043 851 ἢν
1079 799 1385 852 προύκαλούμην
1424 801 1500 853 ἐγὼ
1525 816 1589 850 124

170 866 380 920 Στέφανον
403 867 572 908 τουτονί.

712 993 955 1022 ΠΡΟΚΛΗΣΙΣ-

224 1061 320 1100 Τάδε
339 1062 584 1110 προύκαλεῖτο
606 1060 891 1110 Ἀπολλόδωρος
911 1061 1104 1109 Στέφανον
1133 1061 1216 1110 περὶ
1246 1060 1294 1100 ὧν
1321 1061 1388 1111 τὴν
1416 1078 1502 1113 γρα·

169 1116 246 1165 φὴν
273 1116 479 1168 γέγραπται
514 1116 686 1164 Νέαιραν,
718 1114 824 1164 ξένην
852 1115 970 1154 οὖσαν
999 1118 1101 1167 ἀστῷ
1134 1119 1328 1163 συνοικεῖν,
1360 1118 1503 1165 ἕτοιμος

113 1183 149 1217 15
171 1170 219 1209 ὢν
237 1171 301 1211 τὰς
328 1170 548 1219 θεραπαίνας
573 1171 888 1220 παραλαμβάνειν
912 1171 976 1210 τὰς
1004 1172 1174 1220 Νεαίρας,
1198 1172 1239 1211 ἃς
1260 1174 1298 1209 ἐκ
1319 1173 1503 1223 Μεγάρων

171 1226 311 1277 ἔχουσα
339 1225 465 1275 ἦλθεν,
493 1226 661 1276 Θρᾷτταν
690 1224 749 1262 καὶ
779 1225 1027 1275 Κοκκαλίνην,
1061 1226 1119 1263 καὶ
1149 1226 1191 1266 ἃς
1219 1227 1374 1275 ὕστερον
1402 1227 1503 1275 παρὰ

170 1280 347 1332 Στεφάνῳ
377 1279 570 1329 ἐκτήσατο,
603 1279 756 1318 Ξεννίδα
787 1280 846 1317 καὶ
876 1280 1056 1329 Δροσίδα,
1086 1281 1152 1320 τὰς
1181 1280 1311 1320 εἰδυίας
1340 1281 1503 1329 ἀκριβῶς

169 1335 254 1385 περὶ
272 1338 344 1374 τῶν
363 1334 503 1373 παίδων
520 1336 592 1372 τῶν
613 1334 726 1372 ὄντων
746 1334 901 1385 Νεαίρᾳ,
926 1334 982 1373 ὅτι
1002 1333 1101 1385 (οὐκ)
1122 1338 1161 1372 ἐκ
1182 1336 1375 1384 Στεφάνου
1397 1335 1501 1381 εἰσίν,

171 1389 355 1439 Πρόξενός
368 1406 409 1428 τε
425 1391 444 1428 ὁ
459 1389 685 1438 τελευτήσας
705 1388 764 1427 καὶ
783 1387 966 1439 Ἀρίστων
981 1391 1000 1427 ὃ
1017 1392 1080 1428 νῦν
1100 1389 1147 1427 ὢν
1168 1390 1229 1428 καὶ
1248 1390 1504 1439 Ἀντιδωρίδης

111 1461 152 1483 20
173 1445 192 1482 ὅ
208 1444 485 1495 σταδιοδρομῶν
502 1444 561 1481 καὶ
576 1444 696 1490 Φανώ,
720 1443 780 1492 ἐφ’
798 1443 824 1495 ᾧ
838 1461 878 1482 τε
893 1444 1107 1492 βασανίσαι
1123 1445 1244 1485 αὐτάς.
1305 1445 1364 1482 καὶ
1385 1447 1414 1482 εἷ
1433 1446 1502 1494 μὲν

172 1500 395 1551 ὁμολογοῖεν
411 1496 469 1551 [ἐκ
483 1496 694 1550 Στεφάνου]
712 1498 802 1537 εἶναι
814 1497 903 1551 Γκαὶ]
918 1500 1080 1549 Νεαίρας
1096 1500 1246 1539 τούτους
1260 1500 1343 1539 τοὺς
1355 1499 1498 1546 παῖδας,

170 1554 386 1603 πεπρᾶσθαι
417 1554 581 1602 Νέαιραν
613 1555 706 1590 κατὰ
735 1554 819 1594 τοὺς
849 1554 983 1603 νόμους
1014 1554 1074 1591 καὶ
1103 1554 1187 1593 τοὺς
1216 1554 1348 1594 παῖδας
1379 1555 1501 1599 ξένους

172 1607 272 1646 εἶναι·
305 1610 334 1646 εἰ
358 1608 396 1646 δὲ
421 1609 473 1657 μὴ
493 1609 714 1659 ὁμολογοῖεν
734 1611 773 1646 ἐκ
792 1609 928 1657 ταύτης
948 1608 1036 1647 εἶναι
1061 1608 1191 1648 αὐτοὺς
1212 1609 1297 1646 ἀλλ’
1319 1609 1360 1654 ἐξ
1379 1609 1501 1657 ἑτέρας

170 1663 341 1714 γυναικὸς
361 1664 486 1711 ἀστῆς,
511 1663 746 1710 ἀφίστασθαι
765 1665 830 1701 τοῦ
851 1665 990 1715 ἀγῶνος
1006 1663 1143 1712 ἤθελον
1162 1665 1226 1701 τοῦ
1246 1664 1417 1712 Νεαίρας,
1441 1663 1502 1701 καὶ

113 1737 149 1768 25
171 1717 204 1754 εἴ
229 1734 265 1755 τι
292 1719 332 1754 ἐκ
359 1720 430 1755 τῶν
449 1717 630 1767 βασάνων
657 1717 930 1767 βλαφθείησαν
948 1719 986 1755 αἶ
1006 1717 1201 1768 ἅνθρωποι,
1223 1719 1408 1756 ἀποτίνειν
1428 1717 1448 1755 ὅ
1467 1735 1502 1756 τι

168 1772 425 1822 βλαβείησαν.

237 1880 374 1918 Ταῦτα
398 1876 753 1929 προκαλεσαμένου
778 1878 886 1929 ἐμοῦ,
908 1876 1046 1930 ἄνδρες
1072 1879 1268 1925 δικασταί,
1292 1877 1500 1931 Στέφανον

1521 1847 1659 1949 ξοδδ]

171 1945 340 1991 τουτονί,
367 1944 436 1984 οὐκ
472 1944 672 1995 ἠθέλησεν
709 1943 912 1996 δέξασθαι.
983 1945 1124 1986 οὔκουν
1159 1944 1231 1996 ἤδη
1270 1948 1378 1986 δοκεῖ
1410 1947 1500 1996 ὑμῖν

172 2010 402 2052 δεδικάσθαι
420 2010 486 2052 ὑπ’
513 2012 630 2052 αὐτοῦ
655 2011 865 2064 Στεφάνου
889 2013 1055 2058 τουτουί,
1083 2010 1112 2051 ὦ
1137 2011 1276 2065 ἄνδρες
1301 2014 1496 2059 δικασταί,

111 2093 152 2124 30
171 2078 231 2118 ὅτι
255 2078 395 2132 ἔνοχός
419 2080 508 2119 ἐστι
533 2084 580 2135 τῇ
606 2080 740 2135 γραφῇ
766 2079 920 2130 Νέαιρα
938 2078 986 2129 ἣν
1006 2079 1084 2131 ἐγὼ
1104 2079 1224 2130 αὐτὴν
1245 2079 1497 2132 ἐγραψάμην,

215 2198 234 2217 2
258 2189 473 2228 Προβαλίσιος
512 2187 558 2218 S:
605 2189 836 2229 Προβαλείσιος
874 2188 962 2228 vulg.
1140 2198 1159 2227 3
1185 2188 1374 2230 Δεινομένης
1412 2188 1496 2227 YD,

173 2231 343 2262 Kirchner
365 2231 440 2262 coll.
467 2231 504 2262 C.
532 2231 612 2262 Ῑ.Α.
640 2232 660 2261 ii
685 2232 750 2262 800
774 2232 802 2269 b,
830 2242 894 2270 24:
919 2231 1074 2271 Διομένης
1097 2232 1186 2272 vulg.
1337 2244 1355 2271 4
1379 2233 1500 2273 Φόρμου

173 2274 347 2305 Kirchner
376 2274 450 2305 coll.
485 2274 522 2305 C.
543 2274 621 2305 Ῑ.Α.
658 2275 679 2305 ii
711 2285 816 2314 2250:
856 2277 1009 2316 Φορμίδου
1040 2277 1136 2307 codd.
1295 2286 1314 2315 5
1338 2277 1498 2317 Αἰγιλιεὺς

173 2317 309 2348 Palmer
325 2329 332 2349 :
355 2320 526 2358 Αἰγιαλεὺς
543 2318 641 2349 codd.
754 2320 774 2348 8
803 2322 942 2357 ηθελησε
961 2319 998 2349 S1
1128 2329 1166 2358 13
1191 2321 1400 2359 προύκαλεῖτο
1413 2319 1498 2357 FQ:

172 2364 382 2402 προκαλεῖται
395 2361 520 2392 SYrD
614 2362 654 2390 18
678 2361 777 2393 ὄντων
788 2364 904 2405 Νεαίρᾳ
920 2362 985 2400 FQ
1005 2374 1011 2393 :
1036 2364 1169 2404 Νεαίρας
1183 2362 1271 2402 vulg.
1343 2365 1398 2394 οὐκ
1419 2368 1499 2393 ante

173 2407 209 2436 ἐκ
231 2405 373 2436 inseruit
397 2405 548 2443 Voemel,
577 2405 675 2435 Blass
697 2405 737 2435 cf.
766 2408 802 2443 ἐξ
827 2407 880 2444 38,
906 2415 948 2444 53
1103 2417 1145 2437 20
1169 2409 1408 2446 σταδιαδρομῶν
1432 2405 1499 2436 SY

173 2458 210 2478 21
240 2451 274 2480 ἐκ
299 2448 464 2488 Στεφάνου
480 2448 560 2479 secl.
582 2448 690 2481 Blass,
711 2450 760 2480 καὶ
782 2455 859 2488 post
877 2450 954 2481 εἶναι
977 2449 1099 2480 deleto.
1147 2450 1302 2481 codicum
1319 2450 1497 2480 lectionem

173 2492 352 2531 utrobique
371 2493 425 2531 (18
442 2496 476 2522 et
493 2492 547 2529 21)
563 2496 675 2523 tuetur
687 2491 877 2532 Thalheim,
894 2493 1040 2525 Hermes
1055 2502 1132 2534 1921
1222 2495 1267 2525 28
1291 2492 1455 2532 ἠθέλησαν
1471 2492 1497 2524 F
