1763 2778
97 140 232 196 [1252]
657 134 756 187 [ΔΗ
769 138 941 176 Mox&
952 139 983 175 E
995 133 1176 188 ΝοΎΣ]
1503 132 1583 188 [un

256 237 524 291 παρεγένοντο
547 237 610 278 καὶ
636 236 880 289 ἐβοήθησαν.
950 236 1110 289 ἡμέραις
1135 238 1178 279 δὲ
1201 236 1246 278 οὗ
1271 240 1444 280 πολλαῖς
1461 238 1576 279 ὕστε-

256 323 324 358 ρον
355 306 548 346 εἰσελθὼν
582 306 637 347 εἷς
665 305 710 345 τὸ
743 303 994 356 δικαστήριον
1027 303 1125 355 πρὸς
1145 303 1298 356 ἡμέραν
1321 307 1577 357 διαμεμετρη-

255 371 390 423 μένην,
419 373 480 413 καὶ
511 369 721 424 ἐξελέγξας
751 371 870 412 αὐτὸν
900 373 948 412 τὰ
979 373 1109 424 ψευδῆ
1136 372 1422 422 κεκλητευκότα
1445 372 1510 413 καὶ
1532 374 1581 412 τὰ

195 444 236 477 18
257 439 361 479 ἄλλα
385 440 463 479 ὅσα
487 440 622 490 εἴρηκα
646 438 869 489 ἠδικηκότα,
897 440 1020 479 εἶλον.
1077 438 1138 478 καὶ
1164 440 1206 478 ἐν
1231 444 1278 495 τῇ
1301 437 1461 489 τιμήσει
1483 443 1578 491 βου-

255 506 435 557 λομένων
460 510 537 546 τῶν
562 509 758 546 δικαστῶν
784 505 953 546 θανάτου
979 507 1144 556 τιμῆσαι
1168 505 1285 559 αὐτῷ,
1314 504 1478 556 ἐδεήθην
1502 507 1580 558 ἐγὼ
1601 524 1617 554 5

255 577 333 614 τῶν
362 576 560 613 δικαστῶν
591 575 713 624 μηδὲν
743 572 794 613 δι’
828 574 921 623 ἐμοῦ
945 577 1124 613 τοιοῦτον
1147 571 1304 624 πρᾶξαι,
1333 573 1440 613 ἀλλὰ
1463 590 1576 614 συνε-

255 640 422 694 χώρησα
455 641 626 693 ὅσουπερ
668 639 778 680 αὐτοὶ
819 641 1023 690 ἐτιμῶντο,
1059 639 1268 687 ταλάντου,
1309 639 1384 694 οὐχ
1424 641 1489 680 ἵνα
1527 639 1579 690 μὴ

256 706 433 763 ἀποθάνῃ
460 708 480 747 ὁ
512 706 768 759 Ἀρεθούσιος
797 705 901 757 (ἄξια
937 708 1011 759 γὰρ
1048 706 1150 761 αὐτῷ
1187 705 1356 747 θανάτου
1394 708 1580 759 εἴργαστο

256 775 311 817 εἰς
349 773 443 825 ἐμέ),
476 773 568 814 ἀλλ’
604 775 669 815 ἵνα
705 774 783 826 ἐγὼ
815 775 1030 815 Πασίωνος
1062 772 1116 814 ὢν
1155 773 1215 813 καὶ
1253 774 1351 813 κατὰ
1383 772 1580 826 ψήφισμα

255 843 423 891 πολίτης
452 840 601 892 μηδένα
630 840 852 891 Ἀθηναίων
881 841 1105 882 ἀπεκτονὼς
1138 842 1233 891 εἵην.
1306 840 1359 882 ὡς
1388 840 1421 880 δ’
1453 841 1579 891 ἀληθῆ
1605 861 1642 883 ιο

256 909 391 960 εἴρηκα
431 907 527 961 πρὸς
564 908 677 959 ὑμᾶς,
725 909 874 948 τούτων
918 908 1011 958 ’ὑμῖν
1059 907 1215 948 πάντων
1253 907 1344 950 τοὺς
1384 907 1581 960 μάρτυρας

256 974 485 1027 παρέξομαι.

809 1039 1024 1067 ΜΑΡΤΎΡΕΣ.

194 1107 235 1143 19
316 1095 368 1138 ΑΑ
392 1099 465 1150 μὲν
489 1099 621 1138 τοίνυν
647 1097 910 1149 ἀδικούμενος,
932 1096 962 1138 ὦ
986 1097 1126 1149 ἄνδρες
1148 1098 1346 1143 δικασταί,
1372 1096 1438 1138 ὑπ’
1455 1096 1581 1138 αὐτῶν

254 1165 326 1215 τὴν
360 1164 598 1218 ἀπογραφὴν
637 1164 897 1216 ἐποιησάμην,
936 1163 1138 1215 δεδήλωκα
1173 1166 1277 1215 ὑμῖν·
1313 1164 1366 1206 ὡς
1401 1163 1435 1205 δ’
1470 1165 1581 1205 ἔστιν
1605 1181 1641 1212 15

255 1230 513 1284 Ἀρεθουσίου
546 1234 594 1272 τὰ
627 1231 854 1284 ἀνδράποδα
882 1235 1003 1272 ταῦτα
1031 1232 1093 1272 καὶ
1127 1233 1221 1272 ὄντα
1247 1233 1290 1272 ἐν
1317 1237 1365 1288 τῇ
1393 1230 1510 1285 οὐσίᾳ
1533 1236 1582 1287 τῇ

257 1300 406 1340 ἐκείνου
437 1298 668 1352 ἀπέγραψα,
702 1297 885 1349 ἐπιδείξω
913 1299 1014 1350 ὑμῖν.
1085 1297 1156 1339 τὸν
1185 1300 1259 1350 μὲν
1289 1300 1365 1351 γὰρ
1396 1298 1581 1349 Κέρδωνα

256 1367 296 1406 ἐκ
329 1369 466 1419 μικροῦ
501 1367 707 1418 παιδαρίου
744 1365 1001 1418 ἐξεθρέψατο·
1039 1365 1102 1406 καὶ
1137 1365 1189 1408 ὡς
1226 1364 1273 1416 ἦν
1309 1363 1579 1418 Ἀρεθουσίου,

253 1433 402 1474 τούτων
425 1434 516 1484 ὑμῖν
541 1433 630 1475 τοὺς
657 1434 809 1475 εἰδότας
833 1432 1029 1485 μάρτυρας
1053 1431 1286 1485 παρέξομαι.

119 1559 134 1585 1
802 1525 1021 1554 ΜΑΡΤΎΡΕΣ.
1604 1535 1643 1556 20

99 1546 235 1637 [25ἓὲ
320 1583 423 1635 Παρ’
463 1584 520 1626 οἷς
560 1584 691 1624 τοίνυν
732 1583 938 1636 ἠργάσατο
979 1583 1148 1629 πώποτε,
1195 1581 1246 1625 ὧς
1285 1581 1376 1624 τοὺς
1415 1581 1583 1633 μισθοὺς

253 1649 508 1702 Ἀρεθούσιος
540 1651 739 1702 ἐκομίζετο
768 1651 866 1703 ὑπὲρ
899 1650 1029 1696 αὐτοῦ,
1059 1650 1121 1690 καὶ
1154 1651 1262 1692 δίκας
1288 1649 1495 1701 ἐλάμβανε
1520 1649 1582 1690 καὶ

253 1718 392 1764 ἐδίδου,
421 1718 537 1758 ὁπότε
571 1718 688 1758 κακόν
717 1734 754 1758 τι
783 1716 1012 1771 ἐργάσαιτο,
1040 1716 1091 1759 ὡς
1119 1717 1315 1768 δεσπότης
1340 1717 1407 1764 ὤν,
1431 1716 1581 1757 τούτων

252 1785 344 1835 ὑμῖν
367 1784 453 1825 τοὺς
481 1785 633 1827 εἰδότας
655 1783 851 1837 μάρτυρας
876 1783 1106 1836 παρέξομαι.

811 1875 1026 1905 ΜΑΡΤὙΡΕΣ.
1603 1885 1640 1916 25

317 1936 401 1974 Τὸν
431 1936 473 1974 δὲ
504 1933 662 1984 Μάνην,
688 1934 874 1975 δανείσας
905 1933 1090 1986 ἀργύριον
1117 1932 1376 1987 Ἀρχεπόλιδι
1404 1937 1456 1988 τῷ
1483 1936 1578 1974 Πει·

252 2004 364 2052 ραιεῖ,
398 2000 529 2052 ἐπειδὴ
561 2001 635 2055 οὐχ
666 2001 748 2043 οἶός
780 2000 814 2041 τ’
847 2000 895 2052 ἦν
925 2001 1026 2055 αὐτῷ
1057 2001 1270 2041 ἀποδοῦναι
1295 2002 1316 2041 ὁ
1340 2000 1580 2054 Ἀρχέπολις

251 2068 339 2108 οὔτε
372 2067 440 2108 τὸν
468 2069 584 2108 τόκον
614 2068 702 2108 οὔτε
734 2067 779 2108 τὸ
807 2068 973 2121 ἀρχαῖον
1007 2067 1123 2115 ἅπαν,
1150 2068 1439 2119 ἐναπετίμησεν
1463 2067 1578 2122 αὐτῷ.

254 2134 316 2175 καὶ
341 2135 401 2175 ὅτι
425 2135 552 2186 ἀληθῆ
578 2134 699 2188 λέγω,
725 2135 874 2175 τούτων
897 2136 987 2186 ὑμῖν
1012 2134 1100 2177 τοὺς
1125 2133 1320 2187 μάρτυρας
1345 2133 1574 2187 παρέξομαι.

298 2250 318 2279 3
351 2241 484 2282 ἐλέγξας
515 2240 546 2271 Α
708 2252 726 2280 5
767 2242 897 2280 ἐδεήθην
927 2241 979 2273 Α;
1019 2242 1096 2272 add.
1127 2241 1186 2281 μὲν
1219 2240 1306 2272 SF:
1346 2241 1518 2281 ἐδεήθημεν
1547 2239 1578 2280 Q

250 2285 273 2315 6
304 2286 518 2326 συνεχώρησα
550 2285 648 2316 Blass
677 2284 752 2316 coll.
788 2288 803 2323 §
837 2287 888 2323 26,
923 2284 1004 2315 xlvii
1035 2295 1087 2323 43,
1114 2284 1160 2315 lix
1181 2287 1222 2315 6:
1248 2288 1458 2326 συγχωρῆσαι
1480 2285 1576 2315 codd.

251 2329 271 2358 8
293 2328 441 2360 ἀποθάνοι
460 2328 622 2359 Sehaeser
756 2339 789 2359 11
817 2328 943 2361 πάντων
953 2329 1026 2360 τοὺς
1042 2343 1074 2368 μ.
1095 2328 1161 2366 FQ
1174 2328 1225 2359 D:
1250 2328 1399 2360 ἁπάντων
1415 2342 1447 2368 μ.
1465 2327 1497 2357 Α
1513 2339 1520 2358 2
1543 2341 1574 2367 μ..

251 2371 378 2404 πάντων
395 2372 418 2402 S
555 2383 593 2411 14
618 2374 668 2404 ὑπ’
687 2374 790 2404 αὐτῶν
805 2373 858 2402 hic
877 2372 900 2402 S
917 2383 924 2402 ε
948 2377 1028 2402 ante
1045 2372 1068 2404 ὦ
1085 2372 1174 2411 vulg.
1313 2382 1349 2410 17
1376 2371 1396 2404 ἃ
1411 2370 1580 2412 ἀπέγραψα

253 2415 277 2445 S
290 2415 314 2445 F
327 2415 357 2454 Q
370 2416 399 2445 D
418 2428 424 2447 :
449 2415 468 2447 ἃ
483 2427 547 2447 om.
566 2416 597 2446 A
700 2426 737 2446 21
767 2415 934 2456 ἠργάσατο
949 2415 1071 2454 scripsi
1088 2426 1095 2446 :
1119 2417 1198 2455 εἷρ-γ.
1215 2415 1312 2446 codd.
1418 2426 1460 2445 22
1485 2413 1576 2456 ὑπὲρ]

250 2459 323 2490 ’τοὺς
340 2459 417 2500 ὑπὲρ
432 2459 461 2489 Α
473 2459 498 2489 F
611 2459 772 2498 ἐλάμβανε
792 2459 815 2489 S
831 2459 855 2489 F
866 2459 896 2498 Q
910 2459 940 2489 D
954 2470 961 2489 τ
986 2460 1035 2490 καὶ
1055 2458 1217 2498 ἐλάμβανε
1234 2458 1265 2489 Α
1418 2468 1460 2497 23
1485 2457 1575 2499 ἐργά-

251 2514 361 2534 σαιντο
380 2503 403 2533 S
536 2513 577 2540 24
601 2503 722 2535 εἰδότας
738 2513 804 2533 om.
824 2502 854 2532 Α
