1700 2758
587 108 1001 150 PRAEFATIO

133 217 323 272 Philippi
354 217 604 272 Epistolam
632 217 676 258 hi
705 217 877 259 codices
905 217 986 259 soli
1009 217 1449 260 conservant—inter-

132 286 238 326 dum
255 287 438 341 (sicutin
455 287 551 328 xix.
568 288 634 338 86,
649 285 723 328 lix.
741 287 864 339 87—8,
883 285 943 328 lx.
965 297 1028 339 17,
1046 288 1243 329 Prooem.
1260 287 1386 327 xxix.
1411 288 1448 337 1)

132 355 192 395 ita
213 369 312 396 cum
337 355 368 397 S
393 363 440 397 ut
462 370 601 410 paene
624 357 866 409 descriptus
890 371 946 397 ex
970 346 1022 397 eo
1045 357 1267 404 videatur;
1302 362 1451 397 contra

132 424 176 465 in
197 423 354 478 insigni
377 425 474 465 loco
496 425 592 467 xxi.
619 437 696 479 133
721 426 763 465 Y
779 426 811 466 P
836 427 891 466 ab
915 434 1098 479 utroque
1121 426 1391 466 dissentiunt.

190 492 420 548 [Codicem
444 494 772 536 Bruxellensem
802 495 841 536 O
873 510 931 536 ex
960 495 1110 536 codice
1136 495 1178 535 Y
1201 508 1339 548 eoque
1367 495 1451 534 iam

133 563 338 605 mutilato
359 563 624 618 descriptum
648 578 740 605 esse
762 565 1075 605 demonstravit
1099 562 1323 618 D1·erup.¹]

192 632 404 674 Eiusdem
429 632 622 674 familiae
644 640 708 674 est
732 634 875 674 codex
901 633 1218 674 Laurentianus
1239 633 1314 674 lix.
1330 645 1353 683 9
1372 632 1453 685 (P).

132 701 320 743 sedecim
363 702 612 743 orationum
649 716 759 755 quas
795 694 906 743 olim'
937 703 1196 751 continebat,
1235 703 1454 754 perierunt

132 776 233 812 octo
266 776 310 812 et
341 785 481 812 nonae
514 771 700 813 initium.
742 779 976 825 supersunt
1003 772 1145 812 adhue
1178 772 1274 821 xix,
1296 771 1351 818 lx,
1377 785 1455 819 xx,

131 836 227 886 xxi,
255 837 383 887 xxiii,
417 837 530 889 xxii,
558 837 686 886 xxiv,
716 851 824 879 xxv,
875 851 978 877 sane
1011 850 1141 890 quam
1178 836 1304 877 doleo
1340 835 1455 877 Lau-

133 906 378 948 rentianum
424 906 715 961 phototypice
750 920 1007 960 expressum
1047 920 1133 946 non
1177 907 1292 959 prius
1344 906 1455 946 inter

135 989 289 1017 manus
313 975 419 1017 mihi
445 976 574 1016 fuisse
595 990 728 1030 quam
756 975 954 1030 plagulas
977 975 1096 1028 prelo
1119 975 1453 1016 mandavissem.

133 1044 264 1086 velim
289 1045 418 1099 igitur
440 1044 637 1086 conseras
660 1046 716 1086 ad
741 1045 1030 1100 Epitaphium
1057 1044 1266 1085 lectiones
1287 1045 1355 1085 hic
1379 1057 1454 1083 ex-

135 1115 332 1170 scriptas,

181 1225 196 1260 §
218 1232 230 1252 1
249 1225 329 1263 τᾷδε
344 1226 391 1264 τῷ
478 1223 656 1264 γεγονότας
762 1226 777 1261 ξ
797 1234 815 1253 2
835 1224 964 1264 ἀγαθοῖς
1072 1226 1085 1261 ξ
1104 1233 1123 1261 3
1140 1222 1247 1264 λόγων
1345 1226 1359 1260 ξ
1379 1232 1397 1261 5
1418 1224 1455 1254 τὺ

136 1266 241 1298 habet
257 1265 283 1296 P
417 1270 432 1305 §
453 1277 470 1306 7
489 1268 572 1299 καλὰ
692 1270 707 1305 ξ
727 1268 746 1297 8
764 1269 897 1299 πολλῶν
915 1266 939 1296 Ρ
957 1272 1075 1297 eontra
1095 1267 1117 1296 S
1131 1266 1160 1296 Y
1270 1270 1412 1298 κωλῦσαι
1432 1266 1456 1295 Ρ

135 1315 253 1341 contra
270 1309 294 1340 S
310 1310 339 1340 Y
431 1313 446 1348 §
465 1321 485 1349 9
502 1313 706 1351 ὑπογυώτερα
793 1311 884 1351 τάξιν
988 1312 1003 1348 ξ
1026 1320 1061 1341 11
1081 1313 1116 1343 οὐ
1129 1310 1224 1349 μόνον
1241 1320 1306 1341 om.
1326 1309 1364 1338 P1
1382 1320 1454 1340 cum

136 1353 173 1385 S¹
307 1356 322 1391 §
344 1364 382 1384 12
405 1355 439 1386 τί
456 1354 482 1384 Ρ
621 1356 730 1387 πολλὰ
749 1354 776 1385 Ρ
790 1365 864 1385 cum
884 1354 914 1384 Y
930 1359 1045 1384 cetera
1063 1364 1136 1384 cum
1155 1353 1178 1384 S
1193 1353 1223 1383 Y
1241 1354 1455 1384 consentiens

135 1399 218 1438 παρὰ
233 1401 301 1430 τοῖς
318 1397 484 1439 προγόνοις
502 1409 567 1429 om.
591 1398 617 1428 P
632 1408 706 1428 cum
726 1398 749 1428 S
876 1401 891 1436 §
914 1408 951 1436 13
967 1400 1006 1429 ἂν
1024 1408 1089 1428 om.
1107 1397 1133 1427 P
1222 1397 1456 1438 ἀφειδέστερον

136 1443 239 1473 ταῦτα
313 1441 446 1474 τούτους
523 1445 538 1479 §
562 1452 599 1481 14
615 1440 676 1481 μὲν
691 1442 810 1480 ταύτης
883 1443 942 1473 κᾶν
961 1441 987 1471 Ρ
1004 1447 1123 1472 contra
1141 1441 1164 1471 S
1183 1440 1225 1470 Y¹
1301 1452 1455 1483 προσεστι

137 1484 175 1514 Ρ1
193 1495 268 1516 cum
287 1484 323 1515 S¹
418 1487 433 1523 §
454 1495 492 1524 15
509 1485 748 1526 προσιστάμενα
840 1488 855 1523 §
879 1487 916 1515 16
933 1484 978 1516 οἷς
993 1486 1057 1525 χρὴ
1075 1495 1141 1514 non
1157 1495 1220 1515 om.
1236 1483 1262 1514 P
1350 1486 1456 1515 αὐτοῖς

136 1529 260 1561 οἰκείων
347 1528 404 1562 τί.
423 1553 431 1560 .
452 1554 458 1561 .
477 1528 608 1570 σῴζεται
626 1539 691 1559 non
709 1539 775 1560 om.
798 1528 824 1558 P
916 1531 930 1566 ξ
950 1529 987 1558 18
1005 1529 1159 1568 ἀπόδειξις
1178 1539 1241 1558 om.
1263 1526 1301 1557 Ρ1
1319 1537 1392 1557 cum
1411 1527 1453 1556 Υ)

137 1574 172 1604 οὐ
264 1575 279 1610 §
301 1583 341 1612 19
358 1575 392 1604 ἐν
407 1572 495 1613 τάξει
584 1575 599 1609 ᾗ
619 1582 660 1602 20
676 1575 743 1604 τοῖς
761 1597 768 1604 .
791 1596 798 1603 .
818 1597 825 1604 .
845 1573 971 1605 οἰκείοις
1019 1575 1076 1604 τοῦ
1167 1573 1294 1603 ἐκείνων
1313 1571 1412 1601 habet
1432 1571 1456 1600 Ι)

139 1618 155 1653 ξ
174 1625 212 1646 2ῐ
232 1618 306 1649 τοὺς
324 1616 423 1647 habet
442 1617 469 1646 P
543 1618 611 1657 περὶ
630 1639 638 1647 .
660 1641 665 1646 .
684 1640 690 1646 .
712 1616 841 1648 εἰκότως
859 1626 924 1647 om.
945 1615 970 1645 P
1055 1618 1070 1653 ξ
1086 1626 1127 1645 22
1146 1617 1273 1647 ἐκείνων
1289 1617 1352 1646 οὔθ’
1371 1615 1455 1654 ἡμῶν

139 1661 214 1698 §23
246 1661 266 1698 ἦ
296 1660 400 1699 πάσης
537 1663 552 1698 §
585 1671 626 1698 24
655 1661 797 1700 ἐξέλοιτο
949 1660 987 1691 ἂν
1004 1683 1011 1690 .
1030 1683 1038 1691 .
1060 1683 1067 1690 .
1086 1659 1216 1700 γένοιτο
1246 1663 1364 1688 contra
1397 1658 1455 1696 ΡΩ

141 1705 218 1741 §26
235 1704 409 1746 ἀποτρέψαι
441 1706 560 1742 δηλοῦν
651 1705 666 1740 ξ
701 1704 742 1733 28
774 1706 941 1743 προδοῦναι
972 1705 1033 1741 τὴν
1067 1705 1112 1734 ἐκ.
1206 1704 1373 1742 συγγενεῖς
1392 1725 1398 1732 .
1419 1725 1426 1732 .
1447 1725 1453 1732 .

139 1747 338 1787 φανήσονται
370 1752 488 1778 contra
521 1747 578 1786 FQ
671 1749 686 1784 §
707 1757 748 1785 29
780 1748 912 1778 οἰκείους
943 1747 1057 1787 γονέας
1148 1746 1241 1778 ἕνεκα
1272 1748 1330 1777 τοῦ
1357 1747 1455 1785 σῷσαι

138 1790 239 1820 habet
257 1791 284 1821 P
373 1791 449 1832 ὑπὲρ
464 1793 522 1823 τοῦ
539 1795 639 1832 σῷσαι
657 1801 722 1821 om.
745 1790 770 1820 P
875 1793 889 1827 ξ
908 1799 946 1828 3ῐ
966 1792 1001 1821 *ὸν
1019 1790 1044 1819 Ρ
1154 1790 1302 1829 ἡγήσατο
1321 1788 1347 1818 P
1363 1788 1456 1818 solus

139 1834 223 1864 sicut
240 1836 328 1866 coni.
347 1834 447 1879 Wolf‘
506 1838 520 1872 ξ
539 1845 580 1873 32
598 1836 654 1866 τὰς
721 1835 809 1874 μόνοι
869 1832 1046 1873 νομίζεσθαι
1065 1843 1139 1863 cum
1158 1833 1234 1875 pr
1249 1832 1280 1871 Q
1294 1845 1334 1873 γρ
1352 1832 1381 1862 Y
1394 1843 1455 1873 γρῑ

138 1886 203 1908 om.
225 1877 310 1917 SFQ
322 1878 378 1909 Yr
516 1882 530 1917 ξ
549 1888 590 1918 34
606 1881 771 1919 ἤγγελκεν

198 1972 392 2027 Quartae
432 1973 621 2015 familiae
661 1972 826 2015 adfines
866 1974 997 2014 ctiam
1040 1972 1195 2014 Codex
1231 1972 1456 2013 Vindobo-

140 2043 285 2083 nensis
302 2054 330 2092 4
351 2056 462 2085 saec.
485 2043 562 2084 xiv
587 2044 712 2092 med„
743 2043 862 2084 cuius
890 2043 999 2083 duas
1033 2042 1360 2082 Prooemiorum
1391 2055 1456 2081 re-

141 2111 363 2152 censiones
384 2112 568 2154 contulit
593 2111 822 2159 Swoboda,
845 2116 888 2152 et
913 2110 1068 2151 Codex
1085 2110 1403 2151 Ambrosianus
1421 2108 1454 2149 C

142 2193 252 2222 saec.
267 2181 356 2232 xiv,
367 2195 392 2222 a
406 2181 526 2222 Maio
541 2182 750 2223 conlatus.
773 2180 839 2221 hic
853 2178 1012 2220 nullius
1026 2186 1090 2220 est
1107 2179 1231 2232 pretii
1246 2186 1292 2219 ut
1309 2179 1458 2232 pigeat

143 2261 213 2289 me
238 2248 330 2289 eius
356 2250 563 2291 lectiones
585 2250 716 2291 toties
739 2248 969 2290 rettulisse.
1012 2248 1130 2302 quod
1162 2248 1195 2288 si
1219 2247 1455 2288 lectionum

187 2333 198 2353 ¹
228 2334 431 2376 Vorliiustger
457 2335 585 2366 Bericht
614 2336 692 2366 iiber
719 2335 788 2366 eine
817 2333 1038 2365 Sludt'em‘et'se
1057 2344 1123 2365 zur
1154 2331 1380 2372 Erforsclzung
1405 2330 1464 2361 cler·

142 2378 620 2419 Demosthe-nesiiberliefhrung,
639 2389 670 2419 p.
691 2389 763 2419 299.

784 2434 819 2472 xi
