1763 2778
106 131 247 188 [1254]
674 125 729 180 [Δ
740 130 777 168 H
788 130 875 168 ΜΟ
885 130 915 167 Σ
924 130 962 167 Θ
973 130 1003 166 Ε
1014 128 1049 166 Ν
1059 130 1094 167 Ο
1103 129 1139 166 ’Υ
1148 123 1194 179 Σ]
1512 125 1592 167 [Lm

269 229 486 281 ἀνθρώπων
520 228 585 271 ὑπ’
615 230 709 280 ἐμοῦ
738 226 961 280 ἀντελέγετ’
994 226 1043 268 ἂν
1076 226 1230 268 ἅπαντα
1259 226 1335 268 ὑπὸ
1364 227 1527 273 τούτων,
1558 227 1592 268 εἰ

269 299 309 340 δὲ
345 298 529 351 δημοσίᾳ,
563 297 673 347 ἡμεῖς
701 298 773 346 μὲν
798 295 847 336 ἂν
875 296 1122 346 ἐσιωπῶμεν,
1158 295 1195 335 οἱ
1226 293 1261 335 δ’
1292 290 1528 347 ἄρχοντεςῆ
1555 295 1592 334 οἱ

268 363 454 420 ᾑρημένοι
486 363 562 404 ὑπὸ
589 366 658 414 τῆς
689 365 841 414 βουλῆς
870 361 1111 413 ἐβασάνιζον
1147 360 1194 402 ἂν
1228 360 1346 414 μέχρι
1382 361 1426 401 οὗ
1461 360 1591 403 αὐτοῖς

271 431 409 472 ἐδόκει.
482 434 603 471 ταῦτα
635 429 668 471 δ’
700 431 793 480 ἐμοῦ
818 428 1038 475 ἐθέλοντος,
1067 429 1135 469 οὐκ
1161 428 1209 469 ἂν
1233 428 1394 481 ἔφασαν
1416 433 1466 485 τῇ
1488 428 1592 484 ἀρχῇ

270 501 522 550 παραδοῦναι,
551 496 630 537 οὐδ’
667 498 720 539 εἷς
757 496 828 547 τὴν
859 495 1014 548 βουλὴν
1046 495 1192 546 ἤθελον
1225 496 1469 537 ἀκολουθεῖν.
1541 494 1592 537 ὡς
1612 508 1630 541 5

270 564 339 606 οὖν
363 565 490 616 ἀληθῆ
514 564 635 617 λέγω,
662 563 774 605 κάλει
797 580 862 615 μοι
887 563 1036 604 τούτων
1059 562 1148 606 τοὺς
1172 562 1381 615 μάρτυρας.

820 711 1037 740 ΜΑΡἹῪΡΕΣ.

204 797 250 832 26
336 786 446 829 Κατὰ
472 786 605 828 πολλὰ
629 789 702 839 μὲν
727 787 795 828 οὖν
827 787 961 839 ἔμοιγε
994 789 1179 827 δοκοῦσιν
1206 785 1306 827 εἶναι
1337 785 1596 839 ἀναίσχυντοι

269 857 620 908 ἀμφισβητοῦντες
651 859 730 895 τῶν
754 853 963 906 ὑμετέρων,
992 853 1065 907 οὐχ
1097 853 1241 905 ἥκιστα
1273 855 1313 894 δὲ
1342 853 1432 904 ὑμῖν
1457 852 1595 895 αὐτοὺς

270 921 449 974 ἐπιδείξω
482 923 526 962 ἐκ
557 926 635 962 τῶν
668 922 797 973 νόμων
829 924 906 962 τῶν
934 919 1145 973 ὑμετέρων.
1217 920 1326 960 οὗτοι
1354 918 1442 972 γάρ,
1468 920 1533 960 ὅτε
1557 921 1593 961 οἱ
1619 938 1656 960 ιο

269 988 451 1030 δικασταὶ
469 989 690 1041 ἐβούλοντο
710 987 881 1029 θανάτου
898 990 1062 1040 τιμῆσαι
1081 992 1132 1042 τῷ
1159 987 1415 1042 Ἀρεθουσίῳ,
1438 986 1593 1027 ἐδέοντο

267 1061 345 1098 τῶν
371 1059 567 1097 δικαστῶν
592 1055 805 1109 χρημάτων
830 1058 993 1107 τιμῆσαι
1019 1055 1081 1095 καὶ
1107 1056 1201 1105 ἐμοῦ
1230 1056 1503 1108 συγχωρῆσαι,
1532 1053 1593 1094 καὶ

203 1142 247 1178 27
269 1124 534 1177 ὡμολόγησαν
560 1123 669 1164 αὐτοὶ
694 1123 975 1164 συνεκτείσειν.
1052 1122 1243 1162 τοσούτου
1268 1121 1313 1171 δὴ
1349 1120 1506 1162 δέουσιν
1532 1122 1594 1160 ἐκ-

267 1192 388 1232 τίνειν
424 1191 509 1231 καθ’
538 1191 563 1232 ἃ
593 1188 863 1243 ἠγγυήσαντο,
898 1190 1002 1230 ὥστε
1036 1189 1099 1230 καὶ
1131 1192 1208 1229 τῶν
1240 1187 1437 1240 ὑμετέρων
1469 1188 1591 1239 ἀμφι-

112 1260 247 1317 [1255]
268 1262 480 1311 σβητοῦσι.
550 1259 677 1299 καίτοι
709 1258 751 1298 οἵ
775 1274 821 1310 γε
847 1257 960 1308 νόμοι
986 1256 1196 1297 κελεύουσι
1227 1255 1299 1306 τὴν
1328 1255 1469 1296 οὐσίαν
1493 1254 1594 1296 εἶναι
1617 1276 1653 1307 15

268 1327 474 1377 δημοσίαν,
503 1324 544 1368 ὃς
573 1325 621 1366 ἂν
655 1323 954 1377 ἐγγυησάμενός
985 1340 1026 1364 τι
1047 1327 1126 1364 τῶν
1151 1325 1219 1374 τῆς
1244 1323 1399 1364 πόλεως
1422 1321 1475 1374 μὴ
1496 1323 1592 1362 ἀπο-

267 1396 358 1448 διδῷ
394 1392 465 1443 τὴν
501 1393 660 1445 ἐγγύην·
698 1392 802 1432 ὥστε
840 1392 901 1432 καὶ
938 1392 971 1431 εἰ
1005 1390 1153 1431 τούτων
1185 1388 1232 1440 ἧν
1269 1389 1315 1429 τὰ
1353 1388 1592 1442 ἀνδράποδα,

267 1462 466 1513 προσῆκεν
500 1459 597 1500 αὐτὰ
628 1459 800 1511 δημόσια
829 1458 939 1505 εἶναι,
967 1459 1078 1511 εἴπερ
1107 1474 1144 1498 τι
1173 1460 1251 1497 τῶν
1276 1457 1407 1507 νόμων
1431 1458 1593 1509 ὄφελος.

204 1533 247 1568 28
269 1528 330 1568 καὶ
360 1527 450 1579 πρὶν
483 1529 555 1577 μὲν
586 1527 768 1579 ὀφείλειν
801 1529 852 1580 τῷ
884 1526 1074 1579 δημοσίῳ,
1100 1525 1121 1564 ὁ
1151 1524 1406 1577 Ἀρεθούσιος
1439 1523 1592 1575 ὡμολο-

267 1599 375 1647 γεῖτο
400 1598 476 1634 τῶν
506 1595 694 1647 ἀδελφῶν
727 1592 996 1645 εὐπορώτατος
1025 1591 1139 1633 εἶναι·
1176 1590 1310 1642 ἐπειδὴ
1341 1593 1382 1631 δὲ
1415 1592 1451 1631 οἱ
1481 1591 1593 1641 νόμοι
1614 1605 1654 1630 20

269 1661 499 1703 κελεύουσιν
539 1661 718 1701 τάκείνου
759 1660 927 1712 ὑμέτερα
968 1659 1079 1705 εἶναι,
1125 1662 1336 1710 τηνικαῦτα
1373 1657 1492 1708 πένης
1541 1656 1594 1698 ὢν

268 1730 453 1782 φαίνεται
481 1729 501 1768 ὁ
532 1727 801 1780 Ἀρεθούσιος,
829 1727 893 1768 καὶ
919 1730 996 1767 τῶν
1027 1728 1099 1777 μὲν
1128 1726 1151 1777 ἡ
1175 1724 1304 1778 μήτηρ
1328 1726 1592 1777 ἀμφισβητεῖ,

267 1800 344 1836 τῶν
385 1797 427 1836 δὲ
470 1796 506 1836 οἱ
546 1796 731 1848 ἀδελφοί.
801 1796 904 1849 χρῆν
952 1793 985 1834 δ’
1027 1793 1179 1840 αὐτούς,
1223 1794 1332 1845 εἴπερ
1373 1792 1594 1844 ἐβούλοντο

267 1863 423 1905 δικαίως
448 1861 752 1915 προσφέρεσθαι
776 1861 873 1914 πρὸς
898 1862 1008 1912 ὑμᾶς,
1031 1858 1315 1911 ἀποδείξαντας
1339 1858 1502 1900 ἅπασαν
1523 1858 1595 1909 τὴν

267 1929 408 1971 οὐσίαν
443 1929 515 1980 τὴν
551 1929 713 1976 ἐκείνου,
749 1930 799 1969 τὰ
839 1928 988 1969 τούτων
1023 1927 1152 1969 αὐτῶν
1187 1928 1225 1968 εἴ
1255 1944 1314 1969 τις
1350 1926 1594 1979 ἀπέγραφεν,
1618 1941 1656 1974 ²5

204 2014 248 2050 29
267 1997 554 2050 ἀμφισβητεῖν.
626 1997 696 2038 ἐὰν
733 1996 803 2037 οὖν
848 1997 1106 2046 ἐνθυμηθῆτε,
1155 1995 1215 2035 ὅτι
1258 1993 1445 2035 οὐδέποτε
1483 1994 1595 2034 ἔσται

269 2065 414 2116 ἀπορία
445 2067 522 2104 τῶν
555 2063 957 2117 ἀμφισβητησόντων
989 2063 1080 2114 ὑμῖν
1112 2061 1201 2113 περὶ
1225 2065 1302 2102 τῶν
1334 2059 1533 2112 ὑμετέρων
1555 2056 1595 2111 (ἢ

617 2127 633 2143 ἢ

269 2129 344 2183 γὰρ
379 2130 578 2183 ὀρφανοὺς
613 2148 637 2181 η
674 2130 910 2183 ἐπικλήρους
947 2127 1315 2171 κατασκευάσαντες
1351 2127 1596 2179 ἀξιώσουσιν

270 2199 471 2238 ἐλεεῖσθαι
495 2197 563 2249 ὑφ’
589 2199 708 2249 ὑμῶν,
734 2194 757 2248 ἢ
784 2200 905 2250 γῆρας
933 2198 995 2238 καὶ
1025 2197 1191 2249 ἀπορίας
1216 2195 1279 2236 καὶ
1307 2196 1458 2248 τροφὰς
1483 2193 1598 2245 μητρὶ

315 2317 334 2338 2
358 2308 378 2346 ἢ
394 2312 508 2338 servat
526 2306 551 2338 S
563 2307 656 2337 solus
775 2317 795 2345 4
812 2309 906 2346 δεμου
923 2305 948 2337 S
965 2317 973 2337 :
998 2305 1034 2338 δέ
1047 2320 1107 2346 μου
1126 2305 1157 2336 Α
1171 2305 1203 2335 D
1333 2305 1355 2334 6
1377 2303 1498 2336 τούτων
1520 2303 1595 2336 τοὺς

271 2350 303 2382 Α
315 2363 321 2382 t
346 2351 421 2383 τοὺς
433 2350 555 2383 τούτων
568 2350 592 2381 S
607 2350 632 2381 F
643 2350 673 2389 Q
687 2350 717 2381 D
835 2360 872 2388 13
890 2349 1043 2391 ἐκτίνειν]
1057 2350 1200 2382 ἐκτίσειν
1211 2347 1242 2378 Α
1255 2359 1262 2380 :
1288 2349 1485 2380 συνεκτίνειν
1496 2346 1595 2377 Blass

276 2405 314 2433 14
338 2395 550 2435 ἠγγυήσαντο
573 2393 624 2425 S:
649 2394 865 2434 ἐνεγνήσαντο
888 2394 978 2432 vulg.
1139 2393 1243 2432 15—16
1267 2391 1345 2424 εἶναι
1369 2390 1524 2430 δημοσίαν
1547 2390 1594 2421 St

273 2439 428 2478 δημοσίαν
443 2437 520 2470 εἶναι
538 2438 625 2477 vulg.
722 2447 828 2476 19-20
851 2437 1042 2478 ὡμολόγητο
1059 2461 1067 2469 .
1088 2460 1096 2468 .
1116 2461 1124 2469 .
1143 2437 1354 2477 εὐπορώτερος
1370 2434 1402 2464 Α
