1742 2774
91 153 180 209 xm]
463 157 628 196 ΠΡΟΣ
674 157 1044 194 ΦΑΙΝΙΠΠΟΝ
1438 158 1581 213 [1044]

91 257 219 309 φαίνω
237 256 310 308 τὴν
335 255 476 297 οὐσίαν
499 255 571 306 τὴν
596 257 762 307 ἐμαυτοῦ
786 257 910 307 ὀρθῶς
934 256 997 296 καὶ
1022 255 1191 302 δικαίως,
1211 255 1316 305 πλὴν
1341 259 1419 295 τῶν

93 325 135 365 ἐν
160 327 242 367 τοῖς
264 324 396 376 ἔργοις
420 328 502 365 τοῖς
532 324 763 376 ἀργυρείοις,
791 325 868 363 ὅσα
897 324 933 363 οἱ
962 323 1076 374 νόμοι
1104 324 1224 374 ἀτελῆ
1254 322 1416 372 πεποιή·

214 390 250 405 ’5

93 390 238 432 κασι’.
318 394 476 442 μᾶλλον
510 392 553 431 δὲ
583 390 682 443 λέγε
716 390 786 431 τὸν
819 391 940 441 νόμον
977 391 1108 431 αὐτόν.
1178 390 1317 442 μικρὸν
1349 392 1420 440 μὲν
1446 409 1486 444 19

49 463 53 467 ’
90 458 159 498 οὖν
185 459 342 499 ἱκετεύω
358 459 536 512 ἐπίσχες,
599 458 676 510 ἐγὼ
701 459 776 510 γὰρ
793 458 855 498 καὶ
881 458 1071 510 πρότερον
1088 455 1421 507 προύκαλεσάμην

53 541 69 573 5
91 526 330 572 Φαίνιππον,
356 525 421 566 καὶ
442 529 524 571 νῦν,
551 523 580 565 ὦ
606 525 744 578 ἄνδρες
765 526 961 573 δικασταί,
984 525 1120 575 δίδωμι
1146 524 1247 578 αὐτῷ
1273 525 1421 574 δωρεῖιν

92 592 154 632 καὶ
173 593 398 645 ἀφίσταμαι
411 593 511 644 μετὰ
528 594 598 642 τῆς
613 592 740 642 ἄλλης
755 591 894 634 οὐσίας
915 591 977 649 καὶ
1001 595 1077 631 τῶν
1104 592 1145 632 ἐν
1169 595 1252 633 τοῖς
1277 591 1419 644 ἔργοις,

91 658 159 700 ἐάν
191 675 260 712 μοι
285 659 357 710 τὴν
387 661 584 713 ἐσχατιὰν
611 660 737 710 μόνην
767 659 979 711 ἐλευθέραν
1008 661 1184 713 παραδῷ,
1210 659 1344 711 ὥσπερ
1375 657 1422 709 ἦν

91 726 146 767 ὅτ’
173 727 251 780 ἐγὼ
267 726 313 767 τὸ
339 730 494 780 πρῶτον
517 726 643 778 ἦλθον
668 728 722 768 εἰς
742 725 862 776 αὐτὴν
886 728 985 778 μετὰ
1010 726 1227 778 μαρτύρων,
1256 727 1317 766 καὶ
1339 725 1420 771 ἐάν,

92 793 137 835 ὃν
172 792 315 848 ἐξῆχεν
348 796 390 835 ἐκ
423 798 504 835 τῶν
533 792 758 845 οἰκημάτων
787 797 901 834 σῖτον
938 793 999 833 καὶ
1036 794 1143 834 οἶνον
1181 792 1244 833 καὶ
1277 793 1420 839 τᾶλλα,

34 881 75 905 10
92 862 257 914 ἀφελὼν
280 861 359 903 ἀπὸ
380 865 462 904 τῶν
492 865 619 914 Ουρῶν
647 863 697 903 τὰ
731 864 886 912 σημεῖα,
913 864 1035 901 ταῦτα
1067 860 1190 901 πάλιν
1223 861 1277 902 εἷς
1305 860 1423 900 ταύτὸ

94 927 339 985 καταστήσῃ.
400 929 462 970 καὶ
476 930 518 970 τί
532 928 666 981 λέγεις
685 928 742 969 ἔτι
760 930 822 969 καὶ
841 929 964 982 βοᾷς,’
1000 928 1120 969 πόλλ’
1139 929 1180 968 ἐκ
1198 931 1276 968 τῶν
1297 928 1424 980 ἔργων
1444 943 1490 968 20

91 999 169 1037 τῶν
193 997 409 1049 ἀργυρείων
438 997 528 1049 ἐγώ,
557 997 769 1042 Φαίνιππε,
798 996 991 1047 πρότερον
1025 994 1139 1036 αὐτὸς
1171 999 1223 1050 τῷ
1255 996 1424 1045 ἐμαυτοῦ
1445 991 1585 1045 [1045]1

93 1063 246 1115 σώματι
283 1067 417 1105 πονῶν
459 1065 521 1105 καὶ
570 1064 831 1116 ἐργαζόμενος
881 1061 1168 1113 συνελεξάμην·
1224 1062 1421 1113 ὁμολογῶ.

93 1131 175 1172 νυνὶ
209 1133 253 1172 δὲ
293 1130 398 1182 πλὴν
434 1131 584 1183 ὀλίγων
617 1130 758 1171 ἅπαντ’
796 1130 1044 1170 ἀπολώλεκα.
1118 1129 1168 1169 σὺ
1205 1128 1238 1169 δ’
1276 1130 1318 1168 ἐκ
1353 1131 1422 1178 τῆς

36 1215 73 1248 15
93 1199 284 1252 ἐσχατιᾶς
313 1201 382 1239 νῦν
417 1202 563 1238 πωλῶν
592 1198 663 1239 τὰς
697 1198 830 1249 κριθὰς
864 1196 1326 1250 ὀκτωκαιδεκαδράχμους
1361 1197 1422 1235 καὶ

92 1264 162 1305 τὸν
193 1265 303 1306 οἶνον
331 1264 659 1318 δωδεκάδραχμον
692 1268 879 1306 πλουτεῖς
915 1265 1086 1309 εἰκότως,
1122 1265 1281 1304 ἐπειδὰν
1309 1268 1424 1319 ποιῇς

93 1332 205 1373 σίτου
238 1335 310 1384 μὲν
345 1333 552 1384 μεδίμνους
589 1331 715 1373 πλέον
748 1328 772 1382 ἢ
809 1331 976 1385 χιλίους,
1015 1333 1122 1372 οἴνου
1157 1333 1199 1371 δὲ
1231 1328 1424 1382 μετρήτας

90 1399 189 1452 ὑπὲρ
224 1400 491 1442 ὀκτακοσίους.
562 1399 616 1440 ἔτ’
659 1399 727 1440 οῦν
768 1399 840 1449 τὴν
876 1398 997 1448 αὐτὴν
1031 1398 1132 1449 ἡμᾶς
1167 1397 1277 1449 τάξιν
1316 1399 1424 1451 ἔχειν
1444 1411 1486 1437 21

93 1468 163 1513 δεῖ,
190 1466 242 1518 μὴ
266 1467 336 1518 τῆς
363 1466 482 1518 αὐτῆς
510 1467 633 1522 τύχης
664 1466 757 1517 ἡμῖν
790 1466 1167 1518 παρακολουθούσης
1194 1469 1263 1506 νῦν
1293 1482 1334 1506 τε
1362 1466 1424 1505 καὶ

33 1550 74 1573 20
93 1534 305 1586 πρότερον,·
347 1537 544 1586 μηδαμῶς·
595 1533 641 1574 οὗ
673 1536 748 1586 γὰρ
781 1535 945 1574 δίκαιον.
1018 1534 1125 1573 ἀλλὰ
1157 1531 1331 1583 διάδεξαι
1362 1532 1425 1571 καὶ

93 1600 144 1641 σὺ
183 1601 245 1642 καὶ
282 1601 489 1653 μετάλαβε
525 1600 664 1654 μικρὸν
703 1601 849 1654 χρόνον
887 1602 957 1650 τῆς
1004 1603 1072 1639 τοῦ
1113 1603 1425 1656 λῃτουργοῦντος

91 1666 252 1719 τάξεως,
273 1668 406 1719 ἐπειδὴ
432 1670 469 1709 οἱ
493 1671 566 1720 μὲν
585 1670 629 1709 ἐν
653 1672 735 1709 τοῖς
759 1668 889 1720 ἔργοις
914 1666 1175 1721 ἠτυχήκασιν,
1202 1668 1310 1718 ὑμεῖς
1335 1666 1368 1706 δ’
1387 1668 1425 1706 οἳ

93 1738 358 1789 γεωργοῦντες
373 1736 575 1789 εὐπορεῖτε
592 1738 750 1787 μᾶλλον
767 1732 790 1786 ἢ
807 1737 1018 1787 προσῆκεν.
1075 1733 1208 1775 ἱκανὸν
1228 1735 1302 1786 γὰρ
1327 1734 1422 1786 χρό-

92 1819 160 1843 νον
197 1802 258 1843 δύ’
294 1803 433 1846 οὐσίας
466 1803 734 1857 καρπούμενος
767 1806 972 1848 διατελεῖς,
999 1800 1070 1851 τὴν
1096 1803 1169 1852 μὲν
1198 1804 1269 1841 τοῦ
1302 1801 1425 1853 φύσει

34 1887 73 1919 25
92 1869 239 1924 πατρὸς
257 1871 510 1917 Καλλίππου,
531 1870 603 1922 τὴν
622 1872 665 1912 δὲ
683 1873 752 1911 τοῦ
771 1868 1042 1920 ποιησαμένου
1062 1886 1123 1915 σε,
1145 1868 1424 1920 Φιλοστράτου

1446 1951 1464 1975 Ι.)

1468 1951 1487 1975 1³

92 1940 162 1977 τοῦ
185 1935 361 1990 ῥήτορος,
385 1939 448 1979 καὶ
475 1938 590 1979 οὐδὲν
614 1938 774 1979 πώποτε
798 1936 973 1978 τουτοισὶ
1008 1937 1238 1986 πεποίηκας.
1300 1935 1424 1975 καίτοι

95 2003 117 2044 ὃ
133 2007 204 2056 μὲν
229 2005 322 2057 ε’μὸς
341 2005 468 2058 πατὴρ
493 2005 611 2047 πέντε
646 2007 707 2046 καὶ
731 2004 1018 2057 τετταράκοντα
1048 2007 1155 2054 μνῶν
1180 2004 1312 2054 μόνων
1337 2005 1424 2042 ἑκα-

94 2071 206 2128 τέρῳ,
243 2074 330 2124 ἐμοὶ
362 2073 424 2114 καὶ
459 2077 512 2128 τῷ
549 2075 724 2128 ἀδελφῷ,
751 2072 823 2123 τὴν
853 2072 993 2112 οὐσίαν
1029 2070 1258 2116 κατέλιπεν,
1281 2069 1351 2122 ἀφ’
1380 2069 1426 2120 ἧς

95 2141 166 2193 ζῆν
199 2139 245 2180 οὐ
277 2139 413 2195 ῥᾴδιόν
449 2141 572 2182 ἐστιν·
625 2142 661 2181 οἶ
698 2142 739 2181 δὲ
777 2140 843 2180 (τοὶ
879 2138 1044 2191 πατέρες
1083 2137 1284 2178 τοσούτων
1323 2135 1425 2187 ἦσαν

146 2252 161 2273 Ι
179 2246 244 2276 τῶν
256 2253 319 2275 om.
332 2243 358 2275 S
446 2255 466 2275 2
486 2245 643 2286 ἀργυρίοις
655 2244 678 2275 S
691 2244 723 2274 A
812 2245 878 2284 8-9
895 2245 948 2275 ἐὰν
958 2243 1009 2285 ὃν]
1030 2243 1107 2275 ὅσον
1123 2242 1148 2273 F
1160 2240 1191 2280 Q
1271 2252 1293 2282 9
1310 2241 1425 2282 ἔξηχεν

99 2285 175 2316 SF¹
192 2297 199 2317 :
225 2289 338 2327 ἐξῆγεν
355 2288 380 2317 F
397 2298 482 2318 corr.
501 2288 530 2325 Q
549 2300 556 2319 ε
581 2289 751 2328 ἐξήνεγκεν
766 2286 797 2317 Α
904 2297 940 2317 12
966 2288 1119 2328 ἀργυρίων
1136 2285 1160 2316 S
1173 2285 1204 2315 A
1307 2294 1344 2323 15
1370 2287 1424 2316 νῦν

100 2338 164 2359 om.
179 2328 228 2368 8¹,
244 2330 321 2362 add.
339 2330 372 2360 in
385 2341 452 2369 mg.
467 2331 540 2361 ead.
556 2341 599 2362 m.
617 2332 677 2361 sed
696 2335 884 2361 atramento
901 2330 966 2360 alio
1060 2340 1097 2368 17
1124 2328 1265 2361 πλέονΑ
1280 2340 1287 2359 :
1311 2331 1424 2360 πλεῖον

100 2375 177 2403 cett.
248 2382 288 2411 19
304 2373 631 2414 παρακολουθησάσης
647 2374 673 2403 F
689 2383 775 2403 corr.
792 2374 879 2404 male
948 2384 989 2413 25
1015 2387 1051 2406 σε
1073 2373 1096 2403 S
1108 2372 1140 2403 A
1151 2373 1176 2403 F
1193 2386 1245 2414 γρ.
1265 2372 1294 2410 Q
1305 2384 1357 2412 γρ.
1372 2371 1421 2402 D:

100 2424 165 2446 om.
182 2414 224 2444 F¹
237 2415 282 2454 Q¹
373 2418 415 2446 26
438 2420 495 2448 τοῦ
512 2422 587 2456 post
604 2417 824 2458 Φιλοστράτου
841 2427 905 2447 om.
925 2417 950 2447 S
1039 2418 1180 2449 τουτοισὶ
1194 2416 1282 2453 vulg.
1298 2419 1331 2445 et
1351 2418 1366 2452 ξ
1382 2424 1424 2452 23

100 2467 219 2488 omnes
235 2470 242 2489 :
265 2459 389 2491 τούτοις
407 2459 430 2489 S
448 2461 536 2499 quod
553 2461 650 2490 nimis
667 2461 720 2490 hic
737 2461 929 2498 ambiguum

171 2522 258 2544 141-44
1316 2513 1336 2541 2
