<?xml version="1.0" encoding="UTF-8"?>
<!DOCTYPE html PUBLIC "-//W3C//DTD XHTML 1.0 Transitional//EN"
    "http://www.w3.org/TR/xhtml1/DTD/xhtml1-transitional.dtd">
<html xmlns="http://www.w3.org/1999/xhtml" xml:lang="en" lang="en">
 <head>
  <title>
</title>
<meta http-equiv="Content-Type" content="text/html;charset=utf-8" />
  <meta name='ocr-system' content='tesseract 3.04.00' />
  <meta name='ocr-capabilities' content='ocr_page ocr_carea ocr_par ocr_line ocrx_word'/>
</head>
<body>
  <div class='ocr_page' id='page_1' title='image "./orationesrecog03demouoft_0339.png"; bbox 0 0 1763 2778; ppageno 0'>
   <div class='ocr_carea' id='block_1_1' title="bbox 159 134 1636 191">
    <p class='ocr_par' dir='ltr' id='par_1_1' title="bbox 159 134 1636 191">
     <span class='ocr_line' id='line_1_1' title="bbox 159 134 1636 191; baseline 0.009 -18"><span class='ocrx_word' id='word_1_1' title='bbox 159 136 234 191; x_wconf 68' lang='lat' dir='ltr'>mx]</span> <span class='ocrx_word' id='word_1_2' title='bbox 569 141 602 179; x_wconf 83' lang='lat' dir='ltr'>K</span> <span class='ocrx_word' id='word_1_3' title='bbox 613 141 728 178; x_wconf 74' lang='lat' dir='ltr'>ATA</span> <span class='ocrx_word' id='word_1_4' title='bbox 778 140 815 177; x_wconf 88' lang='lat' dir='ltr'>N</span> <span class='ocrx_word' id='word_1_5' title='bbox 827 141 857 177; x_wconf 85' lang='lat' dir='ltr'>E</span> <span class='ocrx_word' id='word_1_6' title='bbox 869 140 902 177; x_wconf 78' lang='lat' dir='ltr'><strong>A</strong></span> <span class='ocrx_word' id='word_1_7' title='bbox 914 142 927 177; x_wconf 90' lang='lat'><em>1</em></span> <span class='ocrx_word' id='word_1_8' title='bbox 939 141 1007 177; x_wconf 77' lang='grc' dir='ltr'>ΡΑ</span> <span class='ocrx_word' id='word_1_9' title='bbox 1020 141 1051 177; x_wconf 73' lang='grc' dir='ltr'><strong>Σ</strong></span> <span class='ocrx_word' id='word_1_10' title='bbox 1508 134 1636 189; x_wconf 82' lang='lat'><strong>[1371]</strong></span> 
     </span>
    </p>
   </div>
   <div class='ocr_carea' id='block_1_2' title="bbox 101 236 1553 1016">
    <p class='ocr_par' dir='ltr' id='par_1_2' title="bbox 158 236 1488 492">
     <span class='ocr_line' id='line_1_2' title="bbox 158 236 1486 291; baseline -0.001 -12"><span class='ocrx_word' id='word_1_11' title='bbox 158 237 404 291; x_wconf 87' lang='grc' dir='ltr'>μελήθησαν,</span> <span class='ocrx_word' id='word_1_12' title='bbox 431 237 541 288; x_wconf 79' lang='grc' dir='ltr'>ἄξιον</span> <span class='ocrx_word' id='word_1_13' title='bbox 567 238 628 278; x_wconf 89' lang='grc' dir='ltr'>καὶ</span> <span class='ocrx_word' id='word_1_14' title='bbox 654 240 751 290; x_wconf 78' lang='grc' dir='ltr'>ὑμᾶς</span> <span class='ocrx_word' id='word_1_15' title='bbox 777 236 1015 285; x_wconf 80' lang='grc' dir='ltr'>σπουδάσαι,</span> <span class='ocrx_word' id='word_1_16' title='bbox 1051 236 1081 279; x_wconf 73' lang='grc' dir='ltr'><em>ὦ</em></span> <span class='ocrx_word' id='word_1_17' title='bbox 1112 238 1249 290; x_wconf 79' lang='grc' dir='ltr'>ἄνδρες</span> <span class='ocrx_word' id='word_1_18' title='bbox 1269 238 1486 289; x_wconf 80' lang='grc' dir='ltr'>Ἀθηναῖοι,</span> 
     </span>
     <span class='ocr_line' id='line_1_3' title="bbox 161 305 1488 358; baseline -0.001 -12"><span class='ocrx_word' id='word_1_19' title='bbox 161 305 223 346; x_wconf 87' lang='grc' dir='ltr'>καὶ</span> <span class='ocrx_word' id='word_1_20' title='bbox 264 305 354 348; x_wconf 87' lang='grc' dir='ltr'>τοὺς</span> <span class='ocrx_word' id='word_1_21' title='bbox 391 306 575 358; x_wconf 77' lang='grc' dir='ltr'>ἀσελγῶς</span> <span class='ocrx_word' id='word_1_22' title='bbox 614 307 690 356; x_wconf 82' lang='grc' dir='ltr'>μὲν</span> <span class='ocrx_word' id='word_1_23' title='bbox 730 309 1073 358; x_wconf 68' lang='grc' dir='ltr'>καταφρονοῦντας</span> <span class='ocrx_word' id='word_1_24' title='bbox 1115 309 1192 346; x_wconf 86' lang='grc' dir='ltr'>τῶν</span> <span class='ocrx_word' id='word_1_25' title='bbox 1240 306 1370 356; x_wconf 81' lang='grc' dir='ltr'>νόμων</span> <span class='ocrx_word' id='word_1_26' title='bbox 1411 310 1488 345; x_wconf 91' lang='grc' dir='ltr'>τῶν</span> 
     </span>
     <span class='ocr_line' id='line_1_4' title="bbox 158 371 1488 425; baseline -0.001 -12"><span class='ocrx_word' id='word_1_27' title='bbox 158 372 367 425; x_wconf 85' lang='grc' dir='ltr'>ὑμετέρων,</span> <span class='ocrx_word' id='word_1_28' title='bbox 412 374 579 414; x_wconf 84' lang='grc' dir='ltr'>ἀναιδῶς</span> <span class='ocrx_word' id='word_1_29' title='bbox 624 371 660 413; x_wconf 90' lang='grc' dir='ltr'>δ’</span> <span class='ocrx_word' id='word_1_30' title='bbox 699 371 954 423; x_wconf 77' lang='grc' dir='ltr'>ἠσεβηκότας</span> <span class='ocrx_word' id='word_1_31' title='bbox 995 374 1052 415; x_wconf 74' lang='grc' dir='ltr'>εἰς</span> <span class='ocrx_word' id='word_1_32' title='bbox 1090 372 1183 414; x_wconf 82' lang='grc' dir='ltr'>τοὺς</span> <span class='ocrx_word' id='word_1_33' title='bbox 1224 373 1336 414; x_wconf 86' lang='grc' dir='ltr'>θεοὺς</span> <span class='ocrx_word' id='word_1_34' title='bbox 1376 372 1488 423; x_wconf 81' lang='grc' dir='ltr'>ἄξιον</span> 
     </span>
     <span class='ocr_line' id='line_1_5' title="bbox 159 438 1488 492; baseline -0.001 -12"><span class='ocrx_word' id='word_1_35' title='bbox 159 438 459 492; x_wconf 87' lang='grc' dir='ltr'>τιμωρήσασθαι</span> <span class='ocrx_word' id='word_1_36' title='bbox 496 442 603 480; x_wconf 84' lang='grc' dir='ltr'>δυοῖν</span> <span class='ocrx_word' id='word_1_37' title='bbox 637 440 764 485; x_wconf 80' lang='grc' dir='ltr'>ἕνεκα,</span> <span class='ocrx_word' id='word_1_38' title='bbox 803 440 866 480; x_wconf 84' lang='grc' dir='ltr'>ἵνα</span> <span class='ocrx_word' id='word_1_39' title='bbox 902 439 1011 480; x_wconf 77' lang='grc' dir='ltr'>οὗτοί</span> <span class='ocrx_word' id='word_1_40' title='bbox 1044 457 1087 480; x_wconf 89' lang='grc' dir='ltr'>τε</span> <span class='ocrx_word' id='word_1_41' title='bbox 1126 443 1205 480; x_wconf 87' lang='grc' dir='ltr'>τῶν</span> <span class='ocrx_word' id='word_1_42' title='bbox 1243 438 1488 490; x_wconf 84' lang='grc' dir='ltr'>ἠδικημένων</span> 
     </span>
    </p>

    <p class='ocr_par' dir='ltr' id='par_1_3' title="bbox 121 505 1489 626">
     <span class='ocr_line' id='line_1_6' title="bbox 121 505 1489 561; baseline 0.001 -15"><span class='ocrx_word' id='word_1_43' title='bbox 121 521 138 552; x_wconf 86' lang='grc'>5</span> <span class='ocrx_word' id='word_1_44' title='bbox 160 507 270 557; x_wconf 88' lang='grc' dir='ltr'>δίκην</span> <span class='ocrx_word' id='word_1_45' title='bbox 301 509 435 553; x_wconf 82' lang='grc' dir='ltr'>δῶσιν,</span> <span class='ocrx_word' id='word_1_46' title='bbox 463 506 504 547; x_wconf 79' lang='grc' dir='ltr'>οἵ</span> <span class='ocrx_word' id='word_1_47' title='bbox 530 506 565 547; x_wconf 82' lang='grc' dir='ltr'>τ’</span> <span class='ocrx_word' id='word_1_48' title='bbox 596 505 716 547; x_wconf 83' lang='grc' dir='ltr'>ἄλλοι</span> <span class='ocrx_word' id='word_1_49' title='bbox 745 506 933 558; x_wconf 87' lang='grc' dir='ltr'>πρόνοιαν</span> <span class='ocrx_word' id='word_1_50' title='bbox 967 511 1158 548; x_wconf 83' lang='grc' dir='ltr'>ποιῶνται</span> <span class='ocrx_word' id='word_1_51' title='bbox 1190 506 1254 548; x_wconf 85' lang='grc' dir='ltr'>καὶ</span> <span class='ocrx_word' id='word_1_52' title='bbox 1279 511 1489 561; x_wconf 86' lang='grc' dir='ltr'>φοβῶνται</span> 
     </span>
     <span class='ocr_line' id='line_1_7' title="bbox 158 572 1215 626; baseline 0.002 -13"><span class='ocrx_word' id='word_1_53' title='bbox 158 576 280 625; x_wconf 81' lang='grc' dir='ltr'>μηδὲν</span> <span class='ocrx_word' id='word_1_54' title='bbox 306 574 362 616; x_wconf 79' lang='grc' dir='ltr'>εἷς</span> <span class='ocrx_word' id='word_1_55' title='bbox 383 573 474 615; x_wconf 85' lang='grc' dir='ltr'>τοὺς</span> <span class='ocrx_word' id='word_1_56' title='bbox 500 572 613 616; x_wconf 83' lang='grc' dir='ltr'>θεοὺς</span> <span class='ocrx_word' id='word_1_57' title='bbox 637 574 701 614; x_wconf 88' lang='grc' dir='ltr'>καὶ</span> <span class='ocrx_word' id='word_1_58' title='bbox 724 572 796 624; x_wconf 79' lang='grc' dir='ltr'>τὴν</span> <span class='ocrx_word' id='word_1_59' title='bbox 820 574 939 614; x_wconf 91' lang='grc' dir='ltr'>πόλιν</span> <span class='ocrx_word' id='word_1_60' title='bbox 964 573 1215 626; x_wconf 76' lang='grc' dir='ltr'>ἁμαρτάνειν.</span> 
     </span>
    </p>

    <p class='ocr_par' dir='ltr' id='par_1_4' title="bbox 158 639 1553 829">
     <span class='ocr_line' id='line_1_8' title="bbox 230 639 1553 694; baseline 0.002 -14"><span class='ocrx_word' id='word_1_61' title='bbox 230 640 426 691; x_wconf 84' lang='grc' dir='ltr'>Βούλομαι</span> <span class='ocrx_word' id='word_1_62' title='bbox 451 640 484 681; x_wconf 90' lang='grc' dir='ltr'>δ’</span> <span class='ocrx_word' id='word_1_63' title='bbox 507 642 600 691; x_wconf 83' lang='grc' dir='ltr'>ὑμῖν</span> <span class='ocrx_word' id='word_1_64' title='bbox 625 641 687 680; x_wconf 90' lang='grc' dir='ltr'>καὶ</span> <span class='ocrx_word' id='word_1_65' title='bbox 707 640 774 681; x_wconf 82' lang='grc' dir='ltr'>τὸν</span> <span class='ocrx_word' id='word_1_66' title='bbox 796 639 1024 693; x_wconf 79' lang='grc' dir='ltr'>ἱεροκήρυκα</span> <span class='ocrx_word' id='word_1_67' title='bbox 1045 641 1226 687; x_wconf 85' lang='grc' dir='ltr'>καλέσαι,</span> <span class='ocrx_word' id='word_1_68' title='bbox 1249 639 1291 683; x_wconf 81' lang='grc' dir='ltr'>ὃς</span> <span class='ocrx_word' id='word_1_69' title='bbox 1304 641 1489 694; x_wconf 81' lang='grc' dir='ltr'>ὑπηρετει</span> <span class='ocrx_word' id='word_1_70' title='bbox 1510 651 1553 692; x_wconf 85' lang='grc'>78</span> 
     </span>
     <span class='ocr_line' id='line_1_9' title="bbox 158 705 1491 765; baseline 0.002 -18"><span class='ocrx_word' id='word_1_71' title='bbox 158 713 206 765; x_wconf 82' lang='grc' dir='ltr'>τῇ</span> <span class='ocrx_word' id='word_1_72' title='bbox 229 711 297 748; x_wconf 82' lang='grc' dir='ltr'>τοῦ</span> <span class='ocrx_word' id='word_1_73' title='bbox 319 706 524 758; x_wconf 87' lang='grc' dir='ltr'>βασιλέως</span> <span class='ocrx_word' id='word_1_74' title='bbox 550 707 716 760; x_wconf 83' lang='grc' dir='ltr'>γυναικί,</span> <span class='ocrx_word' id='word_1_75' title='bbox 742 708 837 748; x_wconf 83' lang='grc' dir='ltr'>ὅταν</span> <span class='ocrx_word' id='word_1_76' title='bbox 863 707 1018 760; x_wconf 79' lang='grc' dir='ltr'>ἐξορκοῖ</span> <span class='ocrx_word' id='word_1_77' title='bbox 1039 710 1107 750; x_wconf 82' lang='grc' dir='ltr'>τὰς</span> <span class='ocrx_word' id='word_1_78' title='bbox 1132 710 1300 761; x_wconf 74' lang='grc' dir='ltr'>γεραρὰς</span> <span class='ocrx_word' id='word_1_79' title='bbox 1319 705 1425 761; x_wconf 75' lang='grc' dir='ltr'>(τὰς)</span> <span class='ocrx_word' id='word_1_80' title='bbox 1448 710 1491 749; x_wconf 85' lang='grc' dir='ltr'>ἐν</span> 
     </span>
     <span class='ocr_line' id='line_1_10' title="bbox 160 773 1489 829; baseline 0.002 -15"><span class='ocrx_word' id='word_1_81' title='bbox 160 777 291 816; x_wconf 84' lang='grc' dir='ltr'>κανοῖς</span> <span class='ocrx_word' id='word_1_82' title='bbox 320 773 417 826; x_wconf 83' lang='grc' dir='ltr'>πρὸς</span> <span class='ocrx_word' id='word_1_83' title='bbox 444 778 497 829; x_wconf 77' lang='grc' dir='ltr'>τῷ</span> <span class='ocrx_word' id='word_1_84' title='bbox 526 778 665 829; x_wconf 77' lang='grc' dir='ltr'>βωμῷ,</span> <span class='ocrx_word' id='word_1_85' title='bbox 699 775 791 826; x_wconf 86' lang='grc' dir='ltr'>πρὶν</span> <span class='ocrx_word' id='word_1_86' title='bbox 824 773 1020 815; x_wconf 79' lang='grc' dir='ltr'>ἅπτεσθαι</span> <span class='ocrx_word' id='word_1_87' title='bbox 1050 779 1128 816; x_wconf 88' lang='grc' dir='ltr'>τῶν</span> <span class='ocrx_word' id='word_1_88' title='bbox 1166 777 1292 827; x_wconf 81' lang='grc' dir='ltr'>ἱερῶν,</span> <span class='ocrx_word' id='word_1_89' title='bbox 1328 776 1392 816; x_wconf 84' lang='grc' dir='ltr'>ἵνα</span> <span class='ocrx_word' id='word_1_90' title='bbox 1427 776 1489 816; x_wconf 82' lang='grc' dir='ltr'>καὶ</span> 
     </span>
    </p>

    <p class='ocr_par' dir='ltr' id='par_1_5' title="bbox 101 838 1491 1016">
     <span class='ocr_line' id='line_1_11' title="bbox 101 838 1489 894; baseline 0.002 -14"><span class='ocrx_word' id='word_1_91' title='bbox 101 858 139 880; x_wconf 92' lang='lat'>10</span> <span class='ocrx_word' id='word_1_92' title='bbox 159 845 227 881; x_wconf 84' lang='grc' dir='ltr'>τοῦ</span> <span class='ocrx_word' id='word_1_93' title='bbox 259 838 374 894; x_wconf 81' lang='grc' dir='ltr'>ὅρκου</span> <span class='ocrx_word' id='word_1_94' title='bbox 405 841 467 882; x_wconf 87' lang='grc' dir='ltr'>καὶ</span> <span class='ocrx_word' id='word_1_95' title='bbox 496 846 573 882; x_wconf 85' lang='grc' dir='ltr'>τῶν</span> <span class='ocrx_word' id='word_1_96' title='bbox 606 841 834 894; x_wconf 83' lang='grc' dir='ltr'>λεγομένων</span> <span class='ocrx_word' id='word_1_97' title='bbox 866 842 1074 892; x_wconf 82' lang='grc' dir='ltr'>ἀκούσητε,</span> <span class='ocrx_word' id='word_1_98' title='bbox 1102 843 1182 882; x_wconf 84' lang='grc' dir='ltr'>ὅσα</span> <span class='ocrx_word' id='word_1_99' title='bbox 1208 843 1292 883; x_wconf 80' lang='grc' dir='ltr'>οἶόν</span> <span class='ocrx_word' id='word_1_100' title='bbox 1320 841 1353 881; x_wconf 86' lang='grc' dir='ltr'>τ’</span> <span class='ocrx_word' id='word_1_101' title='bbox 1377 843 1489 883; x_wconf 84' lang='grc' dir='ltr'>ἐστὶν</span> 
     </span>
     <span class='ocr_line' id='line_1_12' title="bbox 159 909 1491 964; baseline 0.002 -16"><span class='ocrx_word' id='word_1_102' title='bbox 159 909 327 955; x_wconf 84' lang='grc' dir='ltr'>ἀκούειν,</span> <span class='ocrx_word' id='word_1_103' title='bbox 356 909 419 949; x_wconf 85' lang='grc' dir='ltr'>καὶ</span> <span class='ocrx_word' id='word_1_104' title='bbox 443 910 570 960; x_wconf 85' lang='grc' dir='ltr'>εἰδῆτε</span> <span class='ocrx_word' id='word_1_105' title='bbox 595 909 647 951; x_wconf 86' lang='grc' dir='ltr'>ὡς</span> <span class='ocrx_word' id='word_1_106' title='bbox 672 911 798 961; x_wconf 84' lang='grc' dir='ltr'>σεμνὰ</span> <span class='ocrx_word' id='word_1_107' title='bbox 825 909 886 949; x_wconf 80' lang='grc' dir='ltr'>καὶ</span> <span class='ocrx_word' id='word_1_108' title='bbox 906 909 999 962; x_wconf 77' lang='grc' dir='ltr'>ἅγια</span> <span class='ocrx_word' id='word_1_109' title='bbox 1025 910 1087 960; x_wconf 69' lang='grc' dir='ltr'>καὶ</span> <span class='ocrx_word' id='word_1_110' title='bbox 1108 911 1256 964; x_wconf 81' lang='grc' dir='ltr'>ἀρχαῖα</span> <span class='ocrx_word' id='word_1_111' title='bbox 1273 911 1321 950; x_wconf 77' lang='grc' dir='ltr'>τὰ</span> <span class='ocrx_word' id='word_1_112' title='bbox 1346 909 1491 961; x_wconf 83' lang='grc' dir='ltr'>νόμιμά</span> 
     </span>
     <span class='ocr_line' id='line_1_13' title="bbox 160 976 282 1016; baseline 0.008 -1"><span class='ocrx_word' id='word_1_113' title='bbox 160 976 282 1016; x_wconf 85' lang='grc' dir='ltr'>ἐστιν.</span> 
     </span>
    </p>
   </div>
   <div class='ocr_carea' id='block_1_3' title="bbox 642 1104 983 1134">
    <p class='ocr_par' dir='ltr' id='par_1_6' title="bbox 642 1104 983 1134">
     <span class='ocr_line' id='line_1_14' title="bbox 642 1104 983 1134; baseline 0 -2"><span class='ocrx_word' id='word_1_114' title='bbox 642 1104 776 1134; x_wconf 82' lang='grc' dir='ltr'>ΟΡΚΟΣ</span> <span class='ocrx_word' id='word_1_115' title='bbox 793 1105 983 1133; x_wconf 87' lang='grc' dir='ltr'><strong>ΓΕΡΑΡΩΝ.</strong></span> 
     </span>
    </p>
   </div>
   <div class='ocr_carea' id='block_1_4' title="bbox 102 1176 1492 1301">
    <p class='ocr_par' dir='ltr' id='par_1_7' title="bbox 102 1176 1492 1284">
     <span class='ocr_line' id='line_1_15' title="bbox 212 1176 1492 1231; baseline 0 -15"><span class='ocrx_word' id='word_1_116' title='bbox 212 1180 418 1229; x_wconf 69' lang='grc' dir='ltr'>“Αγιστεύω</span> <span class='ocrx_word' id='word_1_117' title='bbox 438 1179 498 1218; x_wconf 82' lang='grc' dir='ltr'>καὶ</span> <span class='ocrx_word' id='word_1_118' title='bbox 518 1180 591 1230; x_wconf 82' lang='grc' dir='ltr'>εἷμὶ</span> <span class='ocrx_word' id='word_1_119' title='bbox 612 1179 755 1229; x_wconf 81' lang='grc' dir='ltr'>καθαρὰ</span> <span class='ocrx_word' id='word_1_120' title='bbox 775 1180 834 1218; x_wconf 79' lang='grc' dir='ltr'>καὶ</span> <span class='ocrx_word' id='word_1_121' title='bbox 855 1180 949 1231; x_wconf 81' lang='grc' dir='ltr'>ἇγιὴ</span> <span class='ocrx_word' id='word_1_122' title='bbox 969 1179 1042 1217; x_wconf 79' lang='grc' dir='ltr'>ἀπό</span> <span class='ocrx_word' id='word_1_123' title='bbox 1067 1176 1142 1229; x_wconf 67' lang='grc' dir='ltr'>(τε)</span> <span class='ocrx_word' id='word_1_124' title='bbox 1164 1182 1236 1217; x_wconf 85' lang='grc' dir='ltr'>τῶν</span> <span class='ocrx_word' id='word_1_125' title='bbox 1265 1179 1392 1216; x_wconf 77' lang='grc' dir='ltr'>ἄλλων</span> <span class='ocrx_word' id='word_1_126' title='bbox 1419 1180 1492 1217; x_wconf 81' lang='grc' dir='ltr'>τῶν</span> 
     </span>
     <span class='ocr_line' id='line_1_16' title="bbox 102 1233 1492 1301; baseline -0.001 -30"><span class='ocrx_word' id='word_1_127' title='bbox 102 1251 139 1284; x_wconf 86' lang='lat'>15</span> <span class='ocrx_word' id='word_1_128' title='bbox 160 1235 202 1272; x_wconf 81' lang='grc' dir='ltr'>οὗ</span> <span class='ocrx_word' id='word_1_129' title='bbox 223 1233 512 1301; x_wconf 83' lang='grc' dir='ltr'>καθαρευόντων</span> <span class='ocrx_word' id='word_1_130' title='bbox 517 1235 577 1272; x_wconf 85' lang='grc' dir='ltr'>καὶ</span> <span class='ocrx_word' id='word_1_131' title='bbox 597 1236 661 1271; x_wconf 78' lang='grc' dir='ltr'>ἀπ’</span> <span class='ocrx_word' id='word_1_132' title='bbox 678 1234 808 1283; x_wconf 81' lang='grc' dir='ltr'>ἀνδρὸς</span> <span class='ocrx_word' id='word_1_133' title='bbox 829 1252 897 1272; x_wconf 86' lang='grc' dir='ltr'>συι</span> <span class='ocrx_word' id='word_1_134' title='bbox 901 1235 1039 1280; x_wconf 61' lang='lat' dir='ltr'>oto-(123,</span> <span class='ocrx_word' id='word_1_135' title='bbox 1064 1251 1123 1271; x_wconf 82' lang='grc' dir='ltr'>και</span> <span class='ocrx_word' id='word_1_136' title='bbox 1142 1234 1190 1271; x_wconf 79' lang='grc' dir='ltr'>τὰ</span> <span class='ocrx_word' id='word_1_137' title='bbox 1211 1233 1308 1271; x_wconf 85' lang='grc' dir='ltr'>θεοίι</span> <span class='ocrx_word' id='word_1_138' title='bbox 1300 1251 1347 1270; x_wconf 86' lang='grc' dir='ltr'>ια</span> <span class='ocrx_word' id='word_1_139' title='bbox 1367 1233 1427 1270; x_wconf 79' lang='grc' dir='ltr'>καὶ</span> <span class='ocrx_word' id='word_1_140' title='bbox 1445 1233 1492 1270; x_wconf 77' lang='grc' dir='ltr'>τὰ</span> 
     </span>
    </p>
   </div>
   <div class='ocr_carea' id='block_1_5' title="bbox 160 1288 1491 1395">
    <p class='ocr_par' dir='ltr' id='par_1_8' title="bbox 160 1288 1491 1395">
     <span class='ocr_line' id='line_1_17' title="bbox 160 1288 1491 1341; baseline 0 -14"><span class='ocrx_word' id='word_1_141' title='bbox 160 1289 357 1340; x_wconf 71' lang='grc' dir='ltr'>ἶΟβα-Κχεια</span> <span class='ocrx_word' id='word_1_142' title='bbox 376 1292 518 1340; x_wconf 72' lang='grc' dir='ltr'>’γεραρῶ</span> <span class='ocrx_word' id='word_1_143' title='bbox 538 1292 588 1341; x_wconf 72' lang='grc' dir='ltr'>Τῷ</span> <span class='ocrx_word' id='word_1_144' title='bbox 608 1290 780 1327; x_wconf 72' lang='grc' dir='ltr'>Δίονυσω</span> <span class='ocrx_word' id='word_1_145' title='bbox 800 1306 893 1327; x_wconf 80' lang='grc' dir='ltr'><em>ΚαΤα</em></span> <span class='ocrx_word' id='word_1_146' title='bbox 912 1306 957 1327; x_wconf 72' lang='grc' dir='ltr'>ΤΟ.</span> <span class='ocrx_word' id='word_1_147' title='bbox 977 1289 1112 1338; x_wconf 72' lang='grc' dir='ltr'>πάτρια</span> <span class='ocrx_word' id='word_1_148' title='bbox 1132 1289 1192 1326; x_wconf 72' lang='grc' dir='ltr'>Καὶ</span> <span class='ocrx_word' id='word_1_149' title='bbox 1219 1291 1256 1327; x_wconf 77' lang='grc' dir='ltr'>ἐν</span> <span class='ocrx_word' id='word_1_150' title='bbox 1280 1290 1356 1328; x_wconf 73' lang='grc' dir='ltr'>Τοῖς</span> <span class='ocrx_word' id='word_1_151' title='bbox 1380 1288 1491 1338; x_wconf 78' lang='grc' dir='ltr'>Καθή-</span> 
     </span>
     <span class='ocr_line' id='line_1_18' title="bbox 161 1343 440 1395; baseline -0.004 -14"><span class='ocrx_word' id='word_1_152' title='bbox 161 1361 268 1381; x_wconf 75' lang='grc' dir='ltr'><strong>ΚουοἸ.</strong></span> <span class='ocrx_word' id='word_1_153' title='bbox 285 1343 440 1395; x_wconf 76' lang='grc' dir='ltr'>χρόνοις.</span> 
     </span>
    </p>
   </div>
   <div class='ocr_carea' id='block_1_6' title="bbox 103 1447 1649 2444">
    <p class='ocr_par' dir='ltr' id='par_1_9' title="bbox 103 1447 1649 2444">
     <span class='ocr_line' id='line_1_19' title="bbox 226 1447 1557 1500; baseline -0.001 -12"><span class='ocrx_word' id='word_1_154' title='bbox 226 1451 307 1488; x_wconf 83' lang='grc' dir='ltr'>Τοῦ</span> <span class='ocrx_word' id='word_1_155' title='bbox 325 1450 398 1499; x_wconf 81' lang='grc' dir='ltr'>μὲν</span> <span class='ocrx_word' id='word_1_156' title='bbox 423 1448 538 1500; x_wconf 84' lang='grc' dir='ltr'>ὅρκου</span> <span class='ocrx_word' id='word_1_157' title='bbox 563 1448 695 1489; x_wconf 84' lang='grc' dir='ltr'>τοίνυν</span> <span class='ocrx_word' id='word_1_158' title='bbox 719 1448 784 1490; x_wconf 85' lang='grc' dir='ltr'>καὶ</span> <span class='ocrx_word' id='word_1_159' title='bbox 807 1452 885 1490; x_wconf 83' lang='grc' dir='ltr'>τῶν</span> <span class='ocrx_word' id='word_1_160' title='bbox 911 1447 1176 1500; x_wconf 77' lang='grc' dir='ltr'>νομιζομένων</span> <span class='ocrx_word' id='word_1_161' title='bbox 1199 1449 1387 1500; x_wconf 87' lang='grc' dir='ltr'>πατρίων,</span> <span class='ocrx_word' id='word_1_162' title='bbox 1413 1447 1493 1488; x_wconf 83' lang='grc' dir='ltr'>ὅσα</span> <span class='ocrx_word' id='word_1_163' title='bbox 1512 1464 1557 1500; x_wconf 85' lang='grc'>79</span> 
     </span>
     <span class='ocr_line' id='line_1_20' title="bbox 161 1514 1492 1568; baseline -0.001 -12"><span class='ocrx_word' id='word_1_164' title='bbox 161 1515 246 1556; x_wconf 74' lang='grc' dir='ltr'>οἶόν</span> <span class='ocrx_word' id='word_1_165' title='bbox 270 1514 303 1555; x_wconf 86' lang='grc' dir='ltr'>τ’</span> <span class='ocrx_word' id='word_1_166' title='bbox 329 1516 441 1556; x_wconf 86' lang='grc' dir='ltr'>ἐστὶν</span> <span class='ocrx_word' id='word_1_167' title='bbox 460 1516 597 1561; x_wconf 84' lang='grc' dir='ltr'>εἰπεῖν,</span> <span class='ocrx_word' id='word_1_168' title='bbox 617 1516 820 1566; x_wconf 81' lang='grc' dir='ltr'>ἀκηκόατε,</span> <span class='ocrx_word' id='word_1_169' title='bbox 844 1533 905 1556; x_wconf 85' lang='grc' dir='ltr'>και</span> <span class='ocrx_word' id='word_1_170' title='bbox 927 1514 1017 1559; x_wconf 85' lang='grc' dir='ltr'>ὡς</span> <span class='ocrx_word' id='word_1_171' title='bbox 995 1533 1044 1566; x_wconf 89' lang='grc' dir='ltr'>ην</span> <span class='ocrx_word' id='word_1_172' title='bbox 1065 1515 1271 1568; x_wconf 81' lang='grc' dir='ltr'>Στέφανος</span> <span class='ocrx_word' id='word_1_173' title='bbox 1290 1515 1492 1568; x_wconf 82' lang='grc' dir='ltr'>ἠγγύησεν</span> 
     </span>
     <span class='ocr_line' id='line_1_21' title="bbox 104 1581 1491 1637; baseline -0.002 -13"><span class='ocrx_word' id='word_1_174' title='bbox 104 1602 143 1625; x_wconf 90' lang='lat'>20</span> <span class='ocrx_word' id='word_1_175' title='bbox 162 1586 214 1637; x_wconf 80' lang='grc' dir='ltr'>τῷ</span> <span class='ocrx_word' id='word_1_176' title='bbox 242 1581 397 1634; x_wconf 87' lang='grc' dir='ltr'>Θεογέι</span> <span class='ocrx_word' id='word_1_177' title='bbox 402 1600 435 1622; x_wconf 88' lang='grc' dir='ltr'>ει</span> <span class='ocrx_word' id='word_1_178' title='bbox 460 1599 531 1634; x_wconf 80' lang='grc' dir='ltr'>γυι</span> <span class='ocrx_word' id='word_1_179' title='bbox 534 1586 625 1623; x_wconf 85' lang='grc' dir='ltr'>αῖκα</span> <span class='ocrx_word' id='word_1_180' title='bbox 649 1582 911 1633; x_wconf 81' lang='grc' dir='ltr'>βασιλεύοντι</span> <span class='ocrx_word' id='word_1_181' title='bbox 931 1583 981 1624; x_wconf 88' lang='grc' dir='ltr'>ὡς</span> <span class='ocrx_word' id='word_1_182' title='bbox 1001 1584 1118 1622; x_wconf 84' lang='grc' dir='ltr'>αὑτοῦ</span> <span class='ocrx_word' id='word_1_183' title='bbox 1137 1583 1262 1622; x_wconf 69' lang='grc' dir='ltr'>οὖσαν</span> <span class='ocrx_word' id='word_1_184' title='bbox 1284 1582 1491 1635; x_wconf 87' lang='grc' dir='ltr'>θυγατερα,</span> 
     </span>
     <span class='ocr_line' id='line_1_22' title="bbox 162 1648 1649 1708; baseline 0.002 -18"><span class='ocrx_word' id='word_1_185' title='bbox 162 1650 257 1700; x_wconf 76' lang='grc' dir='ltr'>αὕτη</span> <span class='ocrx_word' id='word_1_186' title='bbox 284 1649 409 1690; x_wconf 83' lang='grc' dir='ltr'>ἐποίει</span> <span class='ocrx_word' id='word_1_187' title='bbox 432 1648 481 1689; x_wconf 81' lang='grc' dir='ltr'>τὰ</span> <span class='ocrx_word' id='word_1_188' title='bbox 506 1651 590 1701; x_wconf 78' lang='grc' dir='ltr'>ἱερὰ</span> <span class='ocrx_word' id='word_1_189' title='bbox 614 1653 735 1689; x_wconf 78' lang='grc' dir='ltr'>ταῦτα</span> <span class='ocrx_word' id='word_1_190' title='bbox 762 1650 823 1690; x_wconf 86' lang='grc' dir='ltr'>καὶ</span> <span class='ocrx_word' id='word_1_191' title='bbox 848 1649 1018 1701; x_wconf 79' lang='grc' dir='ltr'>ἐξώρκου</span> <span class='ocrx_word' id='word_1_192' title='bbox 1041 1651 1110 1691; x_wconf 73' lang='grc' dir='ltr'>τὰς</span> <span class='ocrx_word' id='word_1_193' title='bbox 1137 1649 1317 1702; x_wconf 82' lang='grc' dir='ltr'>γεραράς,</span> <span class='ocrx_word' id='word_1_194' title='bbox 1346 1649 1409 1690; x_wconf 85' lang='grc' dir='ltr'>καὶ</span> <span class='ocrx_word' id='word_1_195' title='bbox 1432 1650 1493 1689; x_wconf 87' lang='grc' dir='ltr'>ὅτι</span> <span class='ocrx_word' id='word_1_196' title='bbox 1514 1653 1649 1708; x_wconf 83' lang='lat'><strong>[1372]</strong></span> 
     </span>
     <span class='ocr_line' id='line_1_23' title="bbox 163 1715 1492 1769; baseline 0 -13"><span class='ocrx_word' id='word_1_197' title='bbox 163 1716 242 1757; x_wconf 82' lang='grc' dir='ltr'>οὐδ’</span> <span class='ocrx_word' id='word_1_198' title='bbox 269 1716 401 1758; x_wconf 79' lang='grc' dir='ltr'>αὐταῖς</span> <span class='ocrx_word' id='word_1_199' title='bbox 426 1720 511 1758; x_wconf 82' lang='grc' dir='ltr'>ταῖς</span> <span class='ocrx_word' id='word_1_200' title='bbox 535 1716 704 1768; x_wconf 85' lang='grc' dir='ltr'>ὁρώσαις</span> <span class='ocrx_word' id='word_1_201' title='bbox 729 1718 778 1757; x_wconf 84' lang='grc' dir='ltr'>τὰ</span> <span class='ocrx_word' id='word_1_202' title='bbox 803 1718 887 1768; x_wconf 79' lang='grc' dir='ltr'>ἱερὰ</span> <span class='ocrx_word' id='word_1_203' title='bbox 911 1720 1032 1756; x_wconf 73' lang='grc' dir='ltr'>ταῦτα</span> <span class='ocrx_word' id='word_1_204' title='bbox 1057 1717 1140 1757; x_wconf 78' lang='grc' dir='ltr'>οἶόν</span> <span class='ocrx_word' id='word_1_205' title='bbox 1164 1715 1198 1757; x_wconf 80' lang='grc' dir='ltr'>τ’</span> <span class='ocrx_word' id='word_1_206' title='bbox 1222 1718 1333 1757; x_wconf 84' lang='grc' dir='ltr'>ἐστὶν</span> <span class='ocrx_word' id='word_1_207' title='bbox 1357 1715 1492 1769; x_wconf 87' lang='grc' dir='ltr'>λέγειν</span> 
     </span>
     <span class='ocr_line' id='line_1_24' title="bbox 163 1781 1494 1837; baseline 0 -14"><span class='ocrx_word' id='word_1_208' title='bbox 163 1782 262 1835; x_wconf 84' lang='grc' dir='ltr'>πρὸς</span> <span class='ocrx_word' id='word_1_209' title='bbox 287 1782 414 1823; x_wconf 82' lang='grc' dir='ltr'>ἄλλον</span> <span class='ocrx_word' id='word_1_210' title='bbox 446 1782 598 1824; x_wconf 81' lang='grc' dir='ltr'>οὐδένα.</span> <span class='ocrx_word' id='word_1_211' title='bbox 669 1781 767 1836; x_wconf 87' lang='grc' dir='ltr'>φέρε</span> <span class='ocrx_word' id='word_1_212' title='bbox 803 1783 848 1834; x_wconf 76' lang='grc' dir='ltr'>δὴ</span> <span class='ocrx_word' id='word_1_213' title='bbox 880 1784 941 1824; x_wconf 82' lang='grc' dir='ltr'>καὶ</span> <span class='ocrx_word' id='word_1_214' title='bbox 976 1784 1191 1836; x_wconf 79' lang='grc' dir='ltr'>μαρτυρίαν</span> <span class='ocrx_word' id='word_1_215' title='bbox 1223 1783 1494 1837; x_wconf 77' lang='grc' dir='ltr'>παράσχωμαι</span> 
     </span>
     <span class='ocr_line' id='line_1_25' title="bbox 163 1849 1494 1903; baseline 0.002 -13"><span class='ocrx_word' id='word_1_216' title='bbox 163 1851 253 1901; x_wconf 85' lang='grc' dir='ltr'>ὑμῖν</span> <span class='ocrx_word' id='word_1_217' title='bbox 283 1849 331 1890; x_wconf 88' lang='grc' dir='ltr'>δι’</span> <span class='ocrx_word' id='word_1_218' title='bbox 360 1849 580 1903; x_wconf 84' lang='grc' dir='ltr'>ἀπορρήτου</span> <span class='ocrx_word' id='word_1_219' title='bbox 611 1852 683 1902; x_wconf 80' lang='grc' dir='ltr'>μὲν</span> <span class='ocrx_word' id='word_1_220' title='bbox 719 1850 1000 1903; x_wconf 84' lang='grc' dir='ltr'>γεγενημένην,</span> <span class='ocrx_word' id='word_1_221' title='bbox 1035 1851 1139 1901; x_wconf 85' lang='grc' dir='ltr'>ὅμως</span> <span class='ocrx_word' id='word_1_222' title='bbox 1176 1852 1217 1891; x_wconf 77' lang='grc' dir='ltr'>δὲ</span> <span class='ocrx_word' id='word_1_223' title='bbox 1249 1850 1381 1893; x_wconf 81' lang='grc' dir='ltr'>αὐτοῖς</span> <span class='ocrx_word' id='word_1_224' title='bbox 1411 1854 1494 1892; x_wconf 81' lang='grc' dir='ltr'>τοῖς</span> 
     </span>
     <span class='ocr_line' id='line_1_26' title="bbox 103 1915 1493 1970; baseline -0.001 -12"><span class='ocrx_word' id='word_1_225' title='bbox 103 1937 143 1970; x_wconf 80' lang='lat'>²5</span> <span class='ocrx_word' id='word_1_226' title='bbox 164 1915 457 1970; x_wconf 85' lang='grc' dir='ltr'>πεπραγμένοις</span> <span class='ocrx_word' id='word_1_227' title='bbox 491 1916 672 1968; x_wconf 78' lang='grc' dir='ltr'>ἐπιδείξω</span> <span class='ocrx_word' id='word_1_228' title='bbox 710 1919 888 1970; x_wconf 69' lang='grc' dir='ltr'>φανερὰν</span> <span class='ocrx_word' id='word_1_229' title='bbox 929 1918 1053 1958; x_wconf 72' lang='grc' dir='ltr'>οὖσαν</span> <span class='ocrx_word' id='word_1_230' title='bbox 1096 1916 1216 1967; x_wconf 75' lang='grc' dir='ltr'>αὐτὴν</span> <span class='ocrx_word' id='word_1_231' title='bbox 1252 1918 1315 1958; x_wconf 84' lang='grc' dir='ltr'>καὶ</span> <span class='ocrx_word' id='word_1_232' title='bbox 1351 1918 1493 1968; x_wconf 86' lang='grc' dir='ltr'>ἀληθῆ.</span> 
     </span>
     <span class='ocr_line' id='line_1_27' title="bbox 164 1983 1561 2037; baseline -0.001 -13"><span class='ocrx_word' id='word_1_233' title='bbox 164 1983 217 2026; x_wconf 85' lang='grc' dir='ltr'>ὡς</span> <span class='ocrx_word' id='word_1_234' title='bbox 251 1986 326 2037; x_wconf 77' lang='grc' dir='ltr'>γὰρ</span> <span class='ocrx_word' id='word_1_235' title='bbox 363 1983 521 2037; x_wconf 86' lang='grc' dir='ltr'>ἐγένετο</span> <span class='ocrx_word' id='word_1_236' title='bbox 556 1985 603 2024; x_wconf 80' lang='grc' dir='ltr'>τὰ</span> <span class='ocrx_word' id='word_1_237' title='bbox 641 1986 725 2037; x_wconf 78' lang='grc' dir='ltr'>ἱερὰ</span> <span class='ocrx_word' id='word_1_238' title='bbox 760 1988 882 2024; x_wconf 82' lang='grc' dir='ltr'>ταῦτα</span> <span class='ocrx_word' id='word_1_239' title='bbox 918 1985 981 2026; x_wconf 82' lang='grc' dir='ltr'>καὶ</span> <span class='ocrx_word' id='word_1_240' title='bbox 1008 1983 1219 2035; x_wconf 86' lang='grc' dir='ltr'>ἀνέβησαν</span> <span class='ocrx_word' id='word_1_241' title='bbox 1252 1986 1306 2027; x_wconf 85' lang='grc' dir='ltr'>εἰς</span> <span class='ocrx_word' id='word_1_242' title='bbox 1333 1984 1494 2037; x_wconf 75' lang='grc' dir='ltr'>’Ἄρειον</span> <span class='ocrx_word' id='word_1_243' title='bbox 1515 1990 1561 2024; x_wconf 89' lang='grc'>80</span> 
     </span>
     <span class='ocr_line' id='line_1_28' title="bbox 164 2049 1494 2105; baseline 0.002 -13"><span class='ocrx_word' id='word_1_244' title='bbox 164 2049 294 2103; x_wconf 85' lang='grc' dir='ltr'>πάγον</span> <span class='ocrx_word' id='word_1_245' title='bbox 327 2053 364 2092; x_wconf 85' lang='grc' dir='ltr'>οἱ</span> <span class='ocrx_word' id='word_1_246' title='bbox 398 2050 513 2092; x_wconf 86' lang='grc' dir='ltr'>ἐννέα</span> <span class='ocrx_word' id='word_1_247' title='bbox 543 2051 733 2105; x_wconf 77' lang='grc' dir='ltr'>ἄρχοντες</span> <span class='ocrx_word' id='word_1_248' title='bbox 766 2056 851 2093; x_wconf 85' lang='grc' dir='ltr'>ταῖς</span> <span class='ocrx_word' id='word_1_249' title='bbox 886 2052 1148 2102; x_wconf 85' lang='grc' dir='ltr'>καθηκούσαις</span> <span class='ocrx_word' id='word_1_250' title='bbox 1180 2051 1355 2104; x_wconf 84' lang='grc' dir='ltr'>ἡμέραις,</span> <span class='ocrx_word' id='word_1_251' title='bbox 1382 2051 1494 2094; x_wconf 77' lang='grc' dir='ltr'>εὐθὺς</span> 
     </span>
     <span class='ocr_line' id='line_1_29' title="bbox 163 2117 1496 2173; baseline 0.001 -15"><span class='ocrx_word' id='word_1_252' title='bbox 163 2117 188 2170; x_wconf 84' lang='grc' dir='ltr'>ἡ</span> <span class='ocrx_word' id='word_1_253' title='bbox 212 2117 342 2169; x_wconf 81' lang='grc' dir='ltr'>βουλὴ</span> <span class='ocrx_word' id='word_1_254' title='bbox 367 2118 390 2169; x_wconf 87' lang='grc' dir='ltr'>ἡ</span> <span class='ocrx_word' id='word_1_255' title='bbox 417 2119 460 2159; x_wconf 86' lang='grc' dir='ltr'>ἐν</span> <span class='ocrx_word' id='word_1_256' title='bbox 483 2117 622 2173; x_wconf 79' lang='grc' dir='ltr'>Ἀρείῳ</span> <span class='ocrx_word' id='word_1_257' title='bbox 648 2118 775 2173; x_wconf 79' lang='grc' dir='ltr'>πάγῳ,</span> <span class='ocrx_word' id='word_1_258' title='bbox 803 2119 937 2171; x_wconf 83' lang='grc' dir='ltr'>ὥσπερ</span> <span class='ocrx_word' id='word_1_259' title='bbox 967 2120 1030 2160; x_wconf 85' lang='grc' dir='ltr'>καὶ</span> <span class='ocrx_word' id='word_1_260' title='bbox 1062 2118 1194 2159; x_wconf 82' lang='grc' dir='ltr'>τᾶλλα</span> <span class='ocrx_word' id='word_1_261' title='bbox 1225 2122 1378 2159; x_wconf 78' lang='grc' dir='ltr'>πολλοῦ</span> <span class='ocrx_word' id='word_1_262' title='bbox 1405 2117 1496 2169; x_wconf 80' lang='grc' dir='ltr'>ἀξία</span> 
     </span>
     <span class='ocr_line' id='line_1_30' title="bbox 211 2226 1493 2270; baseline 0 -12"><span class='ocrx_word' id='word_1_263' title='bbox 211 2238 231 2266; x_wconf 89' lang='lat'>4</span> <span class='ocrx_word' id='word_1_264' title='bbox 255 2230 340 2260; x_wconf 81' lang='grc' dir='ltr'>δυοῖν</span> <span class='ocrx_word' id='word_1_265' title='bbox 355 2228 465 2258; x_wconf 84' lang='lat' dir='ltr'>codex</span> <span class='ocrx_word' id='word_1_266' title='bbox 480 2227 582 2259; x_wconf 82' lang='lat' dir='ltr'><strong>Coisl.</strong></span> <span class='ocrx_word' id='word_1_267' title='bbox 599 2238 683 2268; x_wconf 87' lang='lat'>339:</span> <span class='ocrx_word' id='word_1_268' title='bbox 708 2231 792 2260; x_wconf 84' lang='grc' dir='ltr'>δυεῖν</span> <span class='ocrx_word' id='word_1_269' title='bbox 805 2233 883 2261; x_wconf 84' lang='lat' dir='ltr'><strong>cett.</strong></span> <span class='ocrx_word' id='word_1_270' title='bbox 991 2239 1008 2267; x_wconf 94' lang='lat'><strong>7</strong></span> <span class='ocrx_word' id='word_1_271' title='bbox 1033 2229 1217 2270; x_wconf 79' lang='grc' dir='ltr'>ἵεροκηρυκα</span> <span class='ocrx_word' id='word_1_272' title='bbox 1233 2228 1336 2267; x_wconf 63' lang='lat' dir='ltr'><strong>vulg„</strong></span> <span class='ocrx_word' id='word_1_273' title='bbox 1353 2227 1438 2259; x_wconf 89' lang='lat' dir='ltr'><strong>cf.1</strong></span> <span class='ocrx_word' id='word_1_274' title='bbox 1452 2226 1493 2258; x_wconf 88' lang='lat' dir='ltr'>G.</span> 
     </span>
     <span class='ocr_line' id='line_1_31' title="bbox 165 2269 1498 2314; baseline 0.002 -14"><span class='ocrx_word' id='word_1_275' title='bbox 165 2270 207 2300; x_wconf 86' lang='lat' dir='ltr'>vii</span> <span class='ocrx_word' id='word_1_276' title='bbox 225 2272 298 2303; x_wconf 85' lang='lat'>228.</span> <span class='ocrx_word' id='word_1_277' title='bbox 316 2272 356 2309; x_wconf 90' lang='lat'>8;</span> <span class='ocrx_word' id='word_1_278' title='bbox 383 2281 455 2309; x_wconf 81' lang='lat'><strong>231.</strong></span> <span class='ocrx_word' id='word_1_279' title='bbox 473 2273 536 2310; x_wconf 87' lang='lat'>38:</span> <span class='ocrx_word' id='word_1_280' title='bbox 560 2273 642 2312; x_wconf 77' lang='grc' dir='ltr'>ἱερὸν</span> <span class='ocrx_word' id='word_1_281' title='bbox 658 2272 778 2314; x_wconf 79' lang='grc' dir='ltr'>κήρυκα</span> <span class='ocrx_word' id='word_1_282' title='bbox 795 2272 819 2303; x_wconf 86' lang='lat' dir='ltr'>S</span> <span class='ocrx_word' id='word_1_283' title='bbox 937 2273 957 2302; x_wconf 93' lang='lat'><strong>8</strong></span> <span class='ocrx_word' id='word_1_284' title='bbox 980 2274 1114 2313; x_wconf 79' lang='grc' dir='ltr'>γεραρὰς</span> <span class='ocrx_word' id='word_1_285' title='bbox 1132 2272 1171 2303; x_wconf 89' lang='lat' dir='ltr'>cf.</span> <span class='ocrx_word' id='word_1_286' title='bbox 1191 2273 1232 2302; x_wconf 77' lang='lat' dir='ltr'>ad</span> <span class='ocrx_word' id='word_1_287' title='bbox 1252 2275 1268 2310; x_wconf 79' lang='lat'>§</span> <span class='ocrx_word' id='word_1_288' title='bbox 1293 2282 1331 2310; x_wconf 83' lang='lat'>73</span> <span class='ocrx_word' id='word_1_289' title='bbox 1403 2269 1498 2314; x_wconf 79' lang='grc' dir='ltr'>(τὰς)</span> 
     </span>
     <span class='ocr_line' id='line_1_32' title="bbox 165 2313 1496 2354; baseline 0.002 -10"><span class='ocrx_word' id='word_1_290' title='bbox 165 2313 279 2344; x_wconf 88' lang='lat' dir='ltr'><strong>addidi</strong></span> <span class='ocrx_word' id='word_1_291' title='bbox 381 2324 418 2353; x_wconf 86' lang='lat'>13</span> <span class='ocrx_word' id='word_1_292' title='bbox 443 2321 640 2347; x_wconf 85' lang='grc' dir='ltr'><strong>ΓΕΡΑΙΡΩΝ</strong></span> <span class='ocrx_word' id='word_1_293' title='bbox 656 2317 753 2346; x_wconf 90' lang='lat' dir='ltr'><strong>codd.</strong></span> <span class='ocrx_word' id='word_1_294' title='bbox 848 2325 886 2354; x_wconf 90' lang='lat'>14</span> <span class='ocrx_word' id='word_1_295' title='bbox 909 2330 946 2347; x_wconf 78' lang='grc' dir='ltr'>τε</span> <span class='ocrx_word' id='word_1_296' title='bbox 962 2317 1038 2346; x_wconf 83' lang='lat' dir='ltr'>add.</span> <span class='ocrx_word' id='word_1_297' title='bbox 1054 2316 1216 2346; x_wconf 67' lang='lat' dir='ltr'>Schaefer</span> <span class='ocrx_word' id='word_1_298' title='bbox 1308 2324 1346 2354; x_wconf 88' lang='lat'>15</span> <span class='ocrx_word' id='word_1_299' title='bbox 1370 2316 1496 2347; x_wconf 86' lang='grc' dir='ltr'>Θεοινια</span> 
     </span>
     <span class='ocr_line' id='line_1_33' title="bbox 148 2356 1496 2400; baseline 0.001 -12"><span class='ocrx_word' id='word_1_300' title='bbox 148 2356 224 2388; x_wconf 85' lang='lat' dir='ltr'>&#39;Yr</span> <span class='ocrx_word' id='word_1_301' title='bbox 245 2358 423 2398; x_wconf 60' lang='lat' dir='ltr'>Harpocr„</span> <span class='ocrx_word' id='word_1_302' title='bbox 451 2359 558 2391; x_wconf 85' lang='lat' dir='ltr'><strong>Bekk.</strong></span> <span class='ocrx_word' id='word_1_303' title='bbox 582 2359 711 2391; x_wconf 89' lang='lat' dir='ltr'><strong>Anecd.</strong></span> <span class='ocrx_word' id='word_1_304' title='bbox 740 2360 812 2398; x_wconf 89' lang='lat'>264.</span> <span class='ocrx_word' id='word_1_305' title='bbox 840 2361 885 2390; x_wconf 88' lang='lat'>6:</span> <span class='ocrx_word' id='word_1_306' title='bbox 915 2359 1052 2400; x_wconf 82' lang='grc' dir='ltr'>Θεόγνια</span> <span class='ocrx_word' id='word_1_307' title='bbox 1078 2359 1101 2390; x_wconf 83' lang='lat' dir='ltr'>S</span> <span class='ocrx_word' id='word_1_308' title='bbox 1116 2359 1177 2397; x_wconf 83' lang='lat' dir='ltr'>FQ</span> <span class='ocrx_word' id='word_1_309' title='bbox 1313 2360 1350 2388; x_wconf 86' lang='lat'>16</span> <span class='ocrx_word' id='word_1_310' title='bbox 1373 2361 1496 2399; x_wconf 84' lang='grc' dir='ltr'>γεραρῶ</span> 
     </span>
     <span class='ocr_line' id='line_1_34' title="bbox 167 2401 1495 2444; baseline -0.001 -13"><span class='ocrx_word' id='word_1_311' title='bbox 167 2401 303 2432; x_wconf 84' lang='lat' dir='ltr'>Dobree</span> <span class='ocrx_word' id='word_1_312' title='bbox 318 2413 325 2432; x_wconf 78' lang='grc' dir='ltr'>ε</span> <span class='ocrx_word' id='word_1_313' title='bbox 355 2403 490 2444; x_wconf 75' lang='grc' dir='ltr'>γεραίρω</span> <span class='ocrx_word' id='word_1_314' title='bbox 505 2402 602 2433; x_wconf 92' lang='lat' dir='ltr'><strong>codd.</strong></span> <span class='ocrx_word' id='word_1_315' title='bbox 705 2403 746 2434; x_wconf 81' lang='grc' dir='ltr'>τὰ</span> <span class='ocrx_word' id='word_1_316' title='bbox 761 2413 826 2434; x_wconf 90' lang='lat' dir='ltr'>om.</span> <span class='ocrx_word' id='word_1_317' title='bbox 846 2403 871 2433; x_wconf 84' lang='lat' dir='ltr'>S</span> <span class='ocrx_word' id='word_1_318' title='bbox 992 2413 1033 2432; x_wconf 86' lang='lat'>22</span> <span class='ocrx_word' id='word_1_319' title='bbox 1060 2402 1205 2443; x_wconf 81' lang='grc' dir='ltr'>ὁρώσαις]</span> <span class='ocrx_word' id='word_1_320' title='bbox 1219 2404 1352 2443; x_wconf 81' lang='grc' dir='ltr'>δρώσαις</span> <span class='ocrx_word' id='word_1_321' title='bbox 1368 2401 1495 2432; x_wconf 84' lang='lat' dir='ltr'>Reiske</span> 
     </span>
    </p>
   </div>
   <div class='ocr_carea' id='block_1_7' title="bbox 167 2444 1494 2530">
    <p class='ocr_par' dir='ltr' id='par_1_10' title="bbox 167 2444 1494 2530">
     <span class='ocr_line' id='line_1_35' title="bbox 168 2444 1494 2488; baseline 0.002 -14"><span class='ocrx_word' id='word_1_322' title='bbox 168 2454 209 2483; x_wconf 88' lang='lat'>24</span> <span class='ocrx_word' id='word_1_323' title='bbox 239 2446 458 2485; x_wconf 74' lang='grc' dir='ltr'>γεγενημένην</span> <span class='ocrx_word' id='word_1_324' title='bbox 486 2446 575 2484; x_wconf 86' lang='lat' dir='ltr'><strong>vulg.</strong></span> <span class='ocrx_word' id='word_1_325' title='bbox 610 2445 634 2477; x_wconf 90' lang='lat' dir='ltr'>S</span> <span class='ocrx_word' id='word_1_326' title='bbox 666 2455 776 2477; x_wconf 65' lang='lat' dir='ltr'><strong>corn:</strong></span> <span class='ocrx_word' id='word_1_327' title='bbox 799 2444 1024 2488; x_wconf 85' lang='grc' dir='ltr'>γεγενημένων</span> <span class='ocrx_word' id='word_1_328' title='bbox 1052 2446 1090 2477; x_wconf 59' lang='grc' dir='ltr'>Ξῑ</span> <span class='ocrx_word' id='word_1_329' title='bbox 1235 2456 1275 2484; x_wconf 83' lang='grc'>25</span> <span class='ocrx_word' id='word_1_330' title='bbox 1299 2447 1349 2477; x_wconf 80' lang='grc' dir='ltr'>καὶ</span> <span class='ocrx_word' id='word_1_331' title='bbox 1382 2447 1437 2477; x_wconf 83' lang='grc' dir='ltr'>οὐκ</span> <span class='ocrx_word' id='word_1_332' title='bbox 1467 2444 1494 2475; x_wconf 86' lang='lat' dir='ltr'><strong>F</strong></span> 
     </span>
     <span class='ocr_line' id='line_1_36' title="bbox 167 2488 540 2530; baseline -0.003 -10"><span class='ocrx_word' id='word_1_333' title='bbox 167 2497 209 2526; x_wconf 88' lang='lat'>27</span> <span class='ocrx_word' id='word_1_334' title='bbox 232 2488 317 2530; x_wconf 81' lang='grc' dir='ltr'>ταῖς]</span> <span class='ocrx_word' id='word_1_335' title='bbox 336 2491 370 2521; x_wconf 88' lang='grc' dir='ltr'>ἐν</span> <span class='ocrx_word' id='word_1_336' title='bbox 384 2492 454 2522; x_wconf 80' lang='grc' dir='ltr'>ταῖς</span> <span class='ocrx_word' id='word_1_337' title='bbox 470 2488 496 2519; x_wconf 92' lang='lat' dir='ltr'>F</span> <span class='ocrx_word' id='word_1_338' title='bbox 509 2488 540 2527; x_wconf 83' lang='lat' dir='ltr'>Q</span> 
     </span>
    </p>
   </div>
  </div>
 </body>
</html>
