<?xml version="1.0" encoding="UTF-8"?>
<!DOCTYPE html PUBLIC "-//W3C//DTD XHTML 1.0 Transitional//EN"
    "http://www.w3.org/TR/xhtml1/DTD/xhtml1-transitional.dtd">
<html xmlns="http://www.w3.org/1999/xhtml" xml:lang="en" lang="en">
 <head>
  <title>
</title>
<meta http-equiv="Content-Type" content="text/html;charset=utf-8" />
  <meta name='ocr-system' content='tesseract 3.04.00' />
  <meta name='ocr-capabilities' content='ocr_page ocr_carea ocr_par ocr_line ocrx_word'/>
</head>
<body>
  <div class='ocr_page' id='page_1' title='image "./orationesrecog03demouoft_0423.png"; bbox 0 0 1746 2774; ppageno 0'>
   <div class='ocr_carea' id='block_1_1' title="bbox 503 131 1101 170">
    <p class='ocr_par' dir='ltr' id='par_1_1' title="bbox 503 131 1101 170">
     <span class='ocr_line' id='line_1_1' title="bbox 503 131 1101 170; baseline 0 -2"><span class='ocrx_word' id='word_1_1' title='bbox 503 132 541 168; x_wconf 91' lang='grc' dir='ltr'>Π</span> <span class='ocrx_word' id='word_1_2' title='bbox 552 131 623 168; x_wconf 89' lang='grc' dir='ltr'>ΡΟ</span> <span class='ocrx_word' id='word_1_3' title='bbox 633 131 668 168; x_wconf 93' lang='grc' dir='ltr'>Ο</span> <span class='ocrx_word' id='word_1_4' title='bbox 682 131 746 168; x_wconf 85' lang='grc' dir='ltr'>[Μ</span> <span class='ocrx_word' id='word_1_5' title='bbox 759 131 772 167; x_wconf 82' lang='grc' dir='ltr'>Ι</span> <span class='ocrx_word' id='word_1_6' title='bbox 784 131 830 168; x_wconf 79' lang='grc' dir='ltr'>Α.</span> <span class='ocrx_word' id='word_1_7' title='bbox 901 136 1101 170; x_wconf 85' lang='lat' dir='ltr'><strong>LIII—LV</strong></span> 
     </span>
    </p>
   </div>
   <div class='ocr_carea' id='block_1_2' title="bbox 1124 229 1200 243">
    <p class='ocr_par' dir='ltr' id='par_1_2' title="bbox 1124 229 1200 243">
     <span class='ocr_line' id='line_1_2' title="bbox 1124 229 1200 243; baseline -0.013 -1"><span class='ocrx_word' id='word_1_8' title='bbox 1124 229 1154 243; x_wconf 66' lang='lat' dir='ltr'>&#39;x&#39;</span> <span class='ocrx_word' id='word_1_9' title='bbox 1192 233 1200 241; x_wconf 56' lang='lat' dir='ltr'>u</span> 
     </span>
    </p>
   </div>
   <div class='ocr_carea' id='block_1_3' title="bbox 98 227 1463 821">
    <p class='ocr_par' dir='ltr' id='par_1_3' title="bbox 136 227 1463 489">
     <span class='ocr_line' id='line_1_3' title="bbox 138 227 1463 282; baseline -0.001 -10"><span class='ocrx_word' id='word_1_10' title='bbox 138 231 207 272; x_wconf 88' lang='grc' dir='ltr'>καί</span> <span class='ocrx_word' id='word_1_11' title='bbox 238 229 326 272; x_wconf 84' lang='grc' dir='ltr'>ποτ’</span> <span class='ocrx_word' id='word_1_12' title='bbox 360 231 526 272; x_wconf 84' lang='grc' dir='ltr'>ἐλπίσαι</span> <span class='ocrx_word' id='word_1_13' title='bbox 557 230 784 282; x_wconf 78' lang='grc' dir='ltr'>μετέδωκαν</span> <span class='ocrx_word' id='word_1_14' title='bbox 807 231 911 281; x_wconf 83' lang='grc' dir='ltr'>ὑμῖν,</span> <span class='ocrx_word' id='word_1_15' title='bbox 939 233 1084 281; x_wconf 83' lang='grc' dir='ltr'>λαβεῖν</span> <span class='ocrx_word' id='word_1_16' title='bbox 1122 243 1140 269; x_wconf 91' lang='grc' dir='ltr'>ο</span> <span class='ocrx_word' id='word_1_17' title='bbox 1187 227 1211 281; x_wconf 90' lang='grc' dir='ltr'>ὴ</span> <span class='ocrx_word' id='word_1_18' title='bbox 1239 229 1463 280; x_wconf 80' lang='grc' dir='ltr'>κτήσασθαι</span> 
     </span>
     <span class='ocr_line' id='line_1_4' title="bbox 137 296 1462 356; baseline 0.001 -18"><span class='ocrx_word' id='word_1_19' title='bbox 137 304 185 356; x_wconf 86' lang='grc' dir='ltr'>τῇ</span> <span class='ocrx_word' id='word_1_20' title='bbox 222 299 338 339; x_wconf 89' lang='grc' dir='ltr'>πόλει</span> <span class='ocrx_word' id='word_1_21' title='bbox 368 299 507 350; x_wconf 82' lang='grc' dir='ltr'>κυρίως</span> <span class='ocrx_word' id='word_1_22' title='bbox 541 297 691 350; x_wconf 85' lang='grc' dir='ltr'>ἀγαθὸν</span> <span class='ocrx_word' id='word_1_23' title='bbox 722 297 834 338; x_wconf 81' lang='grc' dir='ltr'>οὐδὲν</span> <span class='ocrx_word' id='word_1_24' title='bbox 867 296 916 338; x_wconf 79' lang='grc' dir='ltr'>ἂν</span> <span class='ocrx_word' id='word_1_25' title='bbox 948 297 1175 348; x_wconf 86' lang='grc' dir='ltr'>βούλοιντο.</span> <span class='ocrx_word' id='word_1_26' title='bbox 1247 296 1273 353; x_wconf 81' lang='grc' dir='ltr'><em>ᾗ</em></span> <span class='ocrx_word' id='word_1_27' title='bbox 1303 299 1377 350; x_wconf 71' lang='grc' dir='ltr'>γὰρ</span> <span class='ocrx_word' id='word_1_28' title='bbox 1413 297 1462 339; x_wconf 75' lang='grc' dir='ltr'>ἂν</span> 
     </span>
     <span class='ocr_line' id='line_1_5' title="bbox 136 364 1459 421; baseline -0.001 -15"><span class='ocrx_word' id='word_1_29' title='bbox 136 364 260 419; x_wconf 77' lang='grc' dir='ltr'>ἡμέρᾳ</span> <span class='ocrx_word' id='word_1_30' title='bbox 285 367 353 415; x_wconf 84' lang='grc' dir='ltr'>τῆς</span> <span class='ocrx_word' id='word_1_31' title='bbox 377 366 470 405; x_wconf 93' lang='grc' dir='ltr'>λίαν</span> <span class='ocrx_word' id='word_1_32' title='bbox 495 365 717 417; x_wconf 79' lang='grc' dir='ltr'>ἀρρωστίας</span> <span class='ocrx_word' id='word_1_33' title='bbox 744 365 1016 417; x_wconf 83' lang='grc' dir='ltr'>ἀπαλλαγῆτε,</span> <span class='ocrx_word' id='word_1_34' title='bbox 1037 365 1164 421; x_wconf 30' lang='grc' dir='ltr'>,ταύτῃ</span> <span class='ocrx_word' id='word_1_35' title='bbox 1193 365 1354 407; x_wconf 75' lang='grc' dir='ltr'>τούτους</span> <span class='ocrx_word' id='word_1_36' title='bbox 1380 365 1459 405; x_wconf 82' lang='grc' dir='ltr'>οὐδ’</span> 
     </span>
     <span class='ocr_line' id='line_1_6' title="bbox 137 431 1460 489; baseline 0.001 -18"><span class='ocrx_word' id='word_1_37' title='bbox 137 432 304 484; x_wconf 83' lang='grc' dir='ltr'>ὁρῶντες</span> <span class='ocrx_word' id='word_1_38' title='bbox 341 431 543 483; x_wconf 76' lang='grc' dir='ltr'>ἀνέξεσθε.</span> <span class='ocrx_word' id='word_1_39' title='bbox 616 436 684 473; x_wconf 69' lang='grc' dir='ltr'>νῦν</span> <span class='ocrx_word' id='word_1_40' title='bbox 713 434 754 473; x_wconf 79' lang='grc' dir='ltr'>δὲ</span> <span class='ocrx_word' id='word_1_41' title='bbox 788 435 943 489; x_wconf 77' lang='grc' dir='ltr'>δραχμῇ</span> <span class='ocrx_word' id='word_1_42' title='bbox 978 432 1041 472; x_wconf 86' lang='grc' dir='ltr'>καὶ</span> <span class='ocrx_word' id='word_1_43' title='bbox 1069 431 1137 485; x_wconf 76' lang='grc' dir='ltr'>χοὶ·</span> <span class='ocrx_word' id='word_1_44' title='bbox 1163 432 1224 472; x_wconf 85' lang='grc' dir='ltr'>καὶ</span> <span class='ocrx_word' id='word_1_45' title='bbox 1248 432 1460 483; x_wconf 86' lang='grc' dir='ltr'>τέτταρσιν</span> 
     </span>
    </p>

    <p class='ocr_par' dir='ltr' id='par_1_4' title="bbox 98 498 1460 821">
     <span class='ocr_line' id='line_1_7' title="bbox 98 498 1458 551; baseline -0.002 -10"><span class='ocrx_word' id='word_1_46' title='bbox 98 509 115 541; x_wconf 90' lang='grc'>5</span> <span class='ocrx_word' id='word_1_47' title='bbox 136 500 302 551; x_wconf 84' lang='grc' dir='ltr'>ὀβολοῖς</span> <span class='ocrx_word' id='word_1_48' title='bbox 327 499 461 551; x_wconf 81' lang='grc' dir='ltr'>ὥσπερ</span> <span class='ocrx_word' id='word_1_49' title='bbox 488 500 732 539; x_wconf 74' lang='grc' dir='ltr'>ἀσθενοῦντα</span> <span class='ocrx_word' id='word_1_50' title='bbox 758 498 826 539; x_wconf 83' lang='grc' dir='ltr'>τὸν</span> <span class='ocrx_word' id='word_1_51' title='bbox 853 501 975 551; x_wconf 83' lang='grc' dir='ltr'>δῆμον</span> <span class='ocrx_word' id='word_1_52' title='bbox 1000 498 1219 551; x_wconf 76' lang='grc' dir='ltr'>διάγουσιν,</span> <span class='ocrx_word' id='word_1_53' title='bbox 1247 499 1458 550; x_wconf 82' lang='grc' dir='ltr'>ὁμοιότατ’,</span> 
     </span>
     <span class='ocr_line' id='line_1_8' title="bbox 136 565 1460 619; baseline 0 -12"><span class='ocrx_word' id='word_1_54' title='bbox 136 565 165 607; x_wconf 71' lang='grc' dir='ltr'>ὦ</span> <span class='ocrx_word' id='word_1_55' title='bbox 191 566 328 619; x_wconf 84' lang='grc' dir='ltr'>ἄνδρες</span> <span class='ocrx_word' id='word_1_56' title='bbox 347 566 561 617; x_wconf 82' lang='grc' dir='ltr'>Ἀθηναῖοι,</span> <span class='ocrx_word' id='word_1_57' title='bbox 589 570 671 607; x_wconf 86' lang='grc' dir='ltr'>τοῖς</span> <span class='ocrx_word' id='word_1_58' title='bbox 695 565 801 617; x_wconf 82' lang='grc' dir='ltr'>παρὰ</span> <span class='ocrx_word' id='word_1_59' title='bbox 827 570 905 606; x_wconf 84' lang='grc' dir='ltr'>τῶν</span> <span class='ocrx_word' id='word_1_60' title='bbox 937 567 1077 618; x_wconf 84' lang='grc' dir='ltr'>ἰατρῶν</span> <span class='ocrx_word' id='word_1_61' title='bbox 1112 568 1256 608; x_wconf 80' lang='grc' dir='ltr'>σιτίοις</span> <span class='ocrx_word' id='word_1_62' title='bbox 1286 567 1460 607; x_wconf 86' lang='grc' dir='ltr'>διδόντες</span> 
     </span>
     <span class='ocr_line' id='line_1_9' title="bbox 135 631 1460 690; baseline -0.001 -16"><span class='ocrx_word' id='word_1_63' title='bbox 135 635 237 685; x_wconf 82' lang='grc' dir='ltr'>ὑμῖν.</span> <span class='ocrx_word' id='word_1_64' title='bbox 310 634 372 674; x_wconf 86' lang='grc' dir='ltr'>καὶ</span> <span class='ocrx_word' id='word_1_65' title='bbox 390 634 466 686; x_wconf 76' lang='grc' dir='ltr'>γὰρ</span> <span class='ocrx_word' id='word_1_66' title='bbox 486 632 601 674; x_wconf 80' lang='grc' dir='ltr'>ἐκεῖν’</span> <span class='ocrx_word' id='word_1_67' title='bbox 623 632 702 674; x_wconf 81' lang='grc' dir='ltr'>οὔτ’</span> <span class='ocrx_word' id='word_1_68' title='bbox 725 633 845 687; x_wconf 74' lang='grc' dir='ltr'>ἰσχὺν</span> <span class='ocrx_word' id='word_1_69' title='bbox 863 634 1066 684; x_wconf 85' lang='grc' dir='ltr'>ἐντίθησιν</span> <span class='ocrx_word' id='word_1_70' title='bbox 1086 632 1167 672; x_wconf 79' lang='grc' dir='ltr'>οὔτ’</span> <span class='ocrx_word' id='word_1_71' title='bbox 1191 631 1460 690; x_wconf 81' lang='grc' dir='ltr'>ἀποθνῄσκειν</span> 
     </span>
     <span class='ocr_line' id='line_1_10' title="bbox 135 699 1458 755; baseline 0 -14"><span class='ocrx_word' id='word_1_72' title='bbox 135 702 189 755; x_wconf 75' lang='grc' dir='ltr'>ε’ᾇ,</span> <span class='ocrx_word' id='word_1_73' title='bbox 217 700 280 741; x_wconf 92' lang='grc' dir='ltr'>καὶ</span> <span class='ocrx_word' id='word_1_74' title='bbox 304 699 410 741; x_wconf 83' lang='grc' dir='ltr'>ταῦτ’</span> <span class='ocrx_word' id='word_1_75' title='bbox 437 699 515 740; x_wconf 77' lang='grc' dir='ltr'>οὔτ’</span> <span class='ocrx_word' id='word_1_76' title='bbox 549 701 799 753; x_wconf 82' lang='grc' dir='ltr'>ἀπογνόντας</span> <span class='ocrx_word' id='word_1_77' title='bbox 831 700 933 741; x_wconf 79' lang='grc' dir='ltr'>ἄλλο</span> <span class='ocrx_word' id='word_1_78' title='bbox 964 717 1002 742; x_wconf 87' lang='grc' dir='ltr'>τι</span> <span class='ocrx_word' id='word_1_79' title='bbox 1030 701 1165 753; x_wconf 76' lang='grc' dir='ltr'>μεῖζον</span> <span class='ocrx_word' id='word_1_80' title='bbox 1190 700 1374 754; x_wconf 85' lang='grc' dir='ltr'>πράττειν</span> <span class='ocrx_word' id='word_1_81' title='bbox 1401 702 1458 755; x_wconf 71' lang='grc' dir='ltr'>ἐᾷ,</span> 
     </span>
     <span class='ocr_line' id='line_1_11' title="bbox 134 766 722 821; baseline 0 -13"><span class='ocrx_word' id='word_1_82' title='bbox 134 766 212 809; x_wconf 82' lang='grc' dir='ltr'>οὔτ’</span> <span class='ocrx_word' id='word_1_83' title='bbox 238 767 320 808; x_wconf 80' lang='grc' dir='ltr'>αὔτ’</span> <span class='ocrx_word' id='word_1_84' title='bbox 347 767 523 821; x_wconf 79' lang='grc' dir='ltr'>ἐξαρκεῖν</span> <span class='ocrx_word' id='word_1_85' title='bbox 549 768 722 809; x_wconf 85' lang='grc' dir='ltr'>δύναται.</span> 
     </span>
    </p>
   </div>
   <div class='ocr_carea' id='block_1_4' title="bbox 76 901 834 942">
    <p class='ocr_par' dir='ltr' id='par_1_5' title="bbox 76 901 834 942">
     <span class='ocr_line' id='line_1_12' title="bbox 76 901 834 942; baseline -0.007 0"><span class='ocrx_word' id='word_1_86' title='bbox 76 919 116 942; x_wconf 93' lang='lat'>10</span> <span class='ocrx_word' id='word_1_87' title='bbox 756 901 834 937; x_wconf 65' lang='lat' dir='ltr'>NA</span> 
     </span>
    </p>
   </div>
   <div class='ocr_carea' id='block_1_5' title="bbox 71 985 1461 2371">
    <p class='ocr_par' dir='ltr' id='par_1_6' title="bbox 132 985 1461 1244">
     <span class='ocr_line' id='line_1_13' title="bbox 201 985 1458 1039; baseline 0 -12"><span class='ocrx_word' id='word_1_88' title='bbox 201 988 276 1028; x_wconf 87' lang='grc' dir='ltr'>Καὶ</span> <span class='ocrx_word' id='word_1_89' title='bbox 310 988 472 1034; x_wconf 87' lang='grc' dir='ltr'>δίκαιον,</span> <span class='ocrx_word' id='word_1_90' title='bbox 501 985 530 1028; x_wconf 74' lang='grc' dir='ltr'><em>ὦ</em></span> <span class='ocrx_word' id='word_1_91' title='bbox 563 986 700 1039; x_wconf 78' lang='grc' dir='ltr'>ἄνδρες</span> <span class='ocrx_word' id='word_1_92' title='bbox 725 986 942 1038; x_wconf 78' lang='grc' dir='ltr'>Ἀθηναῖοι,</span> <span class='ocrx_word' id='word_1_93' title='bbox 979 987 1041 1027; x_wconf 85' lang='grc' dir='ltr'>καὶ</span> <span class='ocrx_word' id='word_1_94' title='bbox 1081 986 1200 1028; x_wconf 84' lang='grc' dir='ltr'>καλὸν</span> <span class='ocrx_word' id='word_1_95' title='bbox 1238 987 1300 1028; x_wconf 88' lang='grc' dir='ltr'>καὶ</span> <span class='ocrx_word' id='word_1_96' title='bbox 1337 1004 1458 1027; x_wconf 88' lang='grc' dir='ltr'>σπου-</span> 
     </span>
     <span class='ocr_line' id='line_1_14' title="bbox 133 1054 1461 1107; baseline 0.002 -12"><span class='ocrx_word' id='word_1_97' title='bbox 133 1059 256 1102; x_wconf 89' lang='grc' dir='ltr'>δαῖον,</span> <span class='ocrx_word' id='word_1_98' title='bbox 283 1055 378 1107; x_wconf 85' lang='grc' dir='ltr'>ὅπερ</span> <span class='ocrx_word' id='word_1_99' title='bbox 402 1055 512 1105; x_wconf 82' lang='grc' dir='ltr'>ὑμεῖς</span> <span class='ocrx_word' id='word_1_100' title='bbox 537 1055 710 1101; x_wconf 86' lang='grc' dir='ltr'>εἰώθατε,</span> <span class='ocrx_word' id='word_1_101' title='bbox 741 1054 803 1095; x_wconf 83' lang='grc' dir='ltr'>καὶ</span> <span class='ocrx_word' id='word_1_102' title='bbox 826 1055 927 1106; x_wconf 78' lang='grc' dir='ltr'>ἡμᾶς</span> <span class='ocrx_word' id='word_1_103' title='bbox 952 1059 1151 1107; x_wconf 78' lang='grc' dir='ltr'>προνοεῖν,</span> <span class='ocrx_word' id='word_1_104' title='bbox 1171 1055 1279 1097; x_wconf 84' lang='grc' dir='ltr'>ὅπως</span> <span class='ocrx_word' id='word_1_105' title='bbox 1297 1056 1346 1095; x_wconf 79' lang='grc' dir='ltr'>τὰ</span> <span class='ocrx_word' id='word_1_106' title='bbox 1366 1055 1461 1107; x_wconf 81' lang='grc' dir='ltr'>πρὸς</span> 
     </span>
     <span class='ocr_line' id='line_1_15' title="bbox 132 1121 1461 1175; baseline 0 -13"><span class='ocrx_word' id='word_1_107' title='bbox 132 1122 222 1165; x_wconf 83' lang='grc' dir='ltr'>τοὺς</span> <span class='ocrx_word' id='word_1_108' title='bbox 260 1122 371 1163; x_wconf 83' lang='grc' dir='ltr'>θεοὺς</span> <span class='ocrx_word' id='word_1_109' title='bbox 412 1121 591 1173; x_wconf 83' lang='grc' dir='ltr'>εὐσεβῶς</span> <span class='ocrx_word' id='word_1_110' title='bbox 640 1121 731 1173; x_wconf 82' lang='grc' dir='ltr'>ἕξει.</span> <span class='ocrx_word' id='word_1_111' title='bbox 802 1122 825 1173; x_wconf 87' lang='grc' dir='ltr'>ἡ</span> <span class='ocrx_word' id='word_1_112' title='bbox 866 1124 938 1173; x_wconf 81' lang='grc' dir='ltr'>μὲν</span> <span class='ocrx_word' id='word_1_113' title='bbox 977 1122 1044 1162; x_wconf 71' lang='grc' dir='ltr'>οὖν</span> <span class='ocrx_word' id='word_1_114' title='bbox 1084 1121 1254 1174; x_wconf 89' lang='grc' dir='ltr'>ἡμετέρα</span> <span class='ocrx_word' id='word_1_115' title='bbox 1295 1121 1461 1175; x_wconf 88' lang='grc' dir='ltr'>γέγονεν</span> 
     </span>
     <span class='ocr_line' id='line_1_16' title="bbox 134 1187 1461 1244; baseline -0.001 -13"><span class='ocrx_word' id='word_1_116' title='bbox 134 1187 325 1241; x_wconf 78' lang='grc' dir='ltr'>ἐπιμέλει’</span> <span class='ocrx_word' id='word_1_117' title='bbox 345 1190 435 1240; x_wconf 85' lang='grc' dir='ltr'>ὑμῖν</span> <span class='ocrx_word' id='word_1_118' title='bbox 455 1190 509 1231; x_wconf 86' lang='grc' dir='ltr'>εἰς</span> <span class='ocrx_word' id='word_1_119' title='bbox 528 1188 628 1230; x_wconf 87' lang='grc' dir='ltr'>δέον·</span> <span class='ocrx_word' id='word_1_120' title='bbox 656 1190 719 1229; x_wconf 89' lang='grc' dir='ltr'>καὶ</span> <span class='ocrx_word' id='word_1_121' title='bbox 740 1190 814 1242; x_wconf 80' lang='grc' dir='ltr'>γὰρ</span> <span class='ocrx_word' id='word_1_122' title='bbox 840 1189 1038 1240; x_wconf 83' lang='grc' dir='ltr'>ἐθύσαμεν</span> <span class='ocrx_word' id='word_1_123' title='bbox 1063 1193 1114 1243; x_wconf 77' lang='grc' dir='ltr'>τῷ</span> <span class='ocrx_word' id='word_1_124' title='bbox 1142 1190 1210 1230; x_wconf 83' lang='grc' dir='ltr'>Διὶ</span> <span class='ocrx_word' id='word_1_125' title='bbox 1236 1193 1287 1244; x_wconf 77' lang='grc' dir='ltr'>τῷ</span> <span class='ocrx_word' id='word_1_126' title='bbox 1314 1192 1461 1242; x_wconf 85' lang='grc' dir='ltr'>σωτῆρι</span> 
     </span>
    </p>

    <p class='ocr_par' dir='ltr' id='par_1_7' title="bbox 74 1255 1461 1579">
     <span class='ocr_line' id='line_1_17' title="bbox 74 1255 1461 1313; baseline 0 -17"><span class='ocrx_word' id='word_1_127' title='bbox 74 1274 111 1306; x_wconf 89' lang='lat'>15</span> <span class='ocrx_word' id='word_1_128' title='bbox 134 1257 196 1298; x_wconf 83' lang='grc' dir='ltr'>καὶ</span> <span class='ocrx_word' id='word_1_129' title='bbox 220 1262 268 1313; x_wconf 82' lang='grc' dir='ltr'>τῇ</span> <span class='ocrx_word' id='word_1_130' title='bbox 291 1255 442 1311; x_wconf 76' lang='grc' dir='ltr'>Ἀθηνᾷ</span> <span class='ocrx_word' id='word_1_131' title='bbox 467 1256 530 1297; x_wconf 81' lang='grc' dir='ltr'>καὶ</span> <span class='ocrx_word' id='word_1_132' title='bbox 558 1262 605 1313; x_wconf 80' lang='grc' dir='ltr'>τῇ</span> <span class='ocrx_word' id='word_1_133' title='bbox 636 1257 754 1313; x_wconf 73' lang='grc' dir='ltr'>ΊΝίκῃ,</span> <span class='ocrx_word' id='word_1_134' title='bbox 784 1256 845 1296; x_wconf 84' lang='grc' dir='ltr'>καὶ</span> <span class='ocrx_word' id='word_1_135' title='bbox 870 1255 1036 1309; x_wconf 74' lang='grc' dir='ltr'>γέγονεν,</span> <span class='ocrx_word' id='word_1_136' title='bbox 1068 1258 1171 1296; x_wconf 80' lang='grc' dir='ltr'>καλὰ</span> <span class='ocrx_word' id='word_1_137' title='bbox 1197 1257 1261 1297; x_wconf 83' lang='grc' dir='ltr'>καὶ</span> <span class='ocrx_word' id='word_1_138' title='bbox 1286 1255 1461 1308; x_wconf 86' lang='grc' dir='ltr'>σωτήρια</span> 
     </span>
     <span class='ocr_line' id='line_1_18' title="bbox 131 1323 1460 1380; baseline -0.001 -16"><span class='ocrx_word' id='word_1_139' title='bbox 131 1323 239 1365; x_wconf 78' lang='grc' dir='ltr'>ταῦθ’</span> <span class='ocrx_word' id='word_1_140' title='bbox 258 1324 348 1375; x_wconf 84' lang='grc' dir='ltr'>ὑμῖν</span> <span class='ocrx_word' id='word_1_141' title='bbox 367 1325 416 1364; x_wconf 79' lang='grc' dir='ltr'>τὰ</span> <span class='ocrx_word' id='word_1_142' title='bbox 435 1323 530 1375; x_wconf 82' lang='grc' dir='ltr'>ἱερά.</span> <span class='ocrx_word' id='word_1_143' title='bbox 585 1323 783 1375; x_wconf 85' lang='grc' dir='ltr'>ἐθύσαμεν</span> <span class='ocrx_word' id='word_1_144' title='bbox 802 1326 844 1365; x_wconf 82' lang='grc' dir='ltr'>δὲ</span> <span class='ocrx_word' id='word_1_145' title='bbox 865 1325 927 1364; x_wconf 84' lang='grc' dir='ltr'>καὶ</span> <span class='ocrx_word' id='word_1_146' title='bbox 943 1329 990 1380; x_wconf 79' lang='grc' dir='ltr'>τῇ</span> <span class='ocrx_word' id='word_1_147' title='bbox 1008 1327 1154 1364; x_wconf 88' lang='grc' dir='ltr'>Πειθοῖ</span> <span class='ocrx_word' id='word_1_148' title='bbox 1168 1323 1230 1363; x_wconf 85' lang='grc' dir='ltr'>καὶ</span> <span class='ocrx_word' id='word_1_149' title='bbox 1255 1329 1302 1380; x_wconf 82' lang='grc' dir='ltr'>τῇ</span> <span class='ocrx_word' id='word_1_150' title='bbox 1328 1324 1460 1375; x_wconf 81' lang='grc' dir='ltr'>Μητρὶ</span> 
     </span>
     <span class='ocr_line' id='line_1_19' title="bbox 131 1390 1457 1445; baseline -0.001 -13"><span class='ocrx_word' id='word_1_151' title='bbox 131 1395 210 1432; x_wconf 80' lang='grc' dir='ltr'>τῶν</span> <span class='ocrx_word' id='word_1_152' title='bbox 239 1393 338 1431; x_wconf 80' lang='grc' dir='ltr'>θεῶν</span> <span class='ocrx_word' id='word_1_153' title='bbox 369 1390 432 1430; x_wconf 83' lang='grc' dir='ltr'>καὶ</span> <span class='ocrx_word' id='word_1_154' title='bbox 461 1395 513 1445; x_wconf 82' lang='grc' dir='ltr'>τῷ</span> <span class='ocrx_word' id='word_1_155' title='bbox 540 1390 784 1437; x_wconf 86' lang='grc' dir='ltr'>Ἀπόλλωνι,</span> <span class='ocrx_word' id='word_1_156' title='bbox 813 1391 875 1431; x_wconf 87' lang='grc' dir='ltr'>καὶ</span> <span class='ocrx_word' id='word_1_157' title='bbox 900 1393 1207 1443; x_wconf 74' lang='grc' dir='ltr'>ἐκαλλιεροῦμεν</span> <span class='ocrx_word' id='word_1_158' title='bbox 1234 1391 1296 1431; x_wconf 80' lang='grc' dir='ltr'>καὶ</span> <span class='ocrx_word' id='word_1_159' title='bbox 1327 1393 1457 1431; x_wconf 83' lang='grc' dir='ltr'>ταῦτα.</span> 
     </span>
     <span class='ocr_line' id='line_1_20' title="bbox 132 1457 1458 1510; baseline -0.001 -12"><span class='ocrx_word' id='word_1_160' title='bbox 132 1458 179 1509; x_wconf 83' lang='grc' dir='ltr'>ἧν</span> <span class='ocrx_word' id='word_1_161' title='bbox 206 1457 239 1498; x_wconf 89' lang='grc' dir='ltr'>δ’</span> <span class='ocrx_word' id='word_1_162' title='bbox 268 1458 358 1509; x_wconf 83' lang='grc' dir='ltr'>ὑμῖν</span> <span class='ocrx_word' id='word_1_163' title='bbox 389 1458 451 1498; x_wconf 85' lang='grc' dir='ltr'>καὶ</span> <span class='ocrx_word' id='word_1_164' title='bbox 480 1458 528 1497; x_wconf 77' lang='grc' dir='ltr'>τὰ</span> <span class='ocrx_word' id='word_1_165' title='bbox 564 1462 644 1499; x_wconf 89' lang='grc' dir='ltr'>τοῖς</span> <span class='ocrx_word' id='word_1_166' title='bbox 681 1457 821 1500; x_wconf 80' lang='grc' dir='ltr'>ἄλλοις</span> <span class='ocrx_word' id='word_1_167' title='bbox 858 1460 963 1500; x_wconf 87' lang='grc' dir='ltr'>θεοῖς</span> <span class='ocrx_word' id='word_1_168' title='bbox 997 1458 1152 1499; x_wconf 82' lang='grc' dir='ltr'>τυθένθ’</span> <span class='ocrx_word' id='word_1_169' title='bbox 1187 1457 1258 1509; x_wconf 80' lang='grc' dir='ltr'>ἱέρ’</span> <span class='ocrx_word' id='word_1_170' title='bbox 1290 1458 1458 1510; x_wconf 85' lang='grc' dir='ltr'>ἀσφαλῆ</span> 
     </span>
     <span class='ocr_line' id='line_1_21' title="bbox 132 1524 1460 1579; baseline -0.001 -13"><span class='ocrx_word' id='word_1_171' title='bbox 132 1525 194 1566; x_wconf 90' lang='grc' dir='ltr'>καὶ</span> <span class='ocrx_word' id='word_1_172' title='bbox 218 1524 372 1577; x_wconf 86' lang='grc' dir='ltr'>βέβαια</span> <span class='ocrx_word' id='word_1_173' title='bbox 397 1524 458 1565; x_wconf 84' lang='grc' dir='ltr'>καὶ</span> <span class='ocrx_word' id='word_1_174' title='bbox 484 1525 585 1565; x_wconf 82' lang='grc' dir='ltr'>καλὰ</span> <span class='ocrx_word' id='word_1_175' title='bbox 611 1525 673 1565; x_wconf 86' lang='grc' dir='ltr'>καὶ</span> <span class='ocrx_word' id='word_1_176' title='bbox 698 1524 884 1577; x_wconf 84' lang='grc' dir='ltr'>σωτήρια.</span> <span class='ocrx_word' id='word_1_177' title='bbox 960 1524 1121 1579; x_wconf 78' lang='grc' dir='ltr'>δέχεσθ’</span> <span class='ocrx_word' id='word_1_178' title='bbox 1148 1525 1215 1565; x_wconf 70' lang='grc' dir='ltr'>οὖν</span> <span class='ocrx_word' id='word_1_179' title='bbox 1244 1526 1348 1577; x_wconf 79' lang='grc' dir='ltr'>παρὰ</span> <span class='ocrx_word' id='word_1_180' title='bbox 1381 1529 1460 1566; x_wconf 81' lang='grc' dir='ltr'>τῶν</span> 
     </span>
    </p>

    <p class='ocr_par' dir='ltr' id='par_1_8' title="bbox 72 1591 634 1645">
     <span class='ocr_line' id='line_1_22' title="bbox 72 1591 634 1645; baseline -0.004 -11"><span class='ocrx_word' id='word_1_181' title='bbox 72 1611 113 1633; x_wconf 79' lang='lat'>20</span> <span class='ocrx_word' id='word_1_182' title='bbox 133 1596 232 1634; x_wconf 88' lang='grc' dir='ltr'>θεῶν</span> <span class='ocrx_word' id='word_1_183' title='bbox 256 1593 444 1633; x_wconf 88' lang='grc' dir='ltr'>διδόντων</span> <span class='ocrx_word' id='word_1_184' title='bbox 467 1591 634 1645; x_wconf 83' lang='grc' dir='ltr'>τάγαθά.</span> 
     </span>
    </p>

    <p class='ocr_par' dir='ltr' id='par_1_9' title="bbox 749 1709 823 1745">
     <span class='ocr_line' id='line_1_23' title="bbox 749 1709 823 1745; baseline 0 0"><span class='ocrx_word' id='word_1_185' title='bbox 749 1709 823 1745; x_wconf 76' lang='lat' dir='ltr'>NE</span> 
     </span>
    </p>

    <p class='ocr_par' dir='ltr' id='par_1_10' title="bbox 130 1794 1459 1984">
     <span class='ocr_line' id='line_1_24' title="bbox 188 1794 1457 1850; baseline 0 -13"><span class='ocrx_word' id='word_1_186' title='bbox 188 1794 275 1839; x_wconf 64' lang='lat' dir='ltr'>⁴³&#39;Hv</span> <span class='ocrx_word' id='word_1_187' title='bbox 297 1812 368 1842; x_wconf 83' lang='grc' dir='ltr'>τις,</span> <span class='ocrx_word' id='word_1_188' title='bbox 388 1795 439 1839; x_wconf 84' lang='grc' dir='ltr'>ὡς</span> <span class='ocrx_word' id='word_1_189' title='bbox 455 1795 594 1843; x_wconf 87' lang='grc' dir='ltr'>ἔοικεν,</span> <span class='ocrx_word' id='word_1_190' title='bbox 616 1796 758 1850; x_wconf 82' lang='grc' dir='ltr'>χρόνος</span> <span class='ocrx_word' id='word_1_191' title='bbox 778 1795 868 1848; x_wconf 83' lang='grc' dir='ltr'>παρ’</span> <span class='ocrx_word' id='word_1_192' title='bbox 893 1796 995 1848; x_wconf 81' lang='grc' dir='ltr'>ὑμῖν,</span> <span class='ocrx_word' id='word_1_193' title='bbox 1025 1795 1053 1837; x_wconf 74' lang='grc' dir='ltr'>ὦ</span> <span class='ocrx_word' id='word_1_194' title='bbox 1080 1796 1215 1849; x_wconf 81' lang='grc' dir='ltr'>ἄνδρες</span> <span class='ocrx_word' id='word_1_195' title='bbox 1241 1796 1457 1847; x_wconf 81' lang='grc' dir='ltr'>Ἀθηναῖοι,</span> 
     </span>
     <span class='ocr_line' id='line_1_25' title="bbox 131 1862 1459 1917; baseline 0.002 -14"><span class='ocrx_word' id='word_1_196' title='bbox 131 1862 187 1903; x_wconf 81' lang='grc' dir='ltr'>ὅτ’</span> <span class='ocrx_word' id='word_1_197' title='bbox 217 1862 487 1917; x_wconf 81' lang='grc' dir='ltr'>ἐπηνάγκαζεν</span> <span class='ocrx_word' id='word_1_198' title='bbox 520 1864 540 1903; x_wconf 88' lang='grc' dir='ltr'>ὁ</span> <span class='ocrx_word' id='word_1_199' title='bbox 570 1866 703 1915; x_wconf 87' lang='grc' dir='ltr'>δῆμος,</span> <span class='ocrx_word' id='word_1_200' title='bbox 735 1862 781 1904; x_wconf 82' lang='grc' dir='ltr'>ὃν</span> <span class='ocrx_word' id='word_1_201' title='bbox 815 1863 1024 1915; x_wconf 81' lang='grc' dir='ltr'>ἄνθρωπον</span> <span class='ocrx_word' id='word_1_202' title='bbox 1057 1865 1134 1904; x_wconf 88' lang='grc' dir='ltr'>’ίδοι</span> <span class='ocrx_word' id='word_1_203' title='bbox 1167 1864 1360 1916; x_wconf 84' lang='grc' dir='ltr'>σώφρονα</span> <span class='ocrx_word' id='word_1_204' title='bbox 1397 1866 1459 1905; x_wconf 84' lang='grc' dir='ltr'>καὶ</span> 
     </span>
     <span class='ocr_line' id='line_1_26' title="bbox 130 1930 1459 1984; baseline 0.001 -13"><span class='ocrx_word' id='word_1_205' title='bbox 130 1931 322 1984; x_wconf 85' lang='grc' dir='ltr'>χρηστόν,</span> <span class='ocrx_word' id='word_1_206' title='bbox 360 1930 546 1983; x_wconf 86' lang='grc' dir='ltr'>πράττειν</span> <span class='ocrx_word' id='word_1_207' title='bbox 582 1932 631 1971; x_wconf 80' lang='grc' dir='ltr'>τὰ</span> <span class='ocrx_word' id='word_1_208' title='bbox 668 1932 780 1971; x_wconf 80' lang='grc' dir='ltr'>κοινὰ</span> <span class='ocrx_word' id='word_1_209' title='bbox 816 1931 880 1971; x_wconf 88' lang='grc' dir='ltr'>καὶ</span> <span class='ocrx_word' id='word_1_210' title='bbox 917 1930 1067 1984; x_wconf 78' lang='grc' dir='ltr'>ἄρχειν,</span> <span class='ocrx_word' id='word_1_211' title='bbox 1106 1931 1150 1972; x_wconf 83' lang='grc' dir='ltr'>οὐ</span> <span class='ocrx_word' id='word_1_212' title='bbox 1194 1930 1340 1972; x_wconf 83' lang='grc' dir='ltr'>σπάνει</span> <span class='ocrx_word' id='word_1_213' title='bbox 1382 1936 1459 1972; x_wconf 85' lang='grc' dir='ltr'>τῶν</span> 
     </span>
    </p>

    <p class='ocr_par' dir='ltr' id='par_1_11' title="bbox 71 1997 1460 2185">
     <span class='ocr_line' id='line_1_27' title="bbox 71 1997 1460 2052; baseline 0 -14"><span class='ocrx_word' id='word_1_214' title='bbox 71 2016 108 2047; x_wconf 80' lang='lat'>25</span> <span class='ocrx_word' id='word_1_215' title='bbox 129 2003 245 2039; x_wconf 85' lang='grc' dir='ltr'>τοῦτο</span> <span class='ocrx_word' id='word_1_216' title='bbox 281 1997 541 2049; x_wconf 84' lang='grc' dir='ltr'>βουλομένων</span> <span class='ocrx_word' id='word_1_217' title='bbox 583 2002 710 2039; x_wconf 88' lang='grc' dir='ltr'>ποιεῖν</span> <span class='ocrx_word' id='word_1_218' title='bbox 744 1997 888 2048; x_wconf 86' lang='grc' dir='ltr'>(πάντα</span> <span class='ocrx_word' id='word_1_219' title='bbox 929 1999 1004 2050; x_wconf 75' lang='grc' dir='ltr'>γὰρ</span> <span class='ocrx_word' id='word_1_220' title='bbox 1046 1997 1160 2039; x_wconf 79' lang='grc' dir='ltr'>τᾶλλ’</span> <span class='ocrx_word' id='word_1_221' title='bbox 1205 1998 1347 2052; x_wconf 81' lang='grc' dir='ltr'>εὐτυχῆ</span> <span class='ocrx_word' id='word_1_222' title='bbox 1388 1998 1460 2049; x_wconf 77' lang='grc' dir='ltr'>τὴν</span> 
     </span>
     <span class='ocr_line' id='line_1_28' title="bbox 131 2064 1457 2118; baseline 0.001 -13"><span class='ocrx_word' id='word_1_223' title='bbox 131 2066 250 2105; x_wconf 89' lang='grc' dir='ltr'>πόλιν</span> <span class='ocrx_word' id='word_1_224' title='bbox 276 2066 430 2117; x_wconf 88' lang='grc' dir='ltr'>κρίνων,</span> <span class='ocrx_word' id='word_1_225' title='bbox 459 2065 501 2106; x_wconf 85' lang='grc' dir='ltr'>ἓν</span> <span class='ocrx_word' id='word_1_226' title='bbox 525 2064 703 2106; x_wconf 82' lang='grc' dir='ltr'>οὐδέποτ’</span> <span class='ocrx_word' id='word_1_227' title='bbox 730 2065 946 2118; x_wconf 83' lang='grc' dir='ltr'>εὐτυχῆσαι</span> <span class='ocrx_word' id='word_1_228' title='bbox 975 2069 1090 2105; x_wconf 79' lang='grc' dir='ltr'>τοῦτο</span> <span class='ocrx_word' id='word_1_229' title='bbox 1121 2066 1280 2116; x_wconf 75' lang='grc' dir='ltr'>νομίζω,</span> <span class='ocrx_word' id='word_1_230' title='bbox 1309 2066 1457 2106; x_wconf 86' lang='grc' dir='ltr'>ἐπιλεί-</span> 
     </span>
     <span class='ocr_line' id='line_1_29' title="bbox 130 2131 1457 2185; baseline -0.001 -12"><span class='ocrx_word' id='word_1_231' title='bbox 130 2149 219 2173; x_wconf 86' lang='grc' dir='ltr'>πειν</span> <span class='ocrx_word' id='word_1_232' title='bbox 249 2131 368 2182; x_wconf 78' lang='grc' dir='ltr'>αὐτὴν</span> <span class='ocrx_word' id='word_1_233' title='bbox 401 2131 490 2175; x_wconf 82' lang='grc' dir='ltr'>τοὺς</span> <span class='ocrx_word' id='word_1_234' title='bbox 519 2131 568 2172; x_wconf 83' lang='grc' dir='ltr'>τὰ</span> <span class='ocrx_word' id='word_1_235' title='bbox 606 2133 716 2173; x_wconf 79' lang='grc' dir='ltr'>κοινὰ</span> <span class='ocrx_word' id='word_1_236' title='bbox 753 2135 998 2185; x_wconf 73' lang='grc' dir='ltr'>καρποῦσθαι</span> <span class='ocrx_word' id='word_1_237' title='bbox 1033 2131 1329 2183; x_wconf 83' lang='grc' dir='ltr'>βουλομένους),</span> <span class='ocrx_word' id='word_1_238' title='bbox 1363 2132 1457 2173; x_wconf 87' lang='grc' dir='ltr'>ἀλλ’</span> 
     </span>
    </p>

    <p class='ocr_par' dir='ltr' id='par_1_12' title="bbox 131 2241 1458 2371">
     <span class='ocr_line' id='line_1_30' title="bbox 174 2241 1458 2283; baseline -0.001 -9"><span class='ocrx_word' id='word_1_239' title='bbox 174 2252 193 2280; x_wconf 86' lang='grc'>3</span> <span class='ocrx_word' id='word_1_240' title='bbox 211 2241 386 2283; x_wconf 74' lang='grc' dir='ltr'>ἀρρωστίας</span> <span class='ocrx_word' id='word_1_241' title='bbox 397 2241 421 2273; x_wconf 87' lang='lat' dir='ltr'>S</span> <span class='ocrx_word' id='word_1_242' title='bbox 435 2242 460 2272; x_wconf 83' lang='lat' dir='ltr'><strong>F</strong></span> <span class='ocrx_word' id='word_1_243' title='bbox 471 2242 500 2280; x_wconf 99' lang='lat' dir='ltr'>Q</span> <span class='ocrx_word' id='word_1_244' title='bbox 515 2254 521 2273; x_wconf 77' lang='lat' dir='ltr'><em>z</em></span> <span class='ocrx_word' id='word_1_245' title='bbox 540 2243 686 2283; x_wconf 82' lang='grc' dir='ltr'>ὀρρωδίας</span> <span class='ocrx_word' id='word_1_246' title='bbox 698 2242 727 2272; x_wconf 80' lang='lat' dir='ltr'>Y</span> <span class='ocrx_word' id='word_1_247' title='bbox 744 2253 758 2272; x_wconf 88' lang='grc' dir='ltr'>ι·</span> <span class='ocrx_word' id='word_1_248' title='bbox 771 2243 800 2272; x_wconf 94' lang='lat' dir='ltr'>D</span> <span class='ocrx_word' id='word_1_249' title='bbox 815 2242 840 2273; x_wconf 94' lang='lat' dir='ltr'>C</span> <span class='ocrx_word' id='word_1_250' title='bbox 857 2242 1000 2273; x_wconf 87' lang='lat' dir='ltr'>Vindob.</span> <span class='ocrx_word' id='word_1_251' title='bbox 1014 2254 1045 2280; x_wconf 85' lang='lat'>4,</span> <span class='ocrx_word' id='word_1_252' title='bbox 1056 2243 1144 2282; x_wconf 87' lang='lat' dir='ltr'>quod</span> <span class='ocrx_word' id='word_1_253' title='bbox 1159 2242 1353 2273; x_wconf 83' lang='lat' dir='ltr'>vocabulum</span> <span class='ocrx_word' id='word_1_254' title='bbox 1369 2252 1458 2273; x_wconf 87' lang='lat' dir='ltr'>nunc</span> 
     </span>
     <span class='ocr_line' id='line_1_31' title="bbox 131 2286 1457 2326; baseline 0 -10"><span class='ocrx_word' id='word_1_255' title='bbox 131 2286 267 2325; x_wconf 85' lang='lat' dir='ltr'>quidem</span> <span class='ocrx_word' id='word_1_256' title='bbox 283 2296 446 2326; x_wconf 86' lang='lat' dir='ltr'>nusquam</span> <span class='ocrx_word' id='word_1_257' title='bbox 464 2286 498 2317; x_wconf 91' lang='lat' dir='ltr'>in</span> <span class='ocrx_word' id='word_1_258' title='bbox 514 2286 703 2316; x_wconf 80' lang='lat' dir='ltr'>Prooemiis</span> <span class='ocrx_word' id='word_1_259' title='bbox 719 2291 893 2326; x_wconf 80' lang='lat' dir='ltr'>comparet</span> <span class='ocrx_word' id='word_1_260' title='bbox 907 2298 914 2324; x_wconf 69' lang='grc' dir='ltr'><strong><em>ς</em></strong></span> <span class='ocrx_word' id='word_1_261' title='bbox 940 2286 1018 2316; x_wconf 79' lang='lat' dir='ltr'>inde</span> <span class='ocrx_word' id='word_1_262' title='bbox 1033 2290 1144 2316; x_wconf 81' lang='lat' dir='ltr'>tamen</span> <span class='ocrx_word' id='word_1_263' title='bbox 1162 2287 1274 2316; x_wconf 81' lang='lat' dir='ltr'>laudat</span> <span class='ocrx_word' id='word_1_264' title='bbox 1293 2287 1457 2325; x_wconf 84' lang='lat' dir='ltr'>Harpocr.</span> 
     </span>
     <span class='ocr_line' id='line_1_32' title="bbox 131 2329 1458 2371; baseline -0.001 -11"><span class='ocrx_word' id='word_1_265' title='bbox 131 2340 159 2360; x_wconf 85' lang='lat' dir='ltr'>s.</span> <span class='ocrx_word' id='word_1_266' title='bbox 172 2340 203 2360; x_wconf 91' lang='lat' dir='ltr'>v.</span> <span class='ocrx_word' id='word_1_267' title='bbox 223 2330 369 2371; x_wconf 80' lang='grc' dir='ltr'>ὀρρωδεῖν</span> <span class='ocrx_word' id='word_1_268' title='bbox 526 2340 561 2360; x_wconf 91' lang='lat'>11</span> <span class='ocrx_word' id='word_1_269' title='bbox 587 2331 636 2362; x_wconf 85' lang='grc' dir='ltr'>καὶ</span> <span class='ocrx_word' id='word_1_270' title='bbox 654 2335 733 2361; x_wconf 86' lang='lat' dir='ltr'><strong>ante</strong></span> <span class='ocrx_word' id='word_1_271' title='bbox 750 2331 869 2362; x_wconf 83' lang='grc' dir='ltr'>δίκαιον</span> <span class='ocrx_word' id='word_1_272' title='bbox 885 2341 950 2361; x_wconf 89' lang='lat' dir='ltr'>om.</span> <span class='ocrx_word' id='word_1_273' title='bbox 969 2329 999 2368; x_wconf 90' lang='lat' dir='ltr'>Q</span> <span class='ocrx_word' id='word_1_274' title='bbox 1157 2331 1196 2360; x_wconf 89' lang='lat'>16</span> <span class='ocrx_word' id='word_1_275' title='bbox 1220 2329 1255 2361; x_wconf 84' lang='grc' dir='ltr'>δὲ</span> <span class='ocrx_word' id='word_1_276' title='bbox 1268 2329 1390 2359; x_wconf 84' lang='lat' dir='ltr'><strong>om.Y¹</strong></span> <span class='ocrx_word' id='word_1_277' title='bbox 1403 2340 1419 2360; x_wconf 91' lang='lat'>1·</span> <span class='ocrx_word' id='word_1_278' title='bbox 1432 2330 1458 2360; x_wconf 94' lang='lat' dir='ltr'>C</span> 
     </span>
    </p>
   </div>
   <div class='ocr_carea' id='block_1_6' title="bbox 131 2373 1457 2459">
    <p class='ocr_par' dir='ltr' id='par_1_13' title="bbox 131 2373 1457 2459">
     <span class='ocr_line' id='line_1_33' title="bbox 135 2373 1457 2414; baseline 0.002 -12"><span class='ocrx_word' id='word_1_279' title='bbox 135 2383 172 2412; x_wconf 91' lang='lat'>17</span> <span class='ocrx_word' id='word_1_280' title='bbox 196 2374 333 2404; x_wconf 82' lang='lat' dir='ltr'>tertium</span> <span class='ocrx_word' id='word_1_281' title='bbox 351 2375 401 2406; x_wconf 82' lang='grc' dir='ltr'>κὰι</span> <span class='ocrx_word' id='word_1_282' title='bbox 419 2384 484 2406; x_wconf 92' lang='lat' dir='ltr'>om.</span> <span class='ocrx_word' id='word_1_283' title='bbox 503 2373 534 2412; x_wconf 89' lang='lat' dir='ltr'>Q</span> <span class='ocrx_word' id='word_1_284' title='bbox 627 2374 666 2404; x_wconf 89' lang='lat'>18</span> <span class='ocrx_word' id='word_1_285' title='bbox 689 2373 784 2414; x_wconf 80' lang='grc' dir='ltr'>ἱερεῖα</span> <span class='ocrx_word' id='word_1_286' title='bbox 803 2373 831 2404; x_wconf 89' lang='lat' dir='ltr'><strong>Y</strong></span> <span class='ocrx_word' id='word_1_287' title='bbox 847 2373 876 2403; x_wconf 94' lang='lat' dir='ltr'>D</span> <span class='ocrx_word' id='word_1_288' title='bbox 890 2374 916 2404; x_wconf 93' lang='lat' dir='ltr'>C</span> <span class='ocrx_word' id='word_1_289' title='bbox 1007 2383 1048 2412; x_wconf 85' lang='lat'>23</span> <span class='ocrx_word' id='word_1_290' title='bbox 1064 2375 1101 2406; x_wconf 71' lang='lat' dir='ltr'>‘bu</span> <span class='ocrx_word' id='word_1_291' title='bbox 1117 2373 1230 2413; x_wconf 84' lang='grc' dir='ltr'>(ὅντιν’</span> <span class='ocrx_word' id='word_1_292' title='bbox 1246 2374 1274 2412; x_wconf 79' lang='grc' dir='ltr'>τ)</span> <span class='ocrx_word' id='word_1_293' title='bbox 1294 2374 1332 2404; x_wconf 80' lang='grc' dir='ltr'>ἂν</span> <span class='ocrx_word' id='word_1_294' title='bbox 1348 2374 1457 2414; x_wconf 63' lang='lat' dir='ltr'>codd,</span> 
     </span>
     <span class='ocr_line' id='line_1_34' title="bbox 131 2416 1399 2459; baseline 0.002 -12"><span class='ocrx_word' id='word_1_295' title='bbox 131 2417 231 2448; x_wconf 82' lang='lat' dir='ltr'>etiam</span> <span class='ocrx_word' id='word_1_296' title='bbox 249 2416 296 2448; x_wconf 86' lang='lat' dir='ltr'>F:</span> <span class='ocrx_word' id='word_1_297' title='bbox 319 2418 358 2450; x_wconf 69' lang='lat' dir='ltr'>&amp;u</span> <span class='ocrx_word' id='word_1_298' title='bbox 374 2428 439 2450; x_wconf 87' lang='lat' dir='ltr'>om.</span> <span class='ocrx_word' id='word_1_299' title='bbox 459 2417 487 2448; x_wconf 91' lang='lat' dir='ltr'>B</span> <span class='ocrx_word' id='word_1_300' title='bbox 505 2422 593 2448; x_wconf 83' lang='lat' dir='ltr'><strong>teste</strong></span> <span class='ocrx_word' id='word_1_301' title='bbox 611 2417 751 2448; x_wconf 81' lang='lat' dir='ltr'>Reiskio</span> <span class='ocrx_word' id='word_1_302' title='bbox 883 2418 925 2447; x_wconf 85' lang='lat'>26</span> <span class='ocrx_word' id='word_1_303' title='bbox 949 2418 1149 2449; x_wconf 82' lang='grc' dir='ltr'>οὐδεπώποτε</span> <span class='ocrx_word' id='word_1_304' title='bbox 1167 2427 1183 2448; x_wconf 87' lang='lat' dir='ltr'><strong>r</strong></span> <span class='ocrx_word' id='word_1_305' title='bbox 1201 2416 1399 2459; x_wconf 64' lang='lat' dir='ltr'>(Richards)</span> 
     </span>
    </p>
   </div>
   <div class='ocr_carea' id='block_1_7' title="bbox 1311 2472 1374 2504">
    <p class='ocr_par' dir='ltr' id='par_1_14' title="bbox 1311 2472 1374 2504">
     <span class='ocr_line' id='line_1_35' title="bbox 1311 2472 1374 2504; baseline -0.032 0"><span class='ocrx_word' id='word_1_306' title='bbox 1311 2472 1374 2504; x_wconf 67' lang='lat'>26*</span> 
     </span>
    </p>
   </div>
   <div class='ocr_carea' id='block_1_8' title="bbox 1484 129 1627 185">
    <p class='ocr_par' dir='ltr' id='par_1_15' title="bbox 1484 129 1627 185">
     <span class='ocr_line' id='line_1_36' title="bbox 1484 129 1627 185; baseline 0.007 -1"><span class='ocrx_word' id='word_1_307' title='bbox 1484 129 1627 185; x_wconf 86' lang='lat'><strong>[1459]</strong></span> 
     </span>
    </p>
   </div>
   <div class='ocr_carea' id='block_1_9' title="bbox 1482 501 1626 556">
    <p class='ocr_par' dir='ltr' id='par_1_16' title="bbox 1482 501 1626 556">
     <span class='ocr_line' id='line_1_37' title="bbox 1482 501 1626 556; baseline 0.007 -2"><span class='ocrx_word' id='word_1_308' title='bbox 1482 501 1626 556; x_wconf 60' lang='lat' dir='ltr'><strong>U4GO]</strong></span> 
     </span>
    </p>
   </div>
  </div>
 </body>
</html>
