1763 2778
142 120 245 174 xmn]
491 125 650 163 ΠΡΟΣ
689 125 861 163 ΜΑΚΑ
875 126 1115 163 ΡΤΑΤΟΝ
1485 128 1629 182 [1068]

143 221 270 274 πατὴρ
306 221 395 262 οὐδὲ
441 224 672 274 προσῆλθεν
717 221 762 262 τὸ
802 221 986 275 παράπαν
1024 223 1111 264 οὐδὲ
1145 223 1465 277 ἠμφεσβήτησεν

143 290 207 330 διὰ
230 291 274 330 τὸ
298 289 387 340 μηδ’
412 290 540 330 ὁτιοῦν
566 290 668 344 αὐτῷ
694 289 923 342 προσήκειν,
951 291 1014 331 καὶ
1038 295 1158 331 ταῦτα
1188 293 1230 332 ἐν
1263 292 1308 348 τῇ
1333 292 1466 345 ἡλικίᾳ

143 354 197 397 ὢν
221 357 267 413 τῇ
293 356 403 414 αὐτῇ.
465 357 590 397 καίτοι
614 361 696 398 πῶς
721 358 869 404 οἴεσθε,
892 356 921 398 ὦ
947 358 1083 411 ἄνδρες
1103 359 1297 404 δικασταί,
1318 358 1466 399 ἄτοπον
1488 363 1531 406 56

143 423 254 470 εἶναι,
280 426 348 475 τῆς
384 425 457 475 μὲν
493 423 718 476 ἐπικλήρου,
744 423 767 475 ἢ
794 423 842 474 ἦν
865 424 1006 479 Ἁγνίᾳ
1038 426 1207 478 ἀνεψιοῦ
1244 430 1336 468 παῖς
1371 425 1467 477 πρὸς

104 502 122 534 5
142 491 300 543 πατρός,
326 491 468 542 ταύτης
491 493 564 543 μὲν
587 491 847 543 μηδεπώποτε
872 492 1184 544 ἀμφισβητῆσαι
1209 494 1465 543 Θεόπομπον,

141 557 210 599 τὸν
235 560 277 599 δὲ
303 560 448 610 κλῆρον
476 561 544 599 τὸν
569 557 731 610 εΑγνίου
755 558 888 609 ἀξιοῦν
914 559 1020 614 ἔχειν
1050 562 1155 612 παρὰ
1183 560 1272 601 τοὺς
1306 561 1466 610 νόμους;

141 625 291 666 τούτων
314 625 484 679 γένοιντ’
503 625 550 666 ἂν
575 625 776 678 ἄνθρωποι
801 627 1152 680 ἀναισχυντότεροι
1171 623 1195 678 ἢ
1215 628 1465 680 μιαρώτεροι,-

142 692 418 746 ἆναγίγνωσκε
443 693 507 735 καὶ
529 692 620 735 τοὺς
645 692 800 747 ἑτέρους
824 695 979 746 νόμους.

724 792 871 819 ΝΟΜΟΙ.

83 861 122 884 10
195 850 394 898 Προειπεῖν
407 851 458 900 τῷ
475 848 570 886 κτείν
572 866 614 887 αν
616 865 650 886 τι
666 851 702 886 ἐν
719 849 837 915 ἀγορᾷ
858 852 894 886 ἐι
897 849 957 889 τὸς
977 848 1216 898 ἀνεψιότητος
1232 866 1291 886 και
1306 850 1350 886 ἀι
1353 849 1467 898 εψιοῦ,
1493 859 1531 893 57

141 903 352 942 συνδιωκειν
372 902 410 941 δὲ
430 903 490 940 καὶ
511 903 678 954 ἀνεψιοις
699 921 758 940 και
779 905 964 953 ἀνεψιῶν
953 904 1085 943 παῖδας
1106 921 1164 941 και
1189 904 1384 955 γαμβροῖς
1411 904 1469 940 καὶ
1491 895 1635 950 [1069]

141 957 336 1007 πενθεροὺς
367 957 426 995 καὶ
457 958 652 1007 φράτερας.
711 957 933 996 αἰδέσασθαι
969 958 1018 1002 δέ,
1052 959 1114 996 ἐὰν
1143 960 1211 1007 μὲν
1232 975 1366 1026 πατηρ
1392 956 1416 1008 ᾗ
1448 956 1470 1006 ὴ

142 1011 304 1061 ἀδελφὸς
336 1010 361 1061 ἦ
392 1013 492 1059 υἱεῖς,
527 1013 701 1059 ἅπαντας,
737 1011 760 1061 ὴ
793 1013 857 1050 τὸν
896 1014 1085 1050 κωλίοντα
1123 1014 1275 1062 κρατεῖι.
1334 1014 1394 1049 ἐὰν
1433 1012 1471 1050 δὲ

140 1066 280 1105 τούτων
297 1066 423 1116 μηδεὶς
443 1066 477 1118 ᾗ,
500 1067 620 1117 κτείνῃ
641 1067 679 1121 δὲ
700 1067 806 1112 ἄκων,
829 1070 946 1118 γνῶσι
968 1067 1005 1105 δὲ
1026 1069 1060 1104 οἱ
1078 1068 1304 1117 πεντήκοντα
1329 1067 1385 1104 καὶ
1409 1066 1468 1111 εἷς,

84 1130 121 1163 15
142 1123 176 1159 οἱ
206 1122 348 1171 ἐφέται,
377 1121 513 1160 ἄκοντα
547 1124 690 1168 κτεῖναι,
724 1122 891 1160 ἐσέσθων
922 1124 956 1160 οἳ
985 1123 1175 1171 φράτερες,
1207 1123 1269 1159 ἐὰν
1300 1122 1468 1169 ἐθέλωσι,

142 1175 241 1214 δέκα·
271 1175 420 1216 τούτους
450 1176 489 1214 δὲ
519 1177 554 1214 οἶ
583 1176 809 1225 πεντήκοντα
842 1176 902 1214 καὶ
933 1175 982 1216 εἷς
1014 1176 1228 1226 ἀριστίνδην
1262 1176 1466 1225 αἱρείσθων.

141 1230 203 1268 καὶ
222 1248 256 1269 οι
275 1230 453 1281 πρότερον
480 1231 681 1271 κτείναντες
699 1235 736 1269 ἐν
762 1230 854 1282 τῷδε
879 1235 928 1283 τῷ
957 1231 1082 1282 θεσμῷ
1104 1231 1308 1281 ἐνεχέσθωι
1312 1230 1470 1270 .-Τοις

141 1284 172 1323 δ’
191 1286 504 1338 ἀπογιγνομένους
524 1289 562 1324 ἐν
580 1288 655 1326 τοῖς
676 1286 813 1335 δήμοις,
836 1285 877 1324 οἰ·
881 1303 897 1327 ς
917 1285 961 1325 ἂν
984 1286 1111 1335 μηδεὶς
1137 1287 1336 1335 ἀναιρῆται,
1361 1288 1470 1336 ἐπαγ-

140 1341 343 1392 γελλέτω
327 1358 347 1379 ο
366 1340 554 1392 δήμαρχος
578 1342 655 1381 τοῖς
679 1358 939 1390 προσηκοισιν
967 1342 1127 1390 ἀναιρεῖν
1152 1340 1212 1378 καὶ
1239 1340 1390 1378 θάπτειι
1410 1356 1470 1377 και

82 1409 123 1431 20
142 1395 328 1445 καθαίρειν
345 1396 410 1434 τὸν
437 1395 564 1445 δῆμοι,
587 1397 635 1446 τῇ
661 1395 779 1447 ἡμέρᾳ
804 1394 829 1446 ᾗ
852 1395 895 1433 ἂν
916 1396 1141 1447 ἀπογένηται
1162 1396 1316 1435 ἕκαστος
1337 1396 1464 1432 αἰτῶι.

142 1451 390 1502 ἐπαγγελλειν
417 1450 456 1488 δὲ
482 1467 566 1500 περι
593 1452 661 1500 μὲν
688 1453 760 1489 τῶν
784 1450 925 1489 δοῑλων
950 1454 1000 1502 τῷ
1025 1450 1197 1501 δεσπότῃ,
1220 1467 1303 1499 περι
1332 1449 1369 1487 δὲ
1397 1452 1468 1487 τῶν
1488 1444 1531 1489 58

143 1505 342 1555 ἐλευθέρων
371 1508 447 1546 τοῖς
474 1506 520 1543 τὸ.
547 1504 707 1556 χρηματ’
737 1506 899 1556 ἔχουσιν·
929 1506 992 1543 ἐὰν
1021 1505 1059 1543 δὲ
1086 1522 1138 1554 μη
1167 1505 1191 1555 ᾐ
1217 1505 1391 1554 χρήματα
1419 1506 1468 1554 τῷ

141 1559 373 1605 ἀποθανόντι,
388 1562 465 1600 τοῖς
483 1560 717 1610 προσήκουσι
735 1563 801 1598 τοῦ
824 1559 990 1598 ἄποθαι’
960 1576 1073 1599 οντος
1093 1560 1351 1611 ἐπαγγέλλειι
1408 1559 1470 1595 ἐὰν

141 1613 180 1653 δὲ
198 1616 264 1653 τοῦ
283 1614 474 1666 δημάρχου
493 1616 785 1667 ἐπαγγείλαντος
803 1632 855 1664 μη
877 1617 1092 1664 ἀναιρῶνται
1115 1631 1149 1651 οι
1168 1630 1359 1663 προσηκοι
1360 1629 1428 1657 τες,
1450 1613 1469 1649 ὃ

82 1681 120 1713 25
139 1670 208 1719 μὲν
227 1669 415 1721 δήμαρχος
434 1670 735 1719 ἀπομισθωσάτω
756 1671 900 1707 ἀνελεῖν
920 1669 978 1706 καὶ
1000 1668 1210 1718 καταθάψαι
1235 1668 1294 1705 καὶ
1315 1667 1470 1716 καθῆραι

139 1724 205 1763 τὸν
235 1724 351 1773 δῆμον
381 1724 598 1774 αὐθημερόν,
635 1724 731 1764 ὅπως
765 1724 809 1762 ἂν
843 1724 991 1773 δύνηται
1022 1724 1228 1774 ὀλιγίστου·
1257 1724 1319 1760 ἐὰν
1349 1722 1386 1759 δὲ
1416 1721 1469 1771 μὴ

141 1779 403 1830 ἀπομισθώσῃ,
426 1780 607 1829 ὀφειλέτω
633 1780 756 1831 χιλίας
783 1779 949 1831 δραχμὰς
974 1782 1024 1830 τῷ
1045 1778 1222 1830 δημοσίω,
1280 1777 1300 1815 ὅ
1318 1793 1353 1815 τι
1377 1776 1405 1814 δ’
1425 1775 1469 1814 ἂν

184 1891 204 1921 3
229 1886 293 1916 πῶς
309 1882 398 1925 (οὐκ)
416 1883 629 1923 Rohrmann,
648 1883 688 1915 cf.
712 1883 760 1914 lix
777 1884 841 1921 28;
866 1888 980 1914 contra
997 1882 1074 1915 εἶναι
1092 1881 1155 1913 del.
1175 1881 1402 1912 Halbertsma
1421 1878 1469 1911 nil

142 1927 339 1958 mutandum
357 1932 441 1967 puto
596 1938 614 1967 5
638 1929 748 1967 μηδενὶ
764 1928 892 1959 πώποτε
909 1926 940 1957 Α
1094 1928 1115 1957 6
1140 1927 1199 1958 τὸν
1215 1926 1340 1965 Ἁγνίου
1357 1924 1381 1954 S
1401 1924 1469 1964 (me

144 1971 247 2011 teste)
268 1972 297 2001 D
314 1982 321 2002 :
344 1974 401 2003 τοῦ
418 1973 463 2004 Ἀ.
483 1970 573 2012 vulg.
681 1971 793 2010 νόμους
811 1971 952 2003 ἅπαντας
967 1970 999 2001 Α
1155 1980 1172 2009 7
1198 1970 1217 2007 ἢ
1234 1970 1417 2009 μιαρωτεροι
1436 1967 1467 1997 in

142 2025 208 2053 mg.
229 2014 254 2045 S
270 2026 287 2045 a
305 2025 355 2054 pr.
375 2026 419 2047 m.
551 2026 572 2055 9
596 2020 742 2048 ΝΟΜΟΣ
759 2014 825 2044 AF
965 2024 1004 2045 10
1027 2025 1101 2054 sqq.
1121 2013 1215 2051 leges
1233 2023 1298 2043 om.
1319 2011 1342 2042 S
1357 2011 1380 2041 F
1396 2011 1426 2049 Q
1439 2011 1469 2040 D

143 2061 326 2101 προσειπεῖν
348 2059 456 2098 codd.,
481 2068 566 2091 corr.
589 2058 715 2089 Reiske
870 2059 920 2090 καὶ
946 2059 1074 2099 ἀνεψιοῦ
1101 2057 1166 2088 del.
1194 2056 1333 2093 Reiske‚
1358 2060 1469 2085 exstat

143 2106 255 2133 tamen
274 2102 370 2135 1.G.i²
400 2113 458 2142 115
565 2113 625 2133 11-
632 2113 669 2132 12
693 2103 743 2134 καὶ
761 2102 959 2142 ἀνεψιοὺς..
979 2126 984 2132 .
1002 2101 1170 2142 πενθέρους
1185 2099 1329 2131 Voemel
1347 2098 1468 2137 lapidis

143 2146 289 2186 vestigia
315 2152 476 2178 secutus:
515 2147 566 2178 καὶ
594 2147 729 2186 ἀνεψιῶν
755 2148 868 2177 παῖδας
896 2147 946 2177 καὶ
974 2149 1139 2185 γαμβροὺς
1170 2145 1220 2176 καὶ
1247 2142 1390 2183 ἀνεψιοὺς
1417 2142 1467 2173 καὶ

143 2190 310 2231 πενθεροὺς
327 2191 376 2222 καὶ
393 2191 578 2231 ἀνεψιαδοῦς
595 2190 692 2220 codd.
809 2200 868 2218 12-
875 2199 912 2227 15
937 2189 1143 2230 φράτερας..
1165 2187 1343 2228 ,φράτερες
1361 2185 1466 2224 lapis:

144 2232 302 2274 φράτορας
319 2257 328 2265 .
346 2257 355 2266 .
375 2256 384 2265 ·
401 2233 553 2276 φράτορες
571 2234 667 2264 codd.
763 2242 802 2263 12
827 2232 1012 2264 αἰδέσασθαι
1030 2231 1065 2264 δε
1081 2231 1188 2272 lapis:
1214 2232 1267 2263 ἐὰν
1284 2229 1467 2261 αἰδεσασθαι

145 2279 194 2308 δεῖ
211 2277 309 2308 codd.
445 2287 484 2316 13
508 2277 651 2309 ἅπαντας
667 2276 774 2316 lapis·
798 2276 918 2308 πάντας
935 2276 1034 2306 codd.
1170 2284 1209 2312 14
1233 2276 1305 2314 μηδ’
1323 2272 1366 2304 εἷς
1382 2272 1466 2310 lapis

147 2329 251 2359 14—15
275 2321 326 2352 hot
345 2320 380 2361 (i.
395 2330 424 2352 e.
443 2321 486 2362 οἱ)
503 2321 588 2360 lapis
603 2332 610 2351 ε
634 2322 653 2359 ἢ
670 2321 698 2352 οἱ
714 2320 810 2351 codd.
907 2327 944 2358 15
971 2319 1110 2351 ἐσέσθων
1126 2319 1234 2357 codd.,
1254 2316 1339 2356 lapis
1354 2327 1360 2345 :
1385 2317 1464 2346 αἰδε·

145 2363 272 2396 σάσθων
285 2364 413 2395 Reiske
502 2365 529 2396 οἱ
554 2372 605 2406 φρ.
626 2364 681 2396 ἐὰν
698 2363 814 2395 θέλωσι
832 2363 908 2395 δέκα
924 2364 1020 2394 codd.
1037 2374 1043 2392 :
1065 2362 1141 2394 δέκα
1157 2363 1185 2393 οἱ
1200 2369 1251 2402 φρ.
1274 2361 1327 2392 ἐὰν
1341 2358 1465 2390 ἐθέλωσι

144 2406 232 2446 lapis
397 2409 437 2439 16
459 2408 572 2440 τούτος
588 2407 673 2447 lapis
689 2419 696 2437 ι
719 2407 843 2439 τούτοις
855 2407 950 2437 codd.
1123 2415 1163 2443 25
1188 2407 1317 2445 καθῆραι
1335 2402 1442 2433 Cobet
1458 2409 1464 2432 Ζ

144 2453 275 2493 καθᾶραι
291 2451 388 2484 codd.
523 2453 565 2482 26
588 2451 718 2490 δύνηται
735 2450 863 2481 Reiske
880 2461 887 2481 :
911 2450 1062 2483 δύνωνται
1081 2449 1176 2479 codd.
