1763 2778
140 142 219 198 mx]
557 147 719 185 ΚΑΤΑ
766 146 1038 185 ΝΕΑΙΡΑΣ
1489 138 1627 195 [1373]

140 245 366 297 πατηθέντι.
455 246 517 286 καὶ
572 246 631 286 ὅτι
679 244 784 286 ταῦτ’
833 246 962 295 ἀληθῆ
1008 243 1129 297 λέγω,
1178 245 1326 284 τούτων
1378 245 1469 295 ὑμῖν
1488 250 1534 291 84

137 312 313 366 μάρτυρα
337 312 455 353 αὐτὸν
479 312 548 353 τὸν
574 312 779 366 Θεογένην
797 316 903 352 καλῶ
931 312 994 353 καὶ
1013 310 1226 364 ἀναγκάσω
1246 314 1468 364 μαρτυρεῖν.

140 380 252 421 κάλει
273 397 343 432 μοι
366 379 570 433 Θεογένην
593 379 770 434 Ἑρχιέα.

705 489 913 516 ΜΑΡΊὝΡΙΑ.

99 547 116 579 5
191 546 374 598 Θεογένης
385 545 551 598 Ἑρχιεὺς
563 548 748 596 μαρτυρεῖ,
764 545 824 583 ὅτε
845 545 951 585 αὐτὸς
972 544 1209 593 ἐβασίλευεν,
1224 545 1342 595 γῆμαι
1362 545 1469 581 Φανὼ

137 603 185 642 ὡς
205 602 399 650 Στεφάνου
419 601 537 639 οὖσαν
558 600 751 653 θυγατέραἺ
777 600 854 639 ἐπεὶ
874 600 912 638 δὲ
932 598 1071 650 ᾔσθετο
1097 598 1381 648 ἐξηπατημένος,
1403 599 1470 647 τήν

138 673 178 694 τε
206 656 399 706 ἄνθρωπον
419 657 598 706 ἐκβαλεῖν
628 655 688 692 καὶ
715 655 836 693 οὐκέτι
866 656 1051 693 συνοικεῖν
1070 655 1177 704 αὐτῇ,
1197 653 1257 691 καὶ
1277 653 1470 701 Στέφανον

138 711 327 749 ἀπελάσαι
346 711 419 749 ἀπὸ
439 712 506 761 τῆς
524 709 722 760 παρεδρίας
742 709 802 747 καὶ
822 711 887 747 οὐκ
908 712 970 748 ἐᾶν
987 709 1038 747 ἔτι
1057 708 1292 758 παρεδρεύειν
1312 709 1422 759 αὑτῷ.

200 805 317 854 Λαβὲ
350 802 396 854 δή
433 820 500 855 μοι
535 807 603 844 τὸν
639 803 760 854 νόμον
797 799 883 854 (τὸν
939 802 1002 842 ἐπὶ
1034 801 1187 842 τούτοις
1218 801 1373 841 τουτονὶ
1409 800 1470 840 καὶ
1490 805 1532 852 85

79 883 118 906 10
137 869 349 923 ἀνάγνωθι,
371 870 419 911 ἵν’
444 872 573 922 εἰδῆτε
596 871 657 911 ὅτι
675 870 720 910 οὗ
744 870 866 921 μόνον
885 872 1087 920 προσῆκεν
1107 867 1227 918 αὐτὴν
1248 867 1471 921 ἀπέχεσθαι

137 942 214 979 τῶν
249 940 362 990 ἱερῶν
393 937 542 978 τούτων
574 937 760 988 τοιαύτην
793 936 917 977 οὖσαν
948 936 1009 976 καὶ
1041 939 1202 975 τοιαῦτα
1226 938 1469 987 διαπεπραγ-

136 1005 272 1057 μένην,
304 1007 372 1045 τοΰ
400 1006 495 1057 ὁρᾶν
531 1006 592 1046 καὶ
626 1004 732 1045 θύειν
770 1003 833 1044 καὶ
869 1006 996 1044 ποιεῖν
1029 1020 1066 1043 τι
1095 1006 1173 1043 τῶν
1205 1001 1470 1053 νομιζομένων

136 1073 236 1126 ὑπὲρ
266 1074 335 1123 τῆς
367 1073 524 1115 πόλεως
546 1073 735 1124 πατρίων,
765 1070 870 1111 ἀλλὰ
898 1070 959 1111 καὶ
984 1074 1063 1111 τῶν
1086 1069 1224 1110 ἄλλων
1250 1072 1325 1109 τῶν
1352 1067 1469 1119 Ἀθή-

138 1156 255 1191 νησιν
289 1138 487 1180 ἁπάντων.
560 1139 624 1193 ἐφ’
660 1137 685 1195 ᾗ
721 1138 795 1192 γὰρ
828 1137 876 1178 ἂν
908 1136 1048 1191 μοιχὸς
1081 1139 1164 1191 ἁλῷ
1200 1137 1367 1189 γυναικί,
1402 1136 1471 1177 οὐκ

80 1219 118 1252 15
139 1206 297 1258 ἔξεστιν
324 1206 422 1263 αὐτῇ
451 1207 585 1247 ἐλθεῖν
618 1207 673 1248 εἷς
707 1205 822 1246 οὐδὲν
852 1209 929 1246 τῶν
964 1207 1078 1257 ἱερῶν
1114 1207 1192 1244 τῶν
1227 1206 1469 1254 δημοτελῶν,
1494 1199 1632 1254 [1374]

140 1275 195 1317 εἰς
219 1274 244 1315 ἃ
269 1273 332 1314 καὶ
354 1273 425 1324 τὴν
450 1273 567 1325 ξένην
594 1273 654 1314 καὶ
679 1273 751 1323 τὴν
770 1273 918 1323 δούλην
932 1268 1097 1324 [ἐλθεῖν]
1117 1270 1302 1322 ἐξουσίαν
1326 1271 1472 1311 ἔδοσαν

139 1343 176 1383 οἱ
209 1342 323 1393 νόμοι
346 1342 410 1382 καὶ
445 1340 689 1392 θεασομένην
715 1340 778 1380 καὶ
804 1339 1089 1381 ἱκετεύσουσαν
1114 1338 1295 1379 εἰσιέναι·
1366 1338 1472 1378 ἀλλὰ
1491 1339 1537 1375 86

139 1409 277 1460 μόναις
313 1407 472 1450 ταύταις
509 1409 826 1461 ἀπαγορεύουσιν
863 1409 898 1448 οἱ
940 1407 1055 1458 νόμοι
1095 1409 1181 1448 ταῖς
1222 1403 1379 1458 γυναιξὶ
1419 1404 1471 1456 μὴ

142 1475 308 1517 εἰσιέναι
336 1477 391 1518 εἰς
415 1477 464 1516 τὰ
489 1476 574 1528 ἱερὰ
597 1477 645 1516 τὰ
671 1477 880 1526 δημοτελῆ,
910 1473 975 1526 ἐφ’
999 1471 1090 1530 ᾗᾶν
1115 1472 1255 1526 μοιχὸς
1279 1474 1377 1526 ἁλῷ,
1405 1471 1473 1512 ἐὰν

79 1557 121 1580 20
140 1543 174 1583 δ’
221 1543 381 1584 εἰσίωσι
427 1543 491 1584 καὶ
532 1545 804 1595 παρανομῶσι,
847 1542 1025 1592 νηποινεὶ
1065 1539 1242 1593 πάσχειν
1287 1541 1362 1579 ὑπὸ
1405 1542 1474 1579 τοῦ

140 1609 390 1662 βουλομένου
427 1610 448 1650 ὅ
483 1626 521 1650 τι
557 1609 603 1650 ἂν
640 1608 794 1665 πάσχῃ,
822 1608 929 1659 πλὴν
964 1606 1144 1654 θανάτου,
1178 1607 1240 1647 καὶ
1272 1605 1414 1647 ἔδωκεν
1451 1607 1472 1645 ὁ

141 1678 260 1729 νόμος
291 1677 364 1728 τὴν
398 1678 587 1729 τιμωρίαν
619 1678 715 1729 ὑπὲρ
749 1675 877 1716 αὐτῶν
901 1679 953 1730 τῷ
980 1675 1196 1727 ἐντυχόντι,
1269 1672 1332 1714 διὰ
1356 1677 1472 1714 τοῦτο

142 1744 174 1785 δ’
191 1744 378 1794 ἐποίησεν
399 1744 418 1783 ὁ
438 1744 569 1795 νόμος,
591 1743 697 1795 πλὴν
716 1742 899 1789 θανάτου,
920 1742 1051 1782 τᾶλλα
1065 1743 1332 1794 ὑβρισθεῖσαν
1351 1740 1472 1791 αὐτὴν

140 1814 319 1863 μηδαμοῦ
352 1814 498 1862 λαβεῖν
535 1812 659 1862 δίκην,
689 1812 754 1852 ἵνα
789 1810 840 1862 μὴ
873 1809 1078 1862 μιάσματα
1111 1807 1200 1859 μηδ’
1233 1806 1472 1859 ἀσεβήματα

84 1890 121 1921 ²5
141 1878 325 1931 γίγνηται
355 1879 397 1918 ἐν
426 1882 508 1921 τοῖς
540 1879 671 1931 ἱεροῖς,
709 1879 843 1919 ἱκανὸν
878 1878 1013 1930 φόβον
1044 1878 1129 1917 ταῖς
1163 1874 1318 1929 γυναιξὶ
1346 1891 1470 1927 παρα-

144 1945 344 1996 σκευάζων
362 1949 431 1985 τοῦ
451 1949 677 1998 σωφρονεῖν
698 1945 759 1985 καὶ
774 1947 897 1996 μηδὲν
916 1942 1165 1996 ἁμαρτάνειν,
1185 1942 1291 1983 ἀλλὰ
1316 1943 1473 1983 δικαίως

144 2014 345 2065 οἰκουρεῖν,
380 2012 579 2053 διδάσκων
610 2013 672 2059 ὡς,
708 2011 756 2053 ἄν
790 2028 828 2053 τι
859 2010 1011 2067 ἁμάρτῃ
1042 2013 1233 2056 τοιοῦτον,
1259 2009 1339 2060 ἅμα
1364 2010 1407 2049 ἐκ
1431 2026 1473 2049 τε

143 2082 213 2131 τῆς
237 2080 358 2120 οἰκίας
384 2083 453 2120 τοῦ
477 2079 618 2133 ἀνδρὸς
645 2078 927 2131 ἐκβεβλημένη
955 2079 1070 2120 ἔσται
1096 2077 1158 2118 καὶ
1189 2078 1231 2117 ἐκ
1255 2080 1333 2117 τῶν
1358 2078 1472 2128 ἱερῶν

186 2190 208 2220 6
232 2191 298 2221 ἐπεὶ
315 2188 350 2221 δὲ
369 2188 457 2229 vulg.
476 2200 484 2220 :
508 2191 557 2222 καὶ
576 2191 642 2221 ἐπεὶ
659 2188 694 2221 δὲ
711 2189 734 2220 S
749 2200 756 2219 :
783 2190 890 2227 ἐπειδὴ
907 2187 940 2220 δὲ
958 2199 974 2219 r
988 2188 1017 2218 D
1036 2192 1126 2218 recte
1144 2187 1219 2218 sort.
1316 2191 1470 2227 εξαπατη-

144 2246 237 2273 μενος
260 2232 284 2263 S
389 2234 409 2263 8
433 2234 598 2274 προεδρίας
622 2233 647 2264 F
666 2247 716 2274 Ὑρ.
746 2232 831 2273 Q‘yp.
960 2243 981 2272 9
1003 2232 1062 2263 τὸν
1078 2231 1192 2262 addidi
1296 2240 1334 2260 12
1357 2244 1388 2261 τι
1407 2233 1471 2261 τῶν

146 2275 355 2316 νομιζομένων
387 2276 523 2315 FQD:
545 2290 578 2308 τι
607 2280 672 2308 τῶν
702 2275 912 2316 νομιζομένων
941 2290 973 2307 τι
1004 2276 1048 2306 S:
1071 2278 1136 2307 τῶν
1166 2273 1386 2315 νομιζομένων.
1416 2273 1472 2303 Yr

149 2330 187 2358 14
212 2319 303 2351 or’ntS
317 2320 347 2350 Y
361 2330 377 2350 r
393 2331 400 2351 :
424 2319 528 2352 οὐκέτ’
542 2320 620 2359 vulg
711 2321 749 2350 16
761 2320 780 2352 ἃ
794 2319 921 2350 Reiske
936 2330 942 2350 :
965 2320 982 2351 ὃ
999 2319 1095 2349 codd.
1166 2321 1268 2350 ἐλθεῖν
1284 2317 1350 2348 del.
1371 2317 1472 2347 Hude

149 2372 188 2402 19
209 2361 231 2405 ᾗ
263 2364 317 2395 εἰὶν
348 2363 372 2394 S
391 2363 455 2401 FQ
546 2375 588 2394 20
611 2363 780 2401 vmrownS
871 2372 912 2401 23
934 2363 1044 2395 τᾶλλα
1060 2372 1126 2394 om.
1145 2361 1236 2403 DS¹‚
1256 2361 1332 2393 add.
1351 2361 1384 2391 in
1403 2370 1470 2399 mg.

147 2406 220 2438 ead.
237 2416 280 2438 m.
371 2417 411 2447 27
435 2410 582 2440 τοιοῦτον
599 2407 629 2447 Q
644 2417 709 2447 mg.
728 2417 737 2439 2
760 2407 882 2440 τούτων
899 2410 976 2439 cett.

220 2497 305 2519 14144
1342 2484 1381 2516 21
