1742 2774
156 110 259 164 me]
495 113 656 152 ΠΡΟΣ
704 112 1127 152 ΜΑΚΑΡΤΑΤΟΝ
1505 109 1643 166 [1055]

156 213 246 267 τρὸς
269 216 337 255 τοῦ
367 212 633 266 Μακαρτάτου
664 211 774 266 γένει
797 213 913 252 ὄντας
936 211 1079 265 Ἁγνίᾳ
1105 209 1301 264 ἐγγυτέρω)
1330 209 1482 262 Εὐβου-

154 282 270 332 λίδην
285 299 328 323 τε
345 280 414 322 τὸν
434 283 555 322 παῖδα
573 279 727 321 τουτονὶ
745 279 807 320 καὶ
824 278 1084 332 Φυλομάχην,
1105 279 1130 329 ἥ
1149 280 1260 319 ἐστιν
1278 276 1404 329 μήτηρ
1427 281 1481 332 τῷ

155 350 276 395 παιδί,
296 347 546 399 Εὐβουλίδου
571 350 613 389 δὲ
638 346 823 399 θυγάτηρ,
846 347 908 387 καὶ
934 345 979 386 οὐ
1001 346 1123 397 μόνον
1149 345 1257 398 γένει
1279 343 1482 397 ἐγγυτάτω

154 417 284 463 ὄντας,
311 416 418 456 ἀλλὰ
441 414 485 455 τὸ
511 413 697 467 παράπαν
723 414 815 455 οὐδὲ
837 415 934 454 ὄντα
963 412 1101 454 οὐδένα
1124 412 1341 465 ἀνθρώπων
1367 412 1409 452 ἐν
1433 412 1485 467 τῷ

115 503 134 537 5
155 484 247 538 οἴκῳ
273 483 326 539 τῷ
343 481 505 536 ζΑγνιόυ
529 482 657 522 ἄλλον
683 478 705 532 ἦ
730 480 802 532 τὴν
825 480 976 533 μητέρα
998 484 1067 520 τοῦ
1086 479 1222 520 παιδὸς
1242 480 1395 519 τουτουὶ
1422 479 1483 519 καὶ

155 549 274 592 αὐτὸν
296 553 435 592 τοῦτον
457 549 527 591 τὸν
550 552 682 595 παῖδα,
702 547 809 590 ταῦτ’
832 549 903 590 ἐὰν
930 546 1124 598 ἐπιδείξω,
1146 546 1283 599 δέομαι
1305 547 1426 598 ὑμῶν,
1453 544 1482 585 ὦ

154 617 293 671 ἄνδρες
318 618 515 664 δικασταί,
540 619 708 669 βοηθεῖν
730 616 839 668 ἡμῖν.

219 684 278 726 Τὸ
301 687 374 737 μὲν
399 685 468 726 οὖν
487 688 641 738 πρῶτον
660 682 880 735 διενοήθην,
902 681 931 724 ὦ
958 682 1096 736 ἄνδρες
1112 682 1307 729 δικασταί,
1325 679 1483 734 γράψας
1508 685 1547 720 18

155 753 196 794 ἐν
215 753 351 795 πίνακι
374 752 552 795 ἅπαντας
575 751 666 794 τοὺς
697 755 906 805 συγγενεῖς
929 750 1020 792 τοὺς
1045 750 1219 803 εΑγνίου,
1247 750 1369 790 οὕτως
1398 749 1481 789 ἐπι-

96 840 135 863 10
154 821 344 862 δεικνύειν
368 821 459 872 ὑμῖν
485 819 568 860 καθ’
590 820 772 860 ἕκαστον·
811 818 943 869 ἐπειδὴ
970 820 1011 859 δὲ
1038 818 1166 858 ἐδόκει
1188 816 1257 857 οὐκ
1280 813 1366 869 (ἂν)
1385 815 1485 856 εἶναι

156 887 203 940 ἐξ
222 889 312 930 ’ίσου
330 887 353 939 ἡ
380 888 523 940 θεωρία
547 886 674 928 ἅπασι
698 890 780 928 τοῖς
799 889 1017 933 δικασταῖς,
1038 884 1131 925 ἀλλ’
1150 886 1186 925 οἱ
1207 884 1338 937 πόρρω
1366 881 1482 933 καθή-

154 971 267 1008 μενοι
285 955 590 1001 ἀπολείπεσθαι,
608 955 825 1007 ἀναγκαῖον
839 955 939 995 ’ίσως
963 952 1076 993 ἐστὶν
1091 952 1143 1006 τῷ
1158 951 1267 1005 λόγῳ
1285 949 1484 991 διδάσκειν

155 1024 267 1075 ὑμᾶς·
304 1026 420 1064 τοῦτο
445 1024 520 1076 γὰρ
546 1020 674 1063 ἅπασι
700 1022 829 1062 κοινόν
856 1022 978 1062 ἐστιν.
1052 1019 1324 1071 πειρασόμεθα
1354 1019 1397 1058 δὲ
1423 1017 1485 1057 καὶ

153 1090 268 1142 ἡμεῖς
293 1090 345 1133 ὡς
379 1088 429 1132 ἂν
456 1088 638 1142 μάλιστα
668 1088 874 1140 δυνώμεθα
904 1089 970 1129 διὰ
1000 1085 1265 1141 βραχυτάτων
1295 1083 1485 1135 ἐπιδεῖξαι

98 1177 135 1211 15
157 1159 245 1210 περὶ
270 1161 338 1199 τοῦ
362 1157 501 1211 γένους
525 1161 594 1198 τοῦ
616 1156 790 1210 Ἃγνιόυ.

225 1225 427 1267 Βούσελος
453 1226 529 1279 γὰρ
551 1224 600 1276 ἦν
626 1223 672 1276 ἐξ
692 1226 805 1269 Οἴου,
832 1221 862 1263 ὦ
887 1223 1024 1276 ἄνδρες
1053 1220 1248 1268 δικασταί,
1277 1221 1338 1261 καὶ
1363 1219 1485 1274 τούτῳ
1509 1234 1551 1270 19

155 1292 341 1347 ἐγένοντο
366 1292 486 1336 πέντε
511 1294 620 1338 υἱεῖς,
648 1291 809 1345 ιΑγνιάς
836 1290 899 1332 καὶ
924 1290 1176 1342 Εὐβουλίδης
1207 1288 1270 1329 καὶ
1298 1288 1485 1339 Στρατίος

159 1362 221 1403 καὶ
233 1359 401 1415 “Ἀβρων
422 1361 483 1401 καὶ
510 1359 762 1412 Κλεόκριτος.
835 1359 898 1400 καὶ
922 1358 1029 1399 οὗτοι
1049 1357 1219 1399 ἅπαντες
1244 1356 1281 1397 οἱ
1304 1358 1371 1395 τοῦ
1392 1358 1486 1395 Βου-

158 1428 281 1471 σέλου
304 1429 402 1471 υἱεῖς
426 1427 564 1481 ἄνδρες
581 1426 778 1480 ἐγένοντο,
797 1426 860 1467 καὶ
885 1425 1078 1477 διένειμεν
1097 1423 1225 1466 αὐτοῖς
1251 1422 1322 1473 τὴν
1347 1421 1487 1462 οὐσίαν

98 1516 139 1540 20
159 1497 178 1536 ὁ
204 1496 332 1550 πατὴρ
356 1496 563 1539 Βούσελος
587 1494 739 1536 ἅπασιν
767 1497 896 1536 καλῶς
921 1494 984 1534 καὶ
1009 1493 1180 1539 δικαίως,
1200 1491 1336 1542 ὥσπερ
1361 1507 1484 1541 προσ-

157 1566 263 1615 ῆκεν.
336 1564 563 1617 νειμάμενοι
599 1564 641 1604 δὲ
676 1562 746 1614 τὴν
778 1562 932 1608 οὐσίαν,
969 1564 1135 1613 γυναῖκα
1163 1558 1291 1600 αὐτῶν
1320 1557 1487 1598 ἕκαστος

159 1631 304 1685 ἔγημεν
330 1633 427 1673 κατὰ
444 1631 537 1675 τοὺς
559 1631 701 1682 νόμους
715 1628 806 1672 τοὺς
824 1628 1046 1681 ὑμετέρους,
1070 1628 1132 1668 καὶ
1152 1629 1286 1667 παῖδες
1304 1623 1488 1677 ἐγένοντο
1509 1623 1651 1678 [1056]

159 1698 288 1741 αὐτοῖς
313 1699 465 1741 ἅπασιν
489 1699 553 1739 καὶ
584 1698 735 1739 παίδων
764 1700 912 1743 παῖδες,
941 1696 1004 1736 καὶ
1037 1694 1221 1748 ἐγένοντο
1246 1691 1362 1733 πέντε
1388 1690 1490 1731 οἶκοι

159 1767 202 1806 ἐκ
234 1770 302 1807 τοῦ
329 1765 534 1808 Βουσέλου
565 1767 673 1807 οἴκου
699 1764 785 1807 ἑνὸς
813 1766 940 1810 ὄντος,
969 1763 1031 1804 καὶ
1063 1762 1185 1816 χωρὶς
1209 1761 1376 1802 ἕκαστος
1401 1756 1489 1813 ᾤκει

101 1848 139 1882 25
159 1831 229 1874 τὸν
253 1835 392 1875 ἑαυτοῦ
417 1835 522 1889 ἔχων
543 1834 605 1874 καὶ
624 1833 810 1886 ἐγγόνους
836 1834 973 1873 ἑαυτοῦ
997 1829 1243 1881 ποιούμενος.
1304 1826 1391 1879 περὶ
1415 1827 1488 1876 μὲν
1509 1843 1555 1868 20

160 1899 228 1941 οὖν
251 1904 329 1942 τῶν
353 1905 471 1954 τριῶν
503 1902 692 1953 ἀδελφῶν
717 1904 795 1940 τῶν
827 1903 896 1940 τοῦ
927 1897 1132 1939 Βουσέλου
1163 1895 1291 1941 υἱέων,
1320 1893 1382 1933 καὶ
1411 1897 1488 1932 τῶν

160 1967 337 2020 ἐγγόνων
355 1972 433 2009 τῶν
458 1967 610 2011 τούτοις
629 1966 866 2020 γενομένων,
884 1967 924 2007 τί
939 1965 987 2006 ἂν
1004 1965 1081 2018 ἐγὼ
1105 1960 1165 2017 <ὴ>
1183 1964 1286 2014 ὑμῖν,
1305 1959 1334 2001 ὦ
1349 1960 1488 2011 ἄνδρες

161 2035 357 2083 δικασταί,
384 2034 598 2089 πράγματα,
626 2034 839 2089 παρέχοιμι
869 2030 893 2086 ἢ
923 2033 1087 2089 ἐμαυτῷ,
1115 2030 1375 2084 ἐξηγούμενος
1400 2027 1489 2079 περὶ

213 2153 228 2175 Ι
255 2143 417 2187 ἐγγυτέρω
433 2145 543 2187 Ἁγνίᾳ
560 2143 592 2175 Α
742 2154 762 2175 2
786 2157 822 2176 τε
838 2144 896 2176 τὸν
912 2143 1009 2174 Turr.
1031 2154 1037 2174 :
1062 2143 1094 2174 δὲ
1111 2142 1167 2174 τὸν
1184 2140 1208 2173 S
1222 2139 1252 2171 A
1266 2139 1303 2170 F¹
1316 2139 1345 2177 Q
1360 2148 1368 2169 τ
1391 2138 1448 2170 τὸν
1466 2137 1490 2168 F

164 2196 251 2218 corr·
353 2198 416 2227 3—4
443 2188 537 2220 ὄντας
557 2186 726 2229 ἐγγυτάτω
744 2188 774 2218 Α
864 2198 883 2225 4
909 2188 1069 2228 ἄνθρωπον
1086 2186 1110 2216 F
1216 2187 1237 2215 6
1260 2187 1377 2216 τοῦτον
1392 2181 1489 2213 codd.

165 2229 258 2270 (post
281 2233 378 2263 παῖδα
396 2230 481 2271 A1):
512 2233 636 2263 τουτονὶ
658 2231 757 2261 Blass
785 2232 850 2261 ‘ex
873 2231 1043 2261 constanti
1061 2229 1218 2260 Oratoris
1238 2238 1329 2258 more
1344 2228 1364 2258 '.
1386 2230 1419 2256 et
1441 2225 1490 2255 sic

164 2273 335 2312 deinceps.
473 2284 512 2304 10
535 2275 573 2306 ἂν
589 2274 666 2305 add.
688 2274 787 2304 Blass
942 2284 979 2302 12
1006 2274 1094 2304 ἐστὶν
1112 2283 1178 2303 om.
1197 2272 1240 2309 A,
1259 2271 1318 2301 sed
1336 2270 1376 2300 cs.
1396 2268 1488 2299 xlviii

168 2324 194 2353 1,
221 2315 292 2346 xliv
326 2318 364 2346 16
546 2327 588 2347 20
612 2317 771 2349 Βούσελος
798 2315 972 2354 SFQD:
995 2319 1010 2347 ὁ
1029 2321 1062 2347 Β.
1090 2316 1144 2346 A:
1179 2315 1243 2346 del.
1273 2313 1488 2344 Herwerdcn

164 2368 203 2388 21
232 2358 372 2391 ἕκαστος
390 2361 494 2391 αὐτῶν
510 2359 542 2389 Α
661 2369 768 2397 227423
793 2361 899 2391 αὐτοῖς
915 2358 1064 2399 ἐγένοντο
1082 2358 1113 2388 Α
1217 2367 1258 2395 25
1285 2356 1384 2397 ἔχων]
1404 2356 1490 2387 οἶκον

166 2401 251 2441 ἔχων
266 2401 298 2431 Α
390 2411 431 2441 25
449 2407 483 2434 et
501 2412 541 2441 27
567 2401 674 2442 ἐκγόν.
694 2401 725 2431 Α
823 2412 863 2440 27
888 2406 952 2434 τῶν
967 2401 1092 2434 τούτοις
1108 2401 1139 2432 Α
1153 2413 1160 2432 2
1185 2404 1250 2433 τῶν
1266 2411 1330 2431 om.
1344 2400 1367 2430 S
1379 2399 1403 2429 F
1416 2399 1446 2437 Q
1460 2399 1490 2428 D

164 2445 195 2476 τί
211 2444 265 2485 ἂν]
282 2458 345 2477 παν
362 2445 386 2476 S
473 2445 528 2487 (ἢ)
543 2446 620 2476 add.
643 2445 740 2475 Blass
756 2456 798 2474 ex
814 2445 907 2474 xlviii
926 2455 942 2483 7
