1763 2778
96 152 237 206 [1289]

200 400 243 435 23

99 518 224 573 [1290
228 519 242 572 j

198 1065 243 1098 24

203 1535 244 1570 25

672 145 1194 201 [ΔΗΜΟΣΘΕΝΟΎΣ]
1509 146 1588 202 [Lv1

264 254 304 292 δὲ
329 255 422 292 ναῦν
451 251 496 292 οὐ
529 253 735 305 σεσῷσθαι
771 251 826 293 εἷς
856 249 926 290 τὸν
957 252 1139 301 Πειραιᾶ.
1212 249 1308 302 πρὸς
1336 250 1506 291 ἕκαστον
1542 250 1588 300 δὴ

263 319 423 364 τούτων,
451 317 481 359 ὦ
505 318 642 370 ἄνδρες
668 318 860 362 δικασταί,
889 317 1081 356 ἀκούσατε
1107 317 1131 356 ἃ
1154 316 1326 369 λέγομεν
1351 318 1490 358 δίκαια.

331 388 497 437 Πρῶτοι·
521 387 594 435 μὲν
618 384 664 425 τὸ
686 385 854 437 ῥαγῆναι
878 383 949 433 τὴν
973 386 1068 424 ναῦν
1094 385 1190 424 ὅταν
1207 383 1321 440 λέγῃ,
1339 383 1447 435 οἶμαι
1465 387 1589 426 πᾶσιν

262 453 352 502 ὑμῖν
393 451 566 504 φανερὸν
605 451 705 491 εἶναι
742 451 802 491 ὅτι
836 451 1037 503 ψεύδεται.
1110 451 1143 491 εἰ
1177 452 1253 503 γὰρ
1288 453 1400 491 τοῦτο
1438 451 1588 502 συνέβη

631 516 723 531 ὶΙἈ
803 519 813 532 5
1285 516 1444 531 »l‘fflu

265 522 402 559 παθεῖν
427 519 473 574 τῇ
499 519 573 568 νηί,
602 536 670 558 ουτ
707 535 754 558 αν
781 534 834 559 εις
858 517 930 567 τὴν
954 516 1091 559 Ῥόδον
1105 517 1236 567 ἐσώθη
1257 535 1324 557 ουτ
1358 535 1407 558 αν
1422 535 1589 570 υστερον
1609 532 1626 563 5

264 586 432 637 πλόϊμος
456 583 517 635 ἦν.
588 587 655 626 νῦν
685 587 727 625 δὲ
757 584 940 637 φαίνεται
965 585 1020 627 εἰς
1048 584 1120 634 τὴν
1144 584 1280 625 Ῥόδον
1313 588 1491 625 σωθεῖσα
1528 585 1589 625 καὶ

264 652 386 693 πάλιν
411 653 559 692 ἐκεῖθεν
591 652 871 692 ἀποσταλεῖσα
903 652 958 693 εἷς
995 653 1196 704 Αἴγυπτον
1231 652 1294 692 καὶ
1331 651 1388 692 ἔτι
1425 653 1486 692 καὶ
1521 655 1589 692 νῦν

265 719 446 760 πλέουσα
466 719 711 772 πανταχόσε,
732 718 836 769 πλὴν
863 717 931 758 οὐκ
957 720 1010 760 εἷς
1035 717 1220 769 Ἀθήνας.
1271 719 1395 759 καίτοι
1420 723 1502 760 πῶς
1521 719 1589 759 οὐκ

263 786 424 832 ἄτοπον,
452 787 546 826 ὅταν
570 788 643 837 μὲν
667 787 722 827 εἷς
746 785 791 826 τὸ
816 785 1038 835 Ἀθηναίων
1054 786 1243 838 ἐμπόριον
1260 785 1385 842 δεήσῃ
1405 785 1589 838 κατάγειν

263 853 334 903 τὴν
373 856 480 899 ναῦν,
518 853 686 905 ῥαγῆναι
725 852 910 905 φάσκειν,
951 853 1046 893 ὅταν
1078 855 1120 893 δὲ
1157 854 1211 894 εἷς
1247 851 1316 903 τὴν
1352 853 1487 893 Ῥόδον
1522 852 1591 893 τὸν

266 923 378 961 σῖτον
405 919 626 970 ἐξελέσθαι,
653 924 864 970 τηνικαῦτα
887 922 929 961 δὲ
955 920 1127 971 πλόϊμον
1147 920 1271 960 οὖσαν
1289 921 1504 972 φαίνεσθαι
1520 919 1591 971 τὴν

263 987 383 1037 αὐτὴν
409 990 521 1033 ναῦν;

330 1056 409 1094 Διέι
434 1055 474 1094 τί
495 1053 575 1100 οῦν,
603 1054 743 1106 φησίν,
763 1052 1051 1104 ἐμισθωσάμην
1069 1053 1182 1106 ἕτερα
1196 1058 1318 1095 πλοῖα
1335 1054 1397 1095 καὶ
1413 1053 1587 1107 μετεξει-

262 1121 390 1172 λόμην
416 1121 482 1161 τὸν
507 1121 631 1174 γόμον
653 1121 713 1161 καὶ
746 1121 848 1173 δεῦρ’
875 1121 1114 1168 ἀπέστειλα;
1145 1123 1217 1168 ὅτι,
1245 1120 1274 1162 ὦ
1307 1122 1444 1174 ἄνδρες
1471 1121 1590 1172 Ἀθη-

264 1191 380 1234 ναῖοι,
409 1188 453 1244 οὐ
478 1192 556 1228 τῶν
580 1187 765 1229 ἁπάντων
798 1189 1010 1241 ἀγωγίμων
1043 1187 1124 1228 οὔθ’
1141 1188 1254 1230 οὗτος
1283 1187 1330 1238 ἦν
1357 1190 1484 1241 κύριος
1510 1188 1592 1229 οὔθ’

264 1255 286 1295 ὁ
328 1255 511 1297 κοινωνὸς
549 1255 678 1301 αὐτοῦ,
719 1253 813 1296 ἀλλ’
847 1256 885 1296 οἶ
923 1254 1112 1306 ἐπιβάται
1148 1257 1196 1296 τὰ
1226 1257 1374 1296 ἑαυτῶν
1410 1254 1593 1309 χρήματα

264 1321 514 1362 ἀπέστελλον
552 1322 659 1374 οἶμαι
697 1325 808 1374 δεῦρο
856 1323 900 1363 ἐν
944 1322 1092 1375 ἑτέροις
1130 1324 1286 1365 πλοίοις
1322 1321 1368 1372 ἐξ
1404 1322 1590 1377 ἀνάγκης,

265 1389 399 1440 ἐπειδὴ
440 1389 740 1442 προκατέλυσαν
779 1389 885 1430 οὗτοι
927 1392 995 1430 τὸν
1036 1393 1175 1431 πλοῦν·
1218 1391 1273 1431 ὧν
1309 1389 1443 1442 μέντοι
1482 1390 1592 1430 αὐτοὶ

266 1454 370 1507 ἦσαν
410 1457 544 1508 κύριοι,
584 1457 674 1498 οὐδὲ
714 1460 837 1497 ταῦτα
874 1456 1129 1497 ἀπέστελλον
1167 1457 1296 1498 πάντα
1332 1460 1455 1509 δεῦρο,
1500 1456 1592 1497 ἀλλ’

266 1523 520 1575 ἐκλεγόμενοι
559 1525 677 1564 τίνων
709 1525 750 1565 αἱ
789 1524 897 1575 τιμαὶ
932 1523 1181 1565 ἐπετέταντο.
1250 1525 1336 1564 ἐπεὶ
1375 1525 1417 1565 τί
1449 1523 1592 1574 δήποτε

265 1591 523 1641 μισθούμενοι
553 1591 666 1643 ἕτερα
695 1594 828 1637 πλοῖα,
856 1591 908 1633 ὥς
937 1596 1052 1644 φατε,
1085 1591 1159 1645 οὐχ
1188 1590 1343 1632 ἅπαντα
1370 1590 1439 1632 τὸν
1469 1593 1594 1643 γόμον

265 1659 334 1707 τῆς
366 1658 462 1699 νεὼς
496 1657 771 1709 μετενέθεσθε,
806 1659 912 1698 ἀλλὰ
939 1658 1008 1698 τὸν
1033 1662 1145 1699 σῖτον
1174 1658 1291 1698 αὐτοῦ
1327 1659 1369 1699 ἐν
1402 1663 1448 1715 τῇ
1473 1658 1592 1713 Ῥόδῳ

267 1725 517 1771 κατελίπετε;
556 1725 627 1770 ὅτι,
655 1723 684 1764 ὦ
718 1724 857 1778 ἄνδρες
885 1726 1079 1771 δικασταί,
1106 1728 1245 1766 τοῦτον
1277 1727 1350 1776 μὲν
1375 1725 1593 1778 συνέφερεν

267 1791 398 1833 αὐτοῖς
424 1792 555 1832 ἐκεῖσε
579 1795 729 1832 πωλεῖν
759 1790 844 1843 (τὰς
874 1794 950 1844 γὰρ
980 1794 1094 1843 τιμὰς
1126 1794 1195 1834 τὰς
1230 1791 1368 1833 ἐνθάδε
1394 1792 1592 1833 ἀνεικέναι

266 1857 434 1909 ἤκουον)·
471 1859 519 1898 τὰ
544 1858 576 1898 δ’
600 1858 692 1899 ἄλλ’
725 1859 907 1911 ἀγώγιμα
937 1859 987 1900 ὡς
1015 1860 1113 1910 ὑμᾶς
1146 1859 1412 1905 ἀπέστελλον,
1437 1859 1509 1911 ἀφ’
1538 1860 1592 1899 ὧν

267 1928 468 1977 κερδανεῖν
490 1924 669 1976 ἤλπιζον.
741 1926 846 1966 ὥστε
870 1925 941 1976 τὴν
971 1926 1171 1977 μίσθωσιν
1199 1930 1275 1966 τῶν
1312 1927 1464 1966 πλοίων
1498 1927 1593 1967 ὅταν

264 1991 398 2048 λέγῃς,
426 1992 471 2032 οὐ
495 1995 564 2032 τοῦ
585 1993 754 2045 ῥαγῆναι
778 1992 849 2043 τὴν
875 1997 970 2034 ναῦν
994 1993 1202 2047 τεκμήριον
1225 1992 1370 2046 λέγεις,
1393 1992 1499 2033 ἀλλὰ
1524 1997 1593 2034 τοῦ

267 2058 541 2112 συμφέροντος
566 2060 668 2111 ὑμῖν.

310 2179 329 2199 2
353 2168 512 2201 ἀκούσατε
530 2174 608 2201 ante
625 2169 648 2201 ὦ
666 2169 761 2210 ponit
776 2169 808 2200 A
941 2179 1004 2209 3-4
1029 2170 1113 2210 οἶμαι
1130 2173 1227 2203 πᾶσιν
1244 2170 1329 2211 ὑμῖν]
1348 2172 1446 2203 πᾶσιν
1461 2155 1593 2210 οἶμαιἈ

265 2214 287 2243 6
309 2213 442 2253 πλόϊμος
467 2213 564 2245 codd.
592 2213 644 2244 hic
686 2218 721 2245 et
751 2214 860 2244 infra:
895 2215 1038 2253 πλώϊμος
1072 2214 1200 2245 Reiske
1328 2223 1367 2245 10
1390 2217 1449 2253 τὴν
1473 2224 1538 2246 om.
1561 2213 1593 2242 Λ

270 2257 375 2295 18—19
398 2258 483 2288 αὐτοὶ
508 2257 593 2294 ἦσαν
617 2257 714 2297 κύριοι
740 2257 763 2287 S
779 2257 844 2296 FQ
861 2257 914 2288 D:
938 2257 1022 2296 ἦσαν
1045 2258 1142 2299 κύριοι
1171 2259 1259 2290 αὐτοί
1281 2257 1312 2287 Α
1457 2267 1497 2296 19
1521 2256 1591 2289 οὐδὲ

266 2302 366 2331 ταῦτα
391 2299 444 2330 A:
476 2302 564 2332 αὐτοὶ
593 2301 626 2332 δὲ
653 2303 688 2332 οὐ
714 2300 933 2339 ταῦταΒΡΩ
949 2301 1000 2332 D:
1024 2304 1128 2333 ταῦτα
1155 2304 1182 2332 δ’
1209 2303 1265 2333 οὐκ
1292 2300 1409 2331 Blass:
1434 2302 1468 2332 οὐ
1491 2303 1592 2332 ταῦτα

269 2342 416 2373 Dindors
489 2353 532 2373 20
547 2344 642 2375 τίνων
658 2344 752 2374 codd.
766 2356 772 2374 z
791 2347 921 2376 εἴτινων
937 2345 1086 2374 Dobree:
1112 2345 1172 2376 τιν’
1185 2343 1227 2376 ὧν
1239 2344 1374 2383 Madvig
1437 2357 1592 2375 επεταντο

267 2386 292 2417 S
382 2388 448 2418 ἐπεὶ
470 2388 502 2418 ’τί
520 2387 654 2427 δήποτε]
678 2388 786 2425 ἐπειδή
807 2401 884 2419 ποτε
906 2387 930 2418 S
1072 2397 1113 2418 22
1138 2389 1172 2418 ἐν
1194 2390 1234 2424 τῆ
1257 2388 1349 2428 Ῥόδῳ
1373 2387 1453 2418 Secl.
1480 2387 1593 2417 Naber

268 2439 308 2468 23
333 2431 539 2462 κατελείπετε
565 2430 590 2460 S
803 2441 843 2470 24
867 2433 960 2470 τιμὰς
983 2432 1040 2463 τὰς
1065 2430 1106 2469 Α,
1131 2431 1172 2461 cs.
1199 2433 1215 2469 ξ
1240 2441 1283 2470 9:
1309 2432 1401 2471 τιμὰς
1426 2430 1450 2461 S
1471 2430 1495 2460 F
1513 2430 1542 2468 Q
1562 2430 1593 2460 D

267 2475 309 2502 26
332 2475 503 2513 κερδαίνειν
521 2476 658 2510 ἔμελλον
670 2472 701 2502 Λ

1615 869 1652 890 10

1616 1203 1652 1236 Ι5

1614 1543 1653 1564 20
