1763 2778
89 139 189 193 xm]
511 143 548 179 Π
561 142 630 179 ΡΟ
640 142 670 178 Σ
717 141 749 178 A
763 142 793 177 E
803 141 840 177 Ω
851 141 884 177 x
894 142 927 177 A
938 141 964 176 P
975 141 1009 177 H
1439 133 1588 188 [1099]

90 242 157 282 οὐκ
182 242 285 293 ἦσαν
308 242 439 281 τοίνυν
464 243 598 280 παῖδες
624 239 772 293 ἐκείνῳ·
810 240 846 278 οἱ
872 238 904 277 δ’
928 254 955 282 >k
978 254 1003 283 >k
1024 240 1134 279 ὄντες
1152 239 1262 288 ἡμεῖς
1282 239 1414 289 ἐσμεν.

91 309 225 350 ἔπειτα
254 308 297 348 οὐ
328 309 478 348 δίκαιον
511 305 634 357 δήπου
666 305 735 346 τὸν
760 305 923 356 ποιητὸν
947 304 1032 345 υἱὸν
1056 305 1239 355 ποιητοὺς
1264 304 1419 357 ἑτέρους
1438 311 1482 353 63

92 375 281 428 εἰσάγειν,
309 374 401 415 ἀλλ’
429 374 729 427 ἐγκαταλείπειν
754 375 827 424 μὲν
852 371 1120 425 γιγνομένους,
1142 373 1238 412 ὅταν
1254 374 1294 412 δὲ
1315 371 1417 411 τοῦτἶ

92 444 267 499 ἐπιλίπῃ,
305 445 387 483 τοῖς
418 441 579 494 γένεσιν
615 440 844 481 ἀποδιδόναι
880 441 949 481 τὰς
987 440 1261 492 κληρονομίας·
1299 442 1419 479 ταῦτα

53 529 69 559 5
90 511 165 563 γὰρ
191 512 226 551 οἱ
251 510 363 560 νόμοι
389 508 631 549 κελεύουσιν.
701 507 786 548 ἐπεὶ
811 511 892 548 πῶς
917 507 986 547 οὐκ
1011 507 1229 547 ἐκκλείεται
1254 507 1308 548 εἶς
1332 506 1417 546 ἕκα-

92 594 186 618 στος
210 578 317 628 ὑμῶν
340 578 410 627 τῆς
435 577 533 616 κατὰ
557 574 671 628 γένος
696 576 942 629 ἀγχιστείας,
969 574 1063 614 ὅταν
1087 578 1169 616 τοῖς
1195 578 1371 624 ποιητοῖς
1395 573 1417 623 ἡ

92 644 202 684 ἄδεια
227 645 321 694 αὕτη
347 645 461 700 δοθῇς
489 644 603 696 ὁρᾶτε
627 644 702 695 γὰρ
726 643 786 682 ὅτι
810 646 894 683 ταῖς
924 642 1145 682 κολακείαις
1173 643 1209 682 οἱ
1235 644 1419 681 πλεῖστοι

91 711 450 765 ψυχαγωγούμενοι
475 711 538 751 καὶ
562 714 648 751 ταῖς
672 709 767 762 πρὸς
792 708 881 750 τοὺς
906 709 1070 750 οἰκείους
1095 711 1302 761 διαφοραῖς
1327 713 1420 747 πολ-

90 778 205 820 λάκις
240 781 537 830 φιλονικοῦντες
570 777 754 828 ποιητοὺς
790 779 884 818 υἱεῖς
920 779 1135 816 ποιοῦνται·
1175 777 1207 816 εἰ
1237 774 1270 815 δ’
1308 775 1421 816 ἔσται

35 864 73 885 10
91 850 144 900 τῷ
171 844 438 895 εἰσποιηθέντι
464 844 568 897 παρὰ
593 844 661 885 τὸν
686 844 809 895 νόμον
835 845 1028 884 εἰσποιεῖν
1062 842 1107 883 ὃν
1136 842 1183 882 ἂν
1207 842 1417 893 βούληται,

94 911 283 953 οὐδέποτε
315 916 396 954 τοῖς
429 912 591 965 γένεσιν
624 913 663 952 αἱ
698 912 953 963 κληρονομίαι
983 909 1235 961 δοθήσονται.
1308 910 1332 950 &a
1358 909 1418 949 καὶ
1439 915 1483 956 64

94 980 324 1032 προνοηθεὶς
366 980 386 1019 ὁ
424 978 638 1031 νομοθέτης
686 979 852 1019 ἀπεῖπεν
899 982 951 1032 τῷ
1001 981 1147 1032 ποιητῷ
1190 976 1290 1031 αὐτῷ
1336 978 1419 1017 ὄντι

94 1046 257 1098 ποιητὸν
281 1046 367 1087 υἱὸν
391 1046 443 1098 μὴ
470 1049 682 1092 ποιεῖσθαι,
716 1047 803 1086 τίνα
835 1045 982 1097 τρόπον
1008 1045 1186 1097 διορίσας
1219 1044 1306 1095 περὶ
1332 1043 1418 1083 τού-

94 1130 191 1161 των,·
230 1115 323 1154 ὅταν
353 1115 444 1170 εἴπῃ
476 1116 486 1131 ‘
505 1113 589 1154 υἱὸν
617 1112 786 1166 γνήσιον
823 1113 1142 1165 ἐγκαταλιπόντα
1179 1111 1380 1152 ἐπανιέναι
1395 1110 1417 1157 ’,

37 1199 73 1230 15
95 1183 212 1232 δηλοῖ
239 1179 364 1231 δήπου
396 1184 576 1233 φανερῶς
609 1181 669 1221 ὅτι
699 1180 742 1220 οὐ
775 1184 835 1220 δεῖ
864 1182 1078 1220 ποιεῖσθαι·
1117 1179 1308 1219 ἀδύνατον
1344 1177 1419 1231 γάρ

95 1249 205 1289 ἐστιν
237 1248 320 1289 υἱὸν
355 1247 522 1301 γνήσιον
555 1249 848 1300 ἐγκαταλιπεῖν,
881 1248 949 1287 ἐὰν
973 1246 1026 1297 μὴ
1059 1247 1163 1301 γόνῳ
1194 1246 1368 1299 γεγονὼς
1396 1244 1420 1301 ᾗ

95 1333 184 1356 τινι.
256 1314 307 1356 σὺ
343 1316 487 1362 τοίνυν,
527 1314 556 1356 ὦ
593 1316 845 1367 Λεώστρατε,
880 1313 1005 1365 ἀξιοῖς
1036 1318 1088 1368 τῷ
1126 1313 1421 1363 τετελευτηκότι

97 1384 310 1438 εἰσποιητῷ
353 1384 408 1425 εἰς
447 1382 490 1423 τὸ
524 1382 712 1435 ἡμέτερον
754 1382 870 1435 γένος
911 1384 995 1422 ὄντι
1037 1380 1200 1431 ποιητὸν
1240 1380 1304 1420 ἐπὶ
1352 1379 1420 1420 τὸν

96 1452 241 1502 κλῆρον
271 1450 514 1502 εἰσαγαγεῖν,
546 1451 682 1502 ὥσπερ
712 1449 776 1490 ἐπὶ
809 1451 856 1489 τὰ
890 1452 1036 1490 σαυτοῦ
1063 1447 1240 1499 κτήματα
1265 1447 1328 1487 καὶ
1353 1446 1420 1486 οὐκ

37 1533 76 1555 20
96 1518 150 1559 εἰς
187 1518 236 1557 τὰ
273 1518 370 1557 κατὰ
410 1517 531 1568 νόμον
573 1521 625 1572 τῷ
665 1515 905 1568 προσήκοντι
948 1516 1196 1566 δοθησόμενα
1233 1515 1420 1566 βαδίζων.

93 1584 205 1635 ἡμεῖς
234 1583 289 1631 δέ,
315 1582 344 1624 ὦ
375 1583 511 1636 ἄνδρες
536 1585 729 1630 δικασταί,
767 1585 799 1624 εἰ
827 1586 900 1634 μὲν
920 1585 939 1623 ὁ
973 1583 1258 1632 τετελευτηκὼς
1290 1581 1422 1632 ἐποιή-
1441 1585 1483 1629 65

96 1652 198 1691 σατό
227 1669 328 1698 τινα,
357 1653 493 1704 καίπερ
526 1652 570 1692 οὐ
603 1652 778 1693 διδόντος
802 1654 870 1690 τοῦ
898 1652 1018 1702 νόμου
1049 1652 1350 1703 συνεχωροῦμεν
1375 1647 1422 1688 ἂν

97 1718 212 1773 αὐτῷ,
239 1715 263 1770 ἢ
290 1720 323 1760 εἰ
349 1717 535 1769 διαθήκας
562 1719 849 1764 κατελελοίπει,
878 1718 940 1758 καὶ
965 1717 1123 1759 ταύταις
1148 1716 1196 1757 ἂν
1221 1716 1420 1767 ἐνεμείνα-

94 1803 180 1837 μεν,
207 1786 292 1827 ἐπεὶ
323 1786 385 1826 καὶ
414 1785 459 1826 τὸ
491 1785 537 1837 ἐξ
566 1787 691 1839 ἀρχῆς
716 1789 886 1826 τοιοῦτοι
918 1787 1029 1827 ὄντες
1063 1787 1327 1836 διετελοῦμεν,
1354 1782 1422 1823 οὐκ

37 1869 75 1901 25
96 1853 388 1904 ἐναντιούμενοι
411 1853 563 1895 τούτοις
582 1853 722 1907 ἔχουσι
745 1852 816 1903 τὴν
836 1853 976 1894 οὐσίαν
997 1852 1059 1892 καὶ
1076 1853 1308 1892 ἐπανιοῦσιν
1326 1850 1419 1897 ἄνω,
1442 1896 1458 1950 [
1564 1894 1579 1948 ]

1462 1907 1560 1935 1100

1440 1952 1487 1987 66

96 1919 181 1960 καθ’
211 1919 255 1961 ὃν
280 1919 425 1971 δήποτε
455 1921 602 1973 τρόπον
627 1921 858 1971 ἐβούλοντο.
930 1919 1014 1961 ἐπεὶ
1040 1922 1081 1960 δὲ
1114 1919 1201 1960 νυνί
1227 1935 1322 1959 ποτε
1346 1917 1422 1958 ὑπὸ

95 1987 244 2028 τούτων
269 1988 396 2028 αὐτῶν
421 1988 484 2028 καὶ
515 1987 591 2028 ὑπὸ
615 1991 693 2028 τῶν
716 1987 848 2038 νόμων
880 1987 925 2027 τὸ
958 1986 1102 2039 πρᾶγμ’
1123 1984 1420 2038 ἐξελήλεγκται,

148 2106 161 2126 Ι
189 2096 217 2128 οἱ
233 2099 260 2127 δ’
278 2095 368 2129 ὄντες
380 2096 475 2128 codd.
493 2107 501 2127 t
526 2097 555 2129 οἷ
568 2098 594 2128 δ’
607 2096 862 2138 ἀγχιστεύοντες
877 2096 1030 2128 Dindorf.
1071 2106 1150 2127 num
1163 2097 1193 2127 οἵ
1208 2094 1234 2127 δ’
1250 2094 1420 2137 (οἰκειότα-

98 2140 163 2180 τοι)
181 2139 298 2172 fimes?
315 2139 355 2172 cf.
373 2141 447 2171 xliii
465 2149 505 2179 25
610 2151 629 2170 2
653 2140 727 2182 τὸν]
745 2144 861 2173 τοῦτον
878 2141 902 2171 S
914 2140 943 2179 Q
960 2154 1010 2182 γρ.
1095 2139 1262 2180 ποιητοὺς]
1280 2140 1422 2171 πολλοὺς

100 2183 124 2213 S
136 2183 161 2213 F
179 2196 231 2225 γρ.
247 2183 278 2223 Q
295 2197 348 2225 γρ.
496 2193 516 2223 3
541 2186 633 2216 τοῦτ’
647 2194 712 2215 om.
730 2184 764 2214 A
891 2195 911 2223 4
937 2185 1084 2226 ἐπιλείπῃ
1105 2184 1129 2214 S
1141 2183 1174 2213 A
1334 2192 1353 2222 5
1378 2181 1422 2214 εἷς

99 2236 164 2258 om.
183 2227 218 2258 A
347 2238 368 2267 9
393 2227 463 2259 ἔστι
479 2227 511 2258 Α
646 2238 683 2257 Ι2
707 2227 844 2269 ποιητῷ]
864 2230 947 2260 εἶσπ.
965 2228 997 2258 Α
1147 2236 1184 2265 13
1209 2227 1341 2264 ποιητὸν
1357 2227 1421 2259 del.

99 2269 229 2301 Reiske
348 2281 385 2309 14
411 2271 690 2311 ἐγκαταλείποντα
706 2271 730 2302 S
853 2273 957 2312 18-19
982 2273 1030 2304 ἐπὶ
1047 2272 1104 2303 τὸν
1120 2278 1173 2303 κλ.
1193 2270 1216 2301 S
1230 2270 1260 2308 Q
1276 2284 1329 2312 γρ.
1348 2280 1356 2301 :
1380 2272 1423 2302 εἷς

98 2314 156 2345 τὸν
173 2321 226 2346 κλ.
245 2313 271 2344 F
284 2313 314 2352 Q
332 2325 339 2345 ε
364 2315 536 2356 ἐπίκληρον
551 2315 583 2345 Α
772 2326 814 2346 20
837 2316 919 2347 κατὰ
934 2317 992 2347 τὸν
1008 2330 1033 2348 ν.
1051 2315 1083 2345 Α
1262 2323 1304 2351 23
1327 2327 1423 2345 κατα-

99 2364 247 2390 λελοιπει
265 2357 289 2388 S
300 2357 326 2388 F
339 2357 369 2396 Q
388 2369 395 2389 t
419 2357 636 2390 καταλέλοιπε
651 2358 684 2388 Α
773 2359 903 2392 ταύταις
918 2360 958 2391 ἂν
975 2357 1191 2399 ἐνεμείναμεν]
1209 2357 1340 2389 ταύταις
1358 2359 1422 2389 ἐνε-

99 2399 279 2441 μένομενΑ
294 2412 301 2432 :
325 2402 445 2435 ταύτας
456 2401 647 2442 ἀνεμένομεν
663 2401 694 2441 Q
710 2415 761 2444 γρ.
907 2404 949 2434 26
973 2401 1107 2443 δήποτε]
1125 2403 1163 2440 δὴ
1178 2401 1211 2431 Α

1294 2495 1336 2526 5*
