<?xml version="1.0" encoding="UTF-8"?>
<!DOCTYPE html PUBLIC "-//W3C//DTD XHTML 1.0 Transitional//EN"
    "http://www.w3.org/TR/xhtml1/DTD/xhtml1-transitional.dtd">
<html xmlns="http://www.w3.org/1999/xhtml" xml:lang="en" lang="en">
 <head>
  <title>
</title>
<meta http-equiv="Content-Type" content="text/html;charset=utf-8" />
  <meta name='ocr-system' content='tesseract 3.04.00' />
  <meta name='ocr-capabilities' content='ocr_page ocr_carea ocr_par ocr_line ocrx_word'/>
</head>
<body>
  <div class='ocr_page' id='page_1' title='image "./orationesrecog03demouoft_0135.png"; bbox 0 0 1763 2778; ppageno 0'>
   <div class='ocr_carea' id='block_1_1' title="bbox 178 124 1654 180">
    <p class='ocr_par' dir='ltr' id='par_1_1' title="bbox 178 124 1654 180">
     <span class='ocr_line' id='line_1_1' title="bbox 178 124 1654 180; baseline 0.002 -14"><span class='ocrx_word' id='word_1_1' title='bbox 178 124 294 180; x_wconf 79' lang='lat' dir='ltr'>XLVII]</span> <span class='ocrx_word' id='word_1_2' title='bbox 363 124 526 168; x_wconf 76' lang='lat' dir='ltr'><strong>RATA</strong></span> <span class='ocrx_word' id='word_1_3' title='bbox 575 129 786 167; x_wconf 83' lang='grc' dir='ltr'>ΕΎἙΡΓ.</span> <span class='ocrx_word' id='word_1_4' title='bbox 835 129 935 166; x_wconf 78' lang='grc' dir='ltr'>ΚΑΙ</span> <span class='ocrx_word' id='word_1_5' title='bbox 986 129 1246 168; x_wconf 81' lang='grc' dir='ltr'>ΜΝΗΣΙΒ.</span> <span class='ocrx_word' id='word_1_6' title='bbox 1294 130 1474 169; x_wconf 74' lang='grc' dir='ltr'><strong>ΨΕΥΔ.</strong></span> <span class='ocrx_word' id='word_1_7' title='bbox 1529 124 1654 179; x_wconf 84' lang='lat'><strong>[1151]</strong></span> 
     </span>
    </p>
   </div>
   <div class='ocr_carea' id='block_1_2' title="bbox 142 227 1511 550">
    <p class='ocr_par' dir='ltr' id='par_1_2' title="bbox 178 227 1510 282">
     <span class='ocr_line' id='line_1_2' title="bbox 178 227 1510 282; baseline 0 -13"><span class='ocrx_word' id='word_1_8' title='bbox 178 229 268 280; x_wconf 86' lang='grc' dir='ltr'>ὑμῖν</span> <span class='ocrx_word' id='word_1_9' title='bbox 302 227 365 269; x_wconf 84' lang='grc' dir='ltr'>καὶ</span> <span class='ocrx_word' id='word_1_10' title='bbox 397 227 487 270; x_wconf 81' lang='grc' dir='ltr'>τοὺς</span> <span class='ocrx_word' id='word_1_11' title='bbox 510 227 707 280; x_wconf 84' lang='grc' dir='ltr'>μάρτυρας</span> <span class='ocrx_word' id='word_1_12' title='bbox 730 227 1026 282; x_wconf 78' lang='grc' dir='ltr'>παρασχέσθαι,</span> <span class='ocrx_word' id='word_1_13' title='bbox 1053 227 1089 269; x_wconf 73' lang='grc' dir='ltr'>οἳ</span> <span class='ocrx_word' id='word_1_14' title='bbox 1119 228 1224 269; x_wconf 78' lang='grc' dir='ltr'>εἶδόν</span> <span class='ocrx_word' id='word_1_15' title='bbox 1247 246 1296 280; x_wconf 91' lang='grc' dir='ltr'>με</span> <span class='ocrx_word' id='word_1_16' title='bbox 1321 229 1510 281; x_wconf 89' lang='grc' dir='ltr'>πρότερον</span> 
     </span>
    </p>

    <p class='ocr_par' dir='ltr' id='par_1_3' title="bbox 179 293 1510 349">
     <span class='ocr_line' id='line_1_3' title="bbox 179 293 1510 349; baseline 0 -13"><span class='ocrx_word' id='word_1_17' title='bbox 179 294 385 349; x_wconf 81' lang='grc' dir='ltr'>πληγέντα</span> <span class='ocrx_word' id='word_1_18' title='bbox 408 296 483 336; x_wconf 87' lang='grc' dir='ltr'>ὑπὸ</span> <span class='ocrx_word' id='word_1_19' title='bbox 507 299 577 336; x_wconf 81' lang='grc' dir='ltr'>τοῦ</span> <span class='ocrx_word' id='word_1_20' title='bbox 602 293 824 347; x_wconf 87' lang='grc' dir='ltr'>Θεοφήμου</span> <span class='ocrx_word' id='word_1_21' title='bbox 844 294 882 346; x_wconf 84' lang='grc' dir='ltr'>(ἡ</span> <span class='ocrx_word' id='word_1_22' title='bbox 909 297 951 336; x_wconf 79' lang='grc' dir='ltr'>δὲ</span> <span class='ocrx_word' id='word_1_23' title='bbox 976 296 1105 336; x_wconf 82' lang='grc' dir='ltr'>αἴκεια</span> <span class='ocrx_word' id='word_1_24' title='bbox 1126 295 1231 336; x_wconf 79' lang='grc' dir='ltr'>τοῦτ’</span> <span class='ocrx_word' id='word_1_25' title='bbox 1251 296 1374 342; x_wconf 81' lang='grc' dir='ltr'>ἔστιν,</span> <span class='ocrx_word' id='word_1_26' title='bbox 1396 295 1437 337; x_wconf 79' lang='grc' dir='ltr'>ὃς</span> <span class='ocrx_word' id='word_1_27' title='bbox 1462 295 1510 336; x_wconf 79' lang='grc' dir='ltr'>ἂν</span> 
     </span>
    </p>

    <p class='ocr_par' dir='ltr' id='par_1_4' title="bbox 181 360 1510 419">
     <span class='ocr_line' id='line_1_4' title="bbox 181 360 1510 419; baseline 0 -17"><span class='ocrx_word' id='word_1_28' title='bbox 181 362 278 419; x_wconf 81' lang='grc' dir='ltr'>ἄρξῃ</span> <span class='ocrx_word' id='word_1_29' title='bbox 299 366 444 416; x_wconf 85' lang='grc' dir='ltr'>χειρῶν</span> <span class='ocrx_word' id='word_1_30' title='bbox 464 362 606 403; x_wconf 86' lang='grc' dir='ltr'>ἀδίκων</span> <span class='ocrx_word' id='word_1_31' title='bbox 631 360 835 415; x_wconf 87' lang='grc' dir='ltr'>πρότερος)</span> <span class='ocrx_word' id='word_1_32' title='bbox 860 362 993 405; x_wconf 82' lang='grc' dir='ltr'>ἄλλως</span> <span class='ocrx_word' id='word_1_33' title='bbox 1015 363 1060 404; x_wconf 82' lang='grc' dir='ltr'>τε</span> <span class='ocrx_word' id='word_1_34' title='bbox 1087 363 1147 403; x_wconf 86' lang='grc' dir='ltr'>καὶ</span> <span class='ocrx_word' id='word_1_35' title='bbox 1174 364 1271 403; x_wconf 82' lang='grc' dir='ltr'>κατὰ</span> <span class='ocrx_word' id='word_1_36' title='bbox 1295 366 1364 403; x_wconf 83' lang='grc' dir='ltr'>τὸν</span> <span class='ocrx_word' id='word_1_37' title='bbox 1389 364 1510 414; x_wconf 90' lang='grc' dir='ltr'>νόμον</span> 
     </span>
    </p>

    <p class='ocr_par' dir='ltr' id='par_1_5' title="bbox 142 429 1511 550">
     <span class='ocr_line' id='line_1_5' title="bbox 182 429 1511 483; baseline 0 -13"><span class='ocrx_word' id='word_1_38' title='bbox 182 430 245 470; x_wconf 90' lang='grc' dir='ltr'>καὶ</span> <span class='ocrx_word' id='word_1_39' title='bbox 270 431 368 470; x_wconf 84' lang='grc' dir='ltr'>κατὰ</span> <span class='ocrx_word' id='word_1_40' title='bbox 391 431 442 470; x_wconf 80' lang='grc' dir='ltr'>τὰ</span> <span class='ocrx_word' id='word_1_41' title='bbox 464 430 713 483; x_wconf 81' lang='grc' dir='ltr'>ψηφίσματα</span> <span class='ocrx_word' id='word_1_42' title='bbox 734 431 783 470; x_wconf 80' lang='grc' dir='ltr'>τὰ</span> <span class='ocrx_word' id='word_1_43' title='bbox 808 429 975 483; x_wconf 81' lang='grc' dir='ltr'>ὑμέτερα</span> <span class='ocrx_word' id='word_1_44' title='bbox 998 429 1300 482; x_wconf 83' lang='grc' dir='ltr'>εἰσπράττοντα.</span> <span class='ocrx_word' id='word_1_45' title='bbox 1357 432 1423 471; x_wconf 91' lang='grc' dir='ltr'>καί</span> <span class='ocrx_word' id='word_1_46' title='bbox 1445 447 1511 482; x_wconf 88' lang='grc' dir='ltr'>μοι</span> 
     </span>
     <span class='ocr_line' id='line_1_6' title="bbox 142 495 1156 550; baseline 0.002 -13"><span class='ocrx_word' id='word_1_47' title='bbox 142 507 159 538; x_wconf 88' lang='grc'><em>5</em></span> <span class='ocrx_word' id='word_1_48' title='bbox 181 495 380 550; x_wconf 85' lang='grc' dir='ltr'>ἀνάγνωθι</span> <span class='ocrx_word' id='word_1_49' title='bbox 404 498 453 537; x_wconf 81' lang='grc' dir='ltr'>τὰ</span> <span class='ocrx_word' id='word_1_50' title='bbox 476 498 724 550; x_wconf 80' lang='grc' dir='ltr'>ψηφίσματα</span> <span class='ocrx_word' id='word_1_51' title='bbox 747 497 810 538; x_wconf 88' lang='grc' dir='ltr'>καὶ</span> <span class='ocrx_word' id='word_1_52' title='bbox 834 497 906 548; x_wconf 69' lang='grc' dir='ltr'>τὴν</span> <span class='ocrx_word' id='word_1_53' title='bbox 927 498 1156 550; x_wconf 86' lang='grc' dir='ltr'>μαρτυρίαν.</span> 
     </span>
    </p>
   </div>
   <div class='ocr_carea' id='block_1_3' title="bbox 590 607 1105 636">
    <p class='ocr_par' dir='ltr' id='par_1_6' title="bbox 590 607 1105 636">
     <span class='ocr_line' id='line_1_7' title="bbox 590 607 1105 636; baseline 0 -2"><span class='ocrx_word' id='word_1_54' title='bbox 590 607 842 636; x_wconf 77' lang='grc' dir='ltr'><strong>ΨΗΦΙΣΜΑΤΑ.</strong></span> <span class='ocrx_word' id='word_1_55' title='bbox 896 608 1105 634; x_wconf 82' lang='grc' dir='ltr'>ΜΑΡΤΎῬΙΑ.</span> 
     </span>
    </p>
   </div>
   <div class='ocr_carea' id='block_1_4' title="bbox 125 676 1658 2014">
    <p class='ocr_par' dir='ltr' id='par_1_7' title="bbox 183 676 1574 869">
     <span class='ocr_line' id='line_1_8' title="bbox 249 676 1574 734; baseline 0 -16"><span class='ocrx_word' id='word_1_56' title='bbox 249 677 410 728; x_wconf 75' lang='grc' dir='ltr'>Ἐπειδὴ</span> <span class='ocrx_word' id='word_1_57' title='bbox 436 678 568 718; x_wconf 85' lang='grc' dir='ltr'>τοίνυν</span> <span class='ocrx_word' id='word_1_58' title='bbox 597 677 805 734; x_wconf 82' lang='grc' dir='ltr'>ἀφῃρέθην</span> <span class='ocrx_word' id='word_1_59' title='bbox 833 679 883 717; x_wconf 82' lang='grc' dir='ltr'>τὰ</span> <span class='ocrx_word' id='word_1_60' title='bbox 906 676 1073 730; x_wconf 75' lang='grc' dir='ltr'>ἐνέχυρα</span> <span class='ocrx_word' id='word_1_61' title='bbox 1098 678 1173 717; x_wconf 88' lang='grc' dir='ltr'>ὑπὸ</span> <span class='ocrx_word' id='word_1_62' title='bbox 1200 681 1267 717; x_wconf 84' lang='grc' dir='ltr'>τοῦ</span> <span class='ocrx_word' id='word_1_63' title='bbox 1294 676 1511 730; x_wconf 83' lang='grc' dir='ltr'>Θεοφήμου</span> <span class='ocrx_word' id='word_1_64' title='bbox 1532 694 1574 727; x_wconf 83' lang='lat'>41</span> 
     </span>
     <span class='ocr_line' id='line_1_9' title="bbox 183 743 1513 797; baseline -0.002 -11"><span class='ocrx_word' id='word_1_65' title='bbox 183 745 246 786; x_wconf 89' lang='grc' dir='ltr'>καὶ</span> <span class='ocrx_word' id='word_1_66' title='bbox 271 745 508 795; x_wconf 86' lang='grc' dir='ltr'>συνεκόπην,</span> <span class='ocrx_word' id='word_1_67' title='bbox 534 745 664 785; x_wconf 86' lang='grc' dir='ltr'>ἐλθὼν</span> <span class='ocrx_word' id='word_1_68' title='bbox 689 746 743 786; x_wconf 81' lang='grc' dir='ltr'>εἰς</span> <span class='ocrx_word' id='word_1_69' title='bbox 767 744 838 795; x_wconf 76' lang='grc' dir='ltr'>τὴν</span> <span class='ocrx_word' id='word_1_70' title='bbox 864 743 1020 795; x_wconf 78' lang='grc' dir='ltr'>βουλὴν</span> <span class='ocrx_word' id='word_1_71' title='bbox 1043 743 1112 786; x_wconf 80' lang='grc' dir='ltr'>τάς</span> <span class='ocrx_word' id='word_1_72' title='bbox 1137 761 1178 785; x_wconf 90' lang='grc' dir='ltr'>τε</span> <span class='ocrx_word' id='word_1_73' title='bbox 1203 746 1360 797; x_wconf 76' lang='grc' dir='ltr'>πληγὰς</span> <span class='ocrx_word' id='word_1_74' title='bbox 1385 744 1513 795; x_wconf 77' lang='grc' dir='ltr'>ἔδειξα</span> 
     </span>
     <span class='ocr_line' id='line_1_10' title="bbox 184 810 1514 869; baseline -0.001 -16"><span class='ocrx_word' id='word_1_75' title='bbox 184 814 246 853; x_wconf 81' lang='grc' dir='ltr'>καὶ</span> <span class='ocrx_word' id='word_1_76' title='bbox 275 813 300 853; x_wconf 73' lang='grc' dir='ltr'><strong><em>ἃ</em></strong></span> <span class='ocrx_word' id='word_1_77' title='bbox 331 813 538 855; x_wconf 86' lang='grc' dir='ltr'>πεπονθὼς</span> <span class='ocrx_word' id='word_1_78' title='bbox 567 811 616 863; x_wconf 77' lang='grc' dir='ltr'>ἦν</span> <span class='ocrx_word' id='word_1_79' title='bbox 649 812 775 858; x_wconf 74' lang='grc' dir='ltr'>εἶπον,</span> <span class='ocrx_word' id='word_1_80' title='bbox 801 811 865 853; x_wconf 82' lang='grc' dir='ltr'>καὶ</span> <span class='ocrx_word' id='word_1_81' title='bbox 897 812 958 852; x_wconf 85' lang='grc' dir='ltr'>ὅτι</span> <span class='ocrx_word' id='word_1_82' title='bbox 982 810 1231 863; x_wconf 80' lang='grc' dir='ltr'>εἰσπράττων</span> <span class='ocrx_word' id='word_1_83' title='bbox 1254 817 1302 869; x_wconf 81' lang='grc' dir='ltr'>τῇ</span> <span class='ocrx_word' id='word_1_84' title='bbox 1327 812 1442 852; x_wconf 87' lang='grc' dir='ltr'>πόλει</span> <span class='ocrx_word' id='word_1_85' title='bbox 1465 813 1514 852; x_wconf 79' lang='grc' dir='ltr'>τὰ</span> 
     </span>
    </p>

    <p class='ocr_par' dir='ltr' id='par_1_8' title="bbox 125 878 1578 1203">
     <span class='ocr_line' id='line_1_11' title="bbox 125 878 1510 932; baseline -0.001 -11"><span class='ocrx_word' id='word_1_86' title='bbox 125 899 165 923; x_wconf 90' lang='lat'>10</span> <span class='ocrx_word' id='word_1_87' title='bbox 184 880 318 930; x_wconf 82' lang='grc' dir='ltr'>σκεύη.</span> <span class='ocrx_word' id='word_1_88' title='bbox 386 878 701 932; x_wconf 82' lang='grc' dir='ltr'>ἀγανακτήσασα</span> <span class='ocrx_word' id='word_1_89' title='bbox 726 878 758 919; x_wconf 85' lang='grc' dir='ltr'>δ’</span> <span class='ocrx_word' id='word_1_90' title='bbox 783 879 805 930; x_wconf 87' lang='grc' dir='ltr'>ἡ</span> <span class='ocrx_word' id='word_1_91' title='bbox 831 878 960 929; x_wconf 71' lang='grc' dir='ltr'>βουλὴ</span> <span class='ocrx_word' id='word_1_92' title='bbox 988 878 1052 931; x_wconf 83' lang='grc' dir='ltr'>ἐφ’</span> <span class='ocrx_word' id='word_1_93' title='bbox 1080 880 1137 920; x_wconf 73' lang='grc' dir='ltr'>οἷς</span> <span class='ocrx_word' id='word_1_94' title='bbox 1164 880 1240 931; x_wconf 81' lang='grc' dir='ltr'>ἐγὼ</span> <span class='ocrx_word' id='word_1_95' title='bbox 1267 880 1510 925; x_wconf 84' lang='grc' dir='ltr'>ἐπεπόνθειν,</span> 
     </span>
     <span class='ocr_line' id='line_1_12' title="bbox 185 945 1513 998; baseline -0.001 -10"><span class='ocrx_word' id='word_1_96' title='bbox 185 947 247 988; x_wconf 87' lang='grc' dir='ltr'>καὶ</span> <span class='ocrx_word' id='word_1_97' title='bbox 280 946 419 988; x_wconf 84' lang='grc' dir='ltr'>ἰδοῦσά</span> <span class='ocrx_word' id='word_1_98' title='bbox 447 964 495 998; x_wconf 90' lang='grc' dir='ltr'>με</span> <span class='ocrx_word' id='word_1_99' title='bbox 529 947 579 988; x_wconf 79' lang='grc' dir='ltr'>ὡς</span> <span class='ocrx_word' id='word_1_100' title='bbox 612 947 822 997; x_wconf 90' lang='grc' dir='ltr'>διεκείμην,</span> <span class='ocrx_word' id='word_1_101' title='bbox 855 946 917 986; x_wconf 86' lang='grc' dir='ltr'>καὶ</span> <span class='ocrx_word' id='word_1_102' title='bbox 949 945 1182 998; x_wconf 84' lang='grc' dir='ltr'>ἡγησαμένη</span> <span class='ocrx_word' id='word_1_103' title='bbox 1219 947 1411 998; x_wconf 75' lang='grc' dir='ltr'>ὑβρίσθαι</span> <span class='ocrx_word' id='word_1_104' title='bbox 1446 946 1513 987; x_wconf 82' lang='grc' dir='ltr'>οὐκ</span> 
     </span>
     <span class='ocr_line' id='line_1_13' title="bbox 185 1013 1514 1066; baseline -0.002 -11"><span class='ocrx_word' id='word_1_105' title='bbox 185 1013 264 1066; x_wconf 83' lang='grc' dir='ltr'>ἐμέ,</span> <span class='ocrx_word' id='word_1_106' title='bbox 293 1014 385 1055; x_wconf 84' lang='grc' dir='ltr'>ἀλλ’</span> <span class='ocrx_word' id='word_1_107' title='bbox 411 1013 551 1064; x_wconf 76' lang='grc' dir='ltr'>ἑαυτὴν</span> <span class='ocrx_word' id='word_1_108' title='bbox 586 1015 647 1054; x_wconf 87' lang='grc' dir='ltr'>καὶ</span> <span class='ocrx_word' id='word_1_109' title='bbox 679 1017 748 1054; x_wconf 78' lang='grc' dir='ltr'>τὸν</span> <span class='ocrx_word' id='word_1_110' title='bbox 781 1016 904 1064; x_wconf 84' lang='grc' dir='ltr'>δῆμον</span> <span class='ocrx_word' id='word_1_111' title='bbox 937 1016 1007 1053; x_wconf 85' lang='grc' dir='ltr'>τὸν</span> <span class='ocrx_word' id='word_1_112' title='bbox 1039 1013 1330 1066; x_wconf 75' lang='grc' dir='ltr'>ψηφισάμενον</span> <span class='ocrx_word' id='word_1_113' title='bbox 1361 1013 1422 1055; x_wconf 81' lang='grc' dir='ltr'>καὶ</span> <span class='ocrx_word' id='word_1_114' title='bbox 1445 1017 1514 1055; x_wconf 80' lang='grc' dir='ltr'>τὸν</span> 
     </span>
     <span class='ocr_line' id='line_1_14' title="bbox 185 1080 1578 1135; baseline -0.001 -12"><span class='ocrx_word' id='word_1_115' title='bbox 185 1083 308 1134; x_wconf 89' lang='grc' dir='ltr'>νόμον</span> <span class='ocrx_word' id='word_1_116' title='bbox 344 1085 414 1122; x_wconf 87' lang='grc' dir='ltr'>τὸν</span> <span class='ocrx_word' id='word_1_117' title='bbox 451 1081 735 1135; x_wconf 83' lang='grc' dir='ltr'>ἀναγκάσαντα</span> <span class='ocrx_word' id='word_1_118' title='bbox 772 1080 1025 1132; x_wconf 77' lang='grc' dir='ltr'>εἰσπράττειν</span> <span class='ocrx_word' id='word_1_119' title='bbox 1066 1082 1116 1120; x_wconf 77' lang='grc' dir='ltr'>τὰ</span> <span class='ocrx_word' id='word_1_120' title='bbox 1165 1081 1298 1131; x_wconf 85' lang='grc' dir='ltr'>σκεύη,</span> <span class='ocrx_word' id='word_1_121' title='bbox 1335 1080 1514 1121; x_wconf 84' lang='grc' dir='ltr'>ἐκέλευεν</span> <span class='ocrx_word' id='word_1_122' title='bbox 1534 1098 1578 1130; x_wconf 78' lang='lat'>42</span> 
     </span>
     <span class='ocr_line' id='line_1_15' title="bbox 186 1147 1513 1203; baseline -0.002 -13"><span class='ocrx_word' id='word_1_123' title='bbox 186 1148 467 1202; x_wconf 81' lang='grc' dir='ltr'>εἰσαγγέλλειν</span> <span class='ocrx_word' id='word_1_124' title='bbox 500 1166 562 1200; x_wconf 90' lang='grc' dir='ltr'>με,</span> <span class='ocrx_word' id='word_1_125' title='bbox 588 1150 654 1190; x_wconf 88' lang='grc' dir='ltr'>καὶ</span> <span class='ocrx_word' id='word_1_126' title='bbox 679 1148 769 1191; x_wconf 81' lang='grc' dir='ltr'>τοὺς</span> <span class='ocrx_word' id='word_1_127' title='bbox 800 1148 1008 1200; x_wconf 81' lang='grc' dir='ltr'>πρυτάνεις</span> <span class='ocrx_word' id='word_1_128' title='bbox 1042 1147 1291 1201; x_wconf 80' lang='grc' dir='ltr'>προγράφειν</span> <span class='ocrx_word' id='word_1_129' title='bbox 1316 1147 1418 1203; x_wconf 79' lang='grc' dir='ltr'>αὐτῷ</span> <span class='ocrx_word' id='word_1_130' title='bbox 1444 1147 1513 1198; x_wconf 74' lang='grc' dir='ltr'>τὴν</span> 
     </span>
    </p>

    <p class='ocr_par' dir='ltr' id='par_1_9' title="bbox 128 1214 1658 1543">
     <span class='ocr_line' id='line_1_16' title="bbox 128 1214 1658 1273; baseline 0.001 -17"><span class='ocrx_word' id='word_1_131' title='bbox 128 1233 165 1266; x_wconf 88' lang='lat'>15</span> <span class='ocrx_word' id='word_1_132' title='bbox 187 1218 319 1268; x_wconf 88' lang='grc' dir='ltr'>κρίσιν</span> <span class='ocrx_word' id='word_1_133' title='bbox 351 1217 415 1258; x_wconf 90' lang='grc' dir='ltr'>ε’πὶ</span> <span class='ocrx_word' id='word_1_134' title='bbox 448 1216 516 1257; x_wconf 84' lang='grc' dir='ltr'>δύο</span> <span class='ocrx_word' id='word_1_135' title='bbox 549 1215 699 1268; x_wconf 81' lang='grc' dir='ltr'>ἡμέρας</span> <span class='ocrx_word' id='word_1_136' title='bbox 733 1215 784 1258; x_wconf 81' lang='grc' dir='ltr'>ὡς</span> <span class='ocrx_word' id='word_1_137' title='bbox 821 1216 1019 1256; x_wconf 83' lang='grc' dir='ltr'>ἀδικοῦντι</span> <span class='ocrx_word' id='word_1_138' title='bbox 1056 1216 1118 1255; x_wconf 86' lang='grc' dir='ltr'>καὶ</span> <span class='ocrx_word' id='word_1_139' title='bbox 1155 1216 1411 1256; x_wconf 85' lang='grc' dir='ltr'>διακωλύοντι</span> <span class='ocrx_word' id='word_1_140' title='bbox 1445 1214 1512 1256; x_wconf 83' lang='grc' dir='ltr'>τὸν</span> <span class='ocrx_word' id='word_1_141' title='bbox 1534 1218 1658 1273; x_wconf 83' lang='lat'><strong>[1152]</strong></span> 
     </span>
     <span class='ocr_line' id='line_1_17' title="bbox 186 1282 1514 1337; baseline -0.002 -12"><span class='ocrx_word' id='word_1_142' title='bbox 186 1284 426 1334; x_wconf 82' lang='grc' dir='ltr'>ἀπόστολον,</span> <span class='ocrx_word' id='word_1_143' title='bbox 464 1284 563 1325; x_wconf 89' lang='grc' dir='ltr'>διότι</span> <span class='ocrx_word' id='word_1_144' title='bbox 598 1283 647 1325; x_wconf 83' lang='grc' dir='ltr'>τὰ</span> <span class='ocrx_word' id='word_1_145' title='bbox 684 1283 803 1334; x_wconf 85' lang='grc' dir='ltr'>σκεύη</span> <span class='ocrx_word' id='word_1_146' title='bbox 842 1283 910 1323; x_wconf 82' lang='grc' dir='ltr'>οὐκ</span> <span class='ocrx_word' id='word_1_147' title='bbox 945 1283 1130 1324; x_wconf 82' lang='grc' dir='ltr'>ἀπεδίδου</span> <span class='ocrx_word' id='word_1_148' title='bbox 1167 1282 1229 1323; x_wconf 88' lang='grc' dir='ltr'>καὶ</span> <span class='ocrx_word' id='word_1_149' title='bbox 1265 1284 1312 1323; x_wconf 77' lang='grc' dir='ltr'>τὰ</span> <span class='ocrx_word' id='word_1_150' title='bbox 1349 1282 1514 1337; x_wconf 82' lang='grc' dir='ltr'>ἐνέχυρα</span> 
     </span>
     <span class='ocr_line' id='line_1_18' title="bbox 187 1350 1514 1404; baseline -0.002 -12"><span class='ocrx_word' id='word_1_151' title='bbox 187 1352 376 1404; x_wconf 83' lang='grc' dir='ltr'>ἀφείλετο</span> <span class='ocrx_word' id='word_1_152' title='bbox 413 1352 476 1393; x_wconf 87' lang='grc' dir='ltr'>καὶ</span> <span class='ocrx_word' id='word_1_153' title='bbox 512 1352 582 1403; x_wconf 79' lang='grc' dir='ltr'>ἐμὲ</span> <span class='ocrx_word' id='word_1_154' title='bbox 620 1350 845 1403; x_wconf 82' lang='grc' dir='ltr'>συνέκοψεν</span> <span class='ocrx_word' id='word_1_155' title='bbox 871 1350 943 1391; x_wconf 84' lang='grc' dir='ltr'>τὸν</span> <span class='ocrx_word' id='word_1_156' title='bbox 973 1350 1261 1403; x_wconf 81' lang='grc' dir='ltr'>εἰσπράττοντα</span> <span class='ocrx_word' id='word_1_157' title='bbox 1288 1350 1349 1390; x_wconf 89' lang='grc' dir='ltr'>καὶ</span> <span class='ocrx_word' id='word_1_158' title='bbox 1373 1351 1514 1402; x_wconf 87' lang='grc' dir='ltr'>ὑπηρε-</span> 
     </span>
     <span class='ocr_line' id='line_1_19' title="bbox 187 1417 1512 1476; baseline -0.002 -17"><span class='ocrx_word' id='word_1_159' title='bbox 187 1422 328 1459; x_wconf 80' lang='grc' dir='ltr'>τοῦντα</span> <span class='ocrx_word' id='word_1_160' title='bbox 351 1419 398 1476; x_wconf 83' lang='grc' dir='ltr'>τῇ</span> <span class='ocrx_word' id='word_1_161' title='bbox 423 1419 550 1460; x_wconf 88' lang='grc' dir='ltr'>πόλει.</span> <span class='ocrx_word' id='word_1_162' title='bbox 621 1417 836 1471; x_wconf 86' lang='grc' dir='ltr'>γενομένης</span> <span class='ocrx_word' id='word_1_163' title='bbox 864 1419 998 1459; x_wconf 87' lang='grc' dir='ltr'>τοίνυν</span> <span class='ocrx_word' id='word_1_164' title='bbox 1029 1421 1098 1469; x_wconf 81' lang='grc' dir='ltr'>τῆς</span> <span class='ocrx_word' id='word_1_165' title='bbox 1130 1419 1293 1470; x_wconf 84' lang='grc' dir='ltr'>κρίσεως</span> <span class='ocrx_word' id='word_1_166' title='bbox 1325 1422 1376 1473; x_wconf 78' lang='grc' dir='ltr'>τῷ</span> <span class='ocrx_word' id='word_1_167' title='bbox 1412 1420 1512 1458; x_wconf 89' lang='grc' dir='ltr'>Θεο-</span> 
     </span>
     <span class='ocr_line' id='line_1_20' title="bbox 188 1484 1513 1543; baseline -0.002 -17"><span class='ocrx_word' id='word_1_168' title='bbox 188 1485 306 1541; x_wconf 79' lang='grc' dir='ltr'>φήμῳ</span> <span class='ocrx_word' id='word_1_169' title='bbox 322 1487 363 1526; x_wconf 85' lang='grc' dir='ltr'>ἐν</span> <span class='ocrx_word' id='word_1_170' title='bbox 382 1491 428 1542; x_wconf 83' lang='grc' dir='ltr'>τῇ</span> <span class='ocrx_word' id='word_1_171' title='bbox 448 1491 578 1543; x_wconf 78' lang='grc' dir='ltr'>βουλῇ</span> <span class='ocrx_word' id='word_1_172' title='bbox 605 1488 702 1526; x_wconf 79' lang='grc' dir='ltr'>κατὰ</span> <span class='ocrx_word' id='word_1_173' title='bbox 726 1485 798 1536; x_wconf 74' lang='grc' dir='ltr'>τὴν</span> <span class='ocrx_word' id='word_1_174' title='bbox 823 1486 1082 1538; x_wconf 78' lang='grc' dir='ltr'>εἰσαγγελίαν</span> <span class='ocrx_word' id='word_1_175' title='bbox 1102 1484 1150 1536; x_wconf 82' lang='grc' dir='ltr'>ἢν</span> <span class='ocrx_word' id='word_1_176' title='bbox 1170 1485 1247 1537; x_wconf 83' lang='grc' dir='ltr'>ἐγὼ</span> <span class='ocrx_word' id='word_1_177' title='bbox 1268 1485 1513 1538; x_wconf 84' lang='grc' dir='ltr'>εἰσήγγειλα,</span> 
     </span>
    </p>

    <p class='ocr_par' dir='ltr' id='par_1_10' title="bbox 130 1552 1579 1876">
     <span class='ocr_line' id='line_1_21' title="bbox 130 1552 1514 1608; baseline -0.001 -15"><span class='ocrx_word' id='word_1_178' title='bbox 130 1572 168 1593; x_wconf 85' lang='lat'>20</span> <span class='ocrx_word' id='word_1_179' title='bbox 188 1554 251 1594; x_wconf 91' lang='grc' dir='ltr'>καὶ</span> <span class='ocrx_word' id='word_1_180' title='bbox 287 1553 550 1595; x_wconf 82' lang='grc' dir='ltr'>ἀποδοθέντος</span> <span class='ocrx_word' id='word_1_181' title='bbox 585 1554 709 1605; x_wconf 91' lang='grc' dir='ltr'>λόγου</span> <span class='ocrx_word' id='word_1_182' title='bbox 746 1552 926 1608; x_wconf 75' lang='grc' dir='ltr'>ἑκατέρῳ,</span> <span class='ocrx_word' id='word_1_183' title='bbox 955 1553 1017 1593; x_wconf 86' lang='grc' dir='ltr'>καὶ</span> <span class='ocrx_word' id='word_1_184' title='bbox 1054 1553 1227 1605; x_wconf 74' lang='grc' dir='ltr'>κρύβδην</span> <span class='ocrx_word' id='word_1_185' title='bbox 1264 1556 1514 1606; x_wconf 84' lang='grc' dir='ltr'>διαψηφισα-</span> 
     </span>
     <span class='ocr_line' id='line_1_22' title="bbox 187 1619 1516 1675; baseline -0.001 -14"><span class='ocrx_word' id='word_1_186' title='bbox 187 1619 318 1672; x_wconf 84' lang='grc' dir='ltr'>μένων</span> <span class='ocrx_word' id='word_1_187' title='bbox 340 1625 419 1661; x_wconf 85' lang='grc' dir='ltr'>τῶν</span> <span class='ocrx_word' id='word_1_188' title='bbox 444 1624 684 1672; x_wconf 85' lang='grc' dir='ltr'>βουλευτῶν,</span> <span class='ocrx_word' id='word_1_189' title='bbox 713 1619 817 1661; x_wconf 81' lang='grc' dir='ltr'>ἑάλω</span> <span class='ocrx_word' id='word_1_190' title='bbox 845 1621 885 1661; x_wconf 86' lang='grc' dir='ltr'>ἐν</span> <span class='ocrx_word' id='word_1_191' title='bbox 911 1624 964 1675; x_wconf 79' lang='grc' dir='ltr'>τῷ</span> <span class='ocrx_word' id='word_1_192' title='bbox 996 1621 1263 1675; x_wconf 77' lang='grc' dir='ltr'>βουλευτηρίῳ</span> <span class='ocrx_word' id='word_1_193' title='bbox 1291 1620 1351 1660; x_wconf 89' lang='grc' dir='ltr'>καὶ</span> <span class='ocrx_word' id='word_1_194' title='bbox 1383 1619 1516 1671; x_wconf 82' lang='grc' dir='ltr'>ἔδοξεν</span> 
     </span>
     <span class='ocr_line' id='line_1_23' title="bbox 189 1686 1579 1742; baseline -0.001 -14"><span class='ocrx_word' id='word_1_195' title='bbox 189 1689 348 1729; x_wconf 84' lang='grc' dir='ltr'>ἀδικεῖν.</span> <span class='ocrx_word' id='word_1_196' title='bbox 402 1688 464 1728; x_wconf 88' lang='grc' dir='ltr'>καὶ</span> <span class='ocrx_word' id='word_1_197' title='bbox 483 1687 615 1738; x_wconf 78' lang='grc' dir='ltr'>ἐπειδὴ</span> <span class='ocrx_word' id='word_1_198' title='bbox 639 1689 680 1729; x_wconf 85' lang='grc' dir='ltr'>ἐν</span> <span class='ocrx_word' id='word_1_199' title='bbox 699 1692 751 1742; x_wconf 76' lang='grc' dir='ltr'>τῷ</span> <span class='ocrx_word' id='word_1_200' title='bbox 772 1691 1079 1741; x_wconf 76' lang='grc' dir='ltr'>διαχειροτονεῖν</span> <span class='ocrx_word' id='word_1_201' title='bbox 1099 1686 1147 1738; x_wconf 84' lang='grc' dir='ltr'>ἧν</span> <span class='ocrx_word' id='word_1_202' title='bbox 1171 1687 1193 1738; x_wconf 86' lang='grc' dir='ltr'>ἡ</span> <span class='ocrx_word' id='word_1_203' title='bbox 1219 1687 1347 1739; x_wconf 76' lang='grc' dir='ltr'>βουλὴ</span> <span class='ocrx_word' id='word_1_204' title='bbox 1372 1687 1517 1738; x_wconf 89' lang='grc' dir='ltr'>πότερα</span> <span class='ocrx_word' id='word_1_205' title='bbox 1536 1699 1579 1733; x_wconf 78' lang='grc'>43</span> 
     </span>
     <span class='ocr_line' id='line_1_24' title="bbox 189 1752 1517 1812; baseline -0.001 -16"><span class='ocrx_word' id='word_1_206' title='bbox 189 1756 426 1812; x_wconf 78' lang='grc' dir='ltr'>δικαστηρίῳ</span> <span class='ocrx_word' id='word_1_207' title='bbox 448 1755 636 1807; x_wconf 88' lang='grc' dir='ltr'>παραδοίη</span> <span class='ocrx_word' id='word_1_208' title='bbox 671 1752 692 1805; x_wconf 80' lang='grc' dir='ltr'>ἢ</span> <span class='ocrx_word' id='word_1_209' title='bbox 733 1755 941 1806; x_wconf 76' lang='grc' dir='ltr'>ζημιώσειε</span> <span class='ocrx_word' id='word_1_210' title='bbox 976 1759 1062 1797; x_wconf 84' lang='grc' dir='ltr'>ταῖς</span> <span class='ocrx_word' id='word_1_211' title='bbox 1099 1755 1389 1801; x_wconf 80' lang='grc' dir='ltr'>πεντακοσίαις,</span> <span class='ocrx_word' id='word_1_212' title='bbox 1421 1755 1517 1795; x_wconf 85' lang='grc' dir='ltr'>ὅσου</span> 
     </span>
     <span class='ocr_line' id='line_1_25' title="bbox 190 1821 1518 1876; baseline -0.002 -13"><span class='ocrx_word' id='word_1_213' title='bbox 190 1822 238 1873; x_wconf 83' lang='grc' dir='ltr'>ἧν</span> <span class='ocrx_word' id='word_1_214' title='bbox 278 1823 389 1876; x_wconf 85' lang='grc' dir='ltr'>κυρία</span> <span class='ocrx_word' id='word_1_215' title='bbox 423 1825 522 1864; x_wconf 80' lang='grc' dir='ltr'>κατὰ</span> <span class='ocrx_word' id='word_1_216' title='bbox 557 1822 625 1864; x_wconf 83' lang='grc' dir='ltr'>τὸν</span> <span class='ocrx_word' id='word_1_217' title='bbox 662 1823 798 1874; x_wconf 90' lang='grc' dir='ltr'>νόμον,</span> <span class='ocrx_word' id='word_1_218' title='bbox 824 1822 1020 1874; x_wconf 84' lang='grc' dir='ltr'>δεομένων</span> <span class='ocrx_word' id='word_1_219' title='bbox 1053 1822 1200 1863; x_wconf 83' lang='grc' dir='ltr'>τούτων</span> <span class='ocrx_word' id='word_1_220' title='bbox 1237 1822 1420 1863; x_wconf 80' lang='grc' dir='ltr'>ἁπάντων</span> <span class='ocrx_word' id='word_1_221' title='bbox 1456 1821 1518 1862; x_wconf 87' lang='grc' dir='ltr'>καὶ</span> 
     </span>
    </p>

    <p class='ocr_par' dir='ltr' id='par_1_11' title="bbox 133 1888 1519 2014">
     <span class='ocr_line' id='line_1_26' title="bbox 133 1888 1519 1943; baseline -0.002 -12"><span class='ocrx_word' id='word_1_222' title='bbox 133 1909 170 1941; x_wconf 80' lang='lat'>²5</span> <span class='ocrx_word' id='word_1_223' title='bbox 192 1888 446 1931; x_wconf 84' lang='grc' dir='ltr'>ἱκετευόντων</span> <span class='ocrx_word' id='word_1_224' title='bbox 471 1890 534 1931; x_wconf 87' lang='grc' dir='ltr'>καὶ</span> <span class='ocrx_word' id='word_1_225' title='bbox 559 1891 648 1931; x_wconf 89' lang='grc' dir='ltr'>τίνα</span> <span class='ocrx_word' id='word_1_226' title='bbox 672 1890 718 1931; x_wconf 86' lang='grc' dir='ltr'>οὐ</span> <span class='ocrx_word' id='word_1_227' title='bbox 742 1888 1086 1943; x_wconf 90' lang='grc' dir='ltr'>προσπεμπόντων</span> <span class='ocrx_word' id='word_1_228' title='bbox 1094 1907 1106 1937; x_wconf 84' lang='grc'><em>;</em></span> <span class='ocrx_word' id='word_1_229' title='bbox 1140 1890 1202 1930; x_wconf 82' lang='grc' dir='ltr'>καὶ</span> <span class='ocrx_word' id='word_1_230' title='bbox 1225 1889 1271 1930; x_wconf 85' lang='grc' dir='ltr'>τὸ</span> <span class='ocrx_word' id='word_1_231' title='bbox 1295 1888 1519 1942; x_wconf 81' lang='grc' dir='ltr'>διάγραμμα</span> 
     </span>
     <span class='ocr_line' id='line_1_27' title="bbox 191 1957 1519 2014; baseline -0.001 -17"><span class='ocrx_word' id='word_1_232' title='bbox 191 1961 270 1998; x_wconf 85' lang='grc' dir='ltr'>τῶν</span> <span class='ocrx_word' id='word_1_233' title='bbox 299 1961 450 1998; x_wconf 80' lang='grc' dir='ltr'>σκευῶν</span> <span class='ocrx_word' id='word_1_234' title='bbox 480 1958 748 1999; x_wconf 85' lang='grc' dir='ltr'>ἀποδιδόντων</span> <span class='ocrx_word' id='word_1_235' title='bbox 775 1958 886 1999; x_wconf 75' lang='grc' dir='ltr'>εὐθὺς</span> <span class='ocrx_word' id='word_1_236' title='bbox 914 1959 956 1998; x_wconf 85' lang='grc' dir='ltr'>ἐν</span> <span class='ocrx_word' id='word_1_237' title='bbox 982 1959 1027 2014; x_wconf 79' lang='grc' dir='ltr'>τῇ</span> <span class='ocrx_word' id='word_1_238' title='bbox 1058 1958 1201 2013; x_wconf 77' lang='grc' dir='ltr'>βουλῇ,</span> <span class='ocrx_word' id='word_1_239' title='bbox 1233 1957 1294 1997; x_wconf 84' lang='grc' dir='ltr'>καὶ</span> <span class='ocrx_word' id='word_1_240' title='bbox 1323 1957 1410 2010; x_wconf 84' lang='grc' dir='ltr'>περὶ</span> <span class='ocrx_word' id='word_1_241' title='bbox 1442 1959 1519 1996; x_wconf 81' lang='grc' dir='ltr'>τῶν</span> 
     </span>
    </p>
   </div>
   <div class='ocr_carea' id='block_1_5' title="bbox 192 2023 1517 2080">
    <p class='ocr_par' dir='ltr' id='par_1_12' title="bbox 192 2023 1517 2080">
     <span class='ocr_line' id='line_1_28' title="bbox 192 2023 1517 2080; baseline -0.002 -14"><span class='ocrx_word' id='word_1_242' title='bbox 192 2029 356 2078; x_wconf 81' lang='grc' dir='ltr'>πληγῶν</span> <span class='ocrx_word' id='word_1_243' title='bbox 389 2026 629 2078; x_wconf 89' lang='grc' dir='ltr'>φασκόντων</span> <span class='ocrx_word' id='word_1_244' title='bbox 669 2024 899 2078; x_wconf 76' lang='grc' dir='ltr'>ἐπιτρέψειν</span> <span class='ocrx_word' id='word_1_245' title='bbox 936 2024 964 2080; x_wconf 75' lang='grc' dir='ltr'>ᾧ</span> <span class='ocrx_word' id='word_1_246' title='bbox 994 2025 1042 2066; x_wconf 75' lang='grc' dir='ltr'>ἂν</span> <span class='ocrx_word' id='word_1_247' title='bbox 1076 2025 1252 2066; x_wconf 81' lang='grc' dir='ltr'>κελεύσω</span> <span class='ocrx_word' id='word_1_248' title='bbox 1285 2023 1517 2075; x_wconf 83' lang='grc' dir='ltr'>Ἀθηναίων,</span> 
     </span>
    </p>
   </div>
   <div class='ocr_carea' id='block_1_6' title="bbox 193 2133 1523 2436">
    <p class='ocr_par' dir='ltr' id='par_1_13' title="bbox 193 2133 1523 2436">
     <span class='ocr_line' id='line_1_29' title="bbox 240 2133 1521 2173; baseline -0.001 -11"><span class='ocrx_word' id='word_1_249' title='bbox 240 2143 252 2162; x_wconf 89' lang='lat'>1</span> <span class='ocrx_word' id='word_1_250' title='bbox 279 2135 345 2165; x_wconf 74' lang='grc' dir='ltr'>ἴδον</span> <span class='ocrx_word' id='word_1_251' title='bbox 364 2133 387 2164; x_wconf 99' lang='lat' dir='ltr'>S</span> <span class='ocrx_word' id='word_1_252' title='bbox 495 2143 558 2172; x_wconf 83' lang='lat'>2—3</span> <span class='ocrx_word' id='word_1_253' title='bbox 583 2133 803 2173; x_wconf 77' lang='lat' dir='ltr'>parenthesin</span> <span class='ocrx_word' id='word_1_254' title='bbox 821 2134 938 2163; x_wconf 77' lang='lat' dir='ltr'>statuit</span> <span class='ocrx_word' id='word_1_255' title='bbox 959 2133 1076 2172; x_wconf 73' lang='lat' dir='ltr'>Rtiger</span> <span class='ocrx_word' id='word_1_256' title='bbox 1190 2143 1208 2162; x_wconf 86' lang='lat'><strong>2</strong></span> <span class='ocrx_word' id='word_1_257' title='bbox 1233 2133 1321 2164; x_wconf 78' lang='grc' dir='ltr'>τοῦτ’</span> <span class='ocrx_word' id='word_1_258' title='bbox 1341 2133 1430 2164; x_wconf 79' lang='grc' dir='ltr'>ἔστιν</span> <span class='ocrx_word' id='word_1_259' title='bbox 1446 2136 1521 2171; x_wconf 76' lang='lat' dir='ltr'>post</span> 
     </span>
     <span class='ocr_line' id='line_1_30' title="bbox 193 2175 1520 2218; baseline -0.002 -11"><span class='ocrx_word' id='word_1_260' title='bbox 193 2175 267 2218; x_wconf 79' lang='grc' dir='ltr'>ἄρξῃ</span> <span class='ocrx_word' id='word_1_261' title='bbox 286 2178 332 2218; x_wconf 76' lang='grc'>(3)</span> <span class='ocrx_word' id='word_1_262' title='bbox 352 2176 376 2207; x_wconf 87' lang='lat' dir='ltr'>S</span> <span class='ocrx_word' id='word_1_263' title='bbox 393 2177 453 2208; x_wconf 85' lang='lat' dir='ltr'>sed</span> <span class='ocrx_word' id='word_1_264' title='bbox 469 2187 544 2208; x_wconf 89' lang='lat' dir='ltr'>cum</span> <span class='ocrx_word' id='word_1_265' title='bbox 562 2178 648 2207; x_wconf 84' lang='lat' dir='ltr'>notis</span> <span class='ocrx_word' id='word_1_266' title='bbox 666 2177 908 2216; x_wconf 71' lang='lat' dir='ltr'>transponendi</span> <span class='ocrx_word' id='word_1_267' title='bbox 1019 2187 1038 2215; x_wconf 83' lang='lat'><strong>3</strong></span> <span class='ocrx_word' id='word_1_268' title='bbox 1063 2177 1212 2218; x_wconf 80' lang='grc' dir='ltr'>πρότερος</span> <span class='ocrx_word' id='word_1_269' title='bbox 1229 2182 1303 2216; x_wconf 86' lang='lat' dir='ltr'>post</span> <span class='ocrx_word' id='word_1_270' title='bbox 1321 2177 1436 2207; x_wconf 77' lang='grc' dir='ltr'>ἀδικῶν</span> <span class='ocrx_word' id='word_1_271' title='bbox 1453 2175 1476 2205; x_wconf 83' lang='lat' dir='ltr'>S</span> <span class='ocrx_word' id='word_1_272' title='bbox 1493 2175 1520 2203; x_wconf 93' lang='lat' dir='ltr'>D</span> 
     </span>
     <span class='ocr_line' id='line_1_31' title="bbox 194 2218 1520 2262; baseline -0.002 -13"><span class='ocrx_word' id='word_1_273' title='bbox 194 2219 262 2259; x_wconf 83' lang='lat' dir='ltr'>(hic</span> <span class='ocrx_word' id='word_1_274' title='bbox 279 2220 454 2261; x_wconf 62' lang='lat' dir='ltr'>vrpdrepa):</span> <span class='ocrx_word' id='word_1_275' title='bbox 488 2225 566 2251; x_wconf 85' lang='lat' dir='ltr'><strong>ante</strong></span> <span class='ocrx_word' id='word_1_276' title='bbox 589 2224 705 2262; x_wconf 81' lang='grc' dir='ltr'>χειρῶν</span> <span class='ocrx_word' id='word_1_277' title='bbox 724 2220 839 2259; x_wconf 83' lang='lat' dir='ltr'>vulg.:</span> <span class='ocrx_word' id='word_1_278' title='bbox 875 2220 955 2252; x_wconf 78' lang='lat' dir='ltr'><strong>secl.</strong></span> <span class='ocrx_word' id='word_1_279' title='bbox 978 2220 1085 2259; x_wconf 80' lang='lat' dir='ltr'>Blass‚</span> <span class='ocrx_word' id='word_1_280' title='bbox 1105 2222 1165 2251; x_wconf 79' lang='lat' dir='ltr'>sed</span> <span class='ocrx_word' id='word_1_281' title='bbox 1192 2221 1230 2251; x_wconf 85' lang='lat' dir='ltr'>cs.</span> <span class='ocrx_word' id='word_1_282' title='bbox 1257 2221 1302 2250; x_wconf 81' lang='lat' dir='ltr'>lix</span> <span class='ocrx_word' id='word_1_283' title='bbox 1330 2230 1354 2256; x_wconf 91' lang='lat'>1,</span> <span class='ocrx_word' id='word_1_284' title='bbox 1379 2218 1520 2257; x_wconf 81' lang='lat' dir='ltr'><strong>Antiph.</strong></span> 
     </span>
     <span class='ocr_line' id='line_1_32' title="bbox 194 2263 1522 2305; baseline 0 -12"><span class='ocrx_word' id='word_1_285' title='bbox 194 2268 246 2294; x_wconf 79' lang='lat' dir='ltr'>Fa</span> <span class='ocrx_word' id='word_1_286' title='bbox 262 2274 289 2301; x_wconf 90' lang='grc' dir='ltr'>Ι,</span> <span class='ocrx_word' id='word_1_287' title='bbox 315 2263 356 2295; x_wconf 87' lang='lat' dir='ltr'>al.</span> <span class='ocrx_word' id='word_1_288' title='bbox 499 2274 518 2303; x_wconf 89' lang='lat'>5</span> <span class='ocrx_word' id='word_1_289' title='bbox 541 2266 601 2303; x_wconf 77' lang='grc' dir='ltr'>τὴν</span> <span class='ocrx_word' id='word_1_290' title='bbox 626 2265 794 2304; x_wconf 85' lang='grc' dir='ltr'>μαρτυρίαν</span> <span class='ocrx_word' id='word_1_291' title='bbox 812 2263 860 2294; x_wconf 87' lang='lat' dir='ltr'>S:</span> <span class='ocrx_word' id='word_1_292' title='bbox 894 2265 951 2296; x_wconf 83' lang='grc' dir='ltr'>τὰς</span> <span class='ocrx_word' id='word_1_293' title='bbox 975 2265 1146 2305; x_wconf 73' lang='grc' dir='ltr'>μαρτυρίας</span> <span class='ocrx_word' id='word_1_294' title='bbox 1172 2264 1259 2302; x_wconf 80' lang='lat' dir='ltr'>vulg.</span> <span class='ocrx_word' id='word_1_295' title='bbox 1378 2263 1399 2292; x_wconf 84' lang='lat'>6</span> <span class='ocrx_word' id='word_1_296' title='bbox 1425 2267 1522 2293; x_wconf 85' lang='lat' dir='ltr'>MAP-</span> 
     </span>
     <span class='ocr_line' id='line_1_33' title="bbox 194 2305 1522 2346; baseline -0.003 -8"><span class='ocrx_word' id='word_1_297' title='bbox 194 2312 310 2339; x_wconf 80' lang='grc' dir='ltr'>ΤὙΡΙΑ</span> <span class='ocrx_word' id='word_1_298' title='bbox 328 2308 351 2338; x_wconf 89' lang='lat' dir='ltr'>S</span> <span class='ocrx_word' id='word_1_299' title='bbox 364 2307 394 2337; x_wconf 96' lang='lat' dir='ltr'>D</span> <span class='ocrx_word' id='word_1_300' title='bbox 412 2318 495 2338; x_wconf 87' lang='lat' dir='ltr'>corr.</span> <span class='ocrx_word' id='word_1_301' title='bbox 516 2318 523 2338; x_wconf 76' lang='grc' dir='ltr'><strong><em>ε</em></strong></span> <span class='ocrx_word' id='word_1_302' title='bbox 551 2313 765 2340; x_wconf 77' lang='grc' dir='ltr'>ΜΑΡΤΎΡΙΑΙ</span> <span class='ocrx_word' id='word_1_303' title='bbox 786 2308 875 2346; x_wconf 82' lang='lat' dir='ltr'><strong>vulg.</strong></span> <span class='ocrx_word' id='word_1_304' title='bbox 1053 2318 1074 2346; x_wconf 93' lang='lat'><strong>9</strong></span> <span class='ocrx_word' id='word_1_305' title='bbox 1098 2308 1169 2339; x_wconf 77' lang='grc' dir='ltr'>εἶπα</span> <span class='ocrx_word' id='word_1_306' title='bbox 1186 2307 1221 2345; x_wconf 87' lang='lat' dir='ltr'>S,</span> <span class='ocrx_word' id='word_1_307' title='bbox 1242 2307 1284 2337; x_wconf 88' lang='lat' dir='ltr'>cf.</span> <span class='ocrx_word' id='word_1_308' title='bbox 1303 2307 1312 2336; x_wconf 93' lang='lat' dir='ltr'>l</span> <span class='ocrx_word' id='word_1_309' title='bbox 1332 2308 1383 2341; x_wconf 46' lang='lat'>60¹</span> <span class='ocrx_word' id='word_1_310' title='bbox 1403 2305 1448 2335; x_wconf 83' lang='lat' dir='ltr'>liii</span> <span class='ocrx_word' id='word_1_311' title='bbox 1470 2316 1522 2342; x_wconf 77' lang='lat'>24,</span> 
     </span>
     <span class='ocr_line' id='line_1_34' title="bbox 195 2349 1518 2391; baseline 0.001 -11"><span class='ocrx_word' id='word_1_312' title='bbox 195 2350 241 2380; x_wconf 81' lang='lat' dir='ltr'>lix</span> <span class='ocrx_word' id='word_1_313' title='bbox 257 2360 287 2389; x_wconf 89' lang='lat'>5,</span> <span class='ocrx_word' id='word_1_314' title='bbox 306 2361 357 2389; x_wconf 90' lang='lat'>27,</span> <span class='ocrx_word' id='word_1_315' title='bbox 381 2362 420 2389; x_wconf 92' lang='lat'>70</span> <span class='ocrx_word' id='word_1_316' title='bbox 523 2361 561 2381; x_wconf 94' lang='lat'>10</span> <span class='ocrx_word' id='word_1_317' title='bbox 585 2354 611 2383; x_wconf 85' lang='grc' dir='ltr'>δ’</span> <span class='ocrx_word' id='word_1_318' title='bbox 627 2357 739 2382; x_wconf 75' lang='lat' dir='ltr'>serva:</span> <span class='ocrx_word' id='word_1_319' title='bbox 757 2350 781 2381; x_wconf 83' lang='lat' dir='ltr'>S</span> <span class='ocrx_word' id='word_1_320' title='bbox 797 2351 890 2381; x_wconf 84' lang='lat' dir='ltr'><strong>solus</strong></span> <span class='ocrx_word' id='word_1_321' title='bbox 993 2361 1031 2390; x_wconf 88' lang='lat'>19</span> <span class='ocrx_word' id='word_1_322' title='bbox 1055 2350 1148 2391; x_wconf 70' lang='grc' dir='ltr'>κατὰ]</span> <span class='ocrx_word' id='word_1_323' title='bbox 1169 2352 1218 2382; x_wconf 82' lang='grc' dir='ltr'>καὶ</span> <span class='ocrx_word' id='word_1_324' title='bbox 1236 2349 1274 2381; x_wconf 84' lang='lat' dir='ltr'>Sl</span> <span class='ocrx_word' id='word_1_325' title='bbox 1370 2359 1412 2379; x_wconf 83' lang='lat'>20</span> <span class='ocrx_word' id='word_1_326' title='bbox 1435 2351 1518 2388; x_wconf 79' lang='grc' dir='ltr'>διαψ.</span> 
     </span>
     <span class='ocr_line' id='line_1_35' title="bbox 196 2393 1523 2436; baseline -0.002 -12"><span class='ocrx_word' id='word_1_327' title='bbox 196 2393 324 2424; x_wconf 83' lang='lat' dir='ltr'><strong>Reiske</strong></span> <span class='ocrx_word' id='word_1_328' title='bbox 339 2405 346 2424; x_wconf 88' lang='lat'>:</span> <span class='ocrx_word' id='word_1_329' title='bbox 372 2395 433 2436; x_wconf 80' lang='grc' dir='ltr'>ἰδίᾳ</span> <span class='ocrx_word' id='word_1_330' title='bbox 450 2397 484 2435; x_wconf 81' lang='grc' dir='ltr'>ψ.</span> <span class='ocrx_word' id='word_1_331' title='bbox 501 2395 599 2426; x_wconf 83' lang='lat' dir='ltr'><strong>codd.</strong></span> <span class='ocrx_word' id='word_1_332' title='bbox 734 2405 773 2433; x_wconf 86' lang='lat'>27</span> <span class='ocrx_word' id='word_1_333' title='bbox 801 2394 1003 2435; x_wconf 79' lang='grc' dir='ltr'>ἐπιστρέψειν</span> <span class='ocrx_word' id='word_1_334' title='bbox 1019 2394 1043 2425; x_wconf 83' lang='lat' dir='ltr'>S</span> <span class='ocrx_word' id='word_1_335' title='bbox 1058 2406 1065 2425; x_wconf 72' lang='grc' dir='ltr'>τ</span> <span class='ocrx_word' id='word_1_336' title='bbox 1092 2394 1267 2435; x_wconf 76' lang='grc' dir='ltr'>ἐπιτρέπειν</span> <span class='ocrx_word' id='word_1_337' title='bbox 1284 2393 1376 2432; x_wconf 81' lang='lat' dir='ltr'><strong>vulg.</strong></span> <span class='ocrx_word' id='word_1_338' title='bbox 1486 2393 1523 2423; x_wconf 74' lang='grc' dir='ltr'>ἂν</span> 
     </span>
    </p>
   </div>
   <div class='ocr_carea' id='block_1_7' title="bbox 195 2435 1435 2522">
    <p class='ocr_par' dir='ltr' id='par_1_14' title="bbox 195 2435 1435 2522">
     <span class='ocr_line' id='line_1_36' title="bbox 195 2435 544 2469; baseline 0.003 -2"><span class='ocrx_word' id='word_1_339' title='bbox 195 2435 351 2468; x_wconf 81' lang='lat' dir='ltr'><strong>Bekker:</strong></span> <span class='ocrx_word' id='word_1_340' title='bbox 377 2439 431 2469; x_wconf 85' lang='grc' dir='ltr'>ἐὰν</span> <span class='ocrx_word' id='word_1_341' title='bbox 447 2438 544 2468; x_wconf 90' lang='lat' dir='ltr'>codd.</span> 
     </span>
     <span class='ocr_line' id='line_1_37' title="bbox 1396 2491 1435 2522; baseline 0 -13"><span class='ocrx_word' id='word_1_342' title='bbox 1396 2491 1435 2522; x_wconf 62' lang='lat'>8*</span> 
     </span>
    </p>
   </div>
  </div>
 </body>
</html>
