1763 2778
118 130 260 185 [1076]
681 123 1009 178 [ΔΗΜΟΣΘΕ
1025 123 1204 178 ΝΟΤΣ]
1509 123 1613 180 [me

281 226 318 260 ἐν
351 225 427 263 τοῖς
456 222 568 262 οἴκοις
600 225 672 261 τῶν
705 221 845 272 ἀνδρῶν
876 225 947 260 τῶν
980 222 1207 271 τεθνηκότων
1245 222 1464 270 φάσκουσαι
1504 226 1610 261 κυεῖν.

279 278 416 315 τούτων
436 277 684 327 ἐπιμελείσθω
705 277 764 314 καὶ
784 278 836 327 μὴ
865 277 956 314 ἐάτω
981 277 1147 326 ὑβρίζειν
1173 277 1312 327 μηδένα
1339 278 1423 327 περὶ
1452 277 1610 318 τούτους.

280 333 343 370 ἐὰν
363 333 403 370 δέ
420 349 474 372 τις
493 333 628 382 ὑβρίζῃ
647 330 671 381 ἢ
691 334 780 382 ποιῇ
805 349 840 370 τι
865 332 1092 380 παράνομον,
1117 332 1238 381 κύριος
1265 333 1361 370 ἔστω
1389 333 1612 381 ἐπιβάλλειν

280 388 374 425 κατὰ
392 387 435 425 τὸ
457 388 574 427 τέλος.
635 388 697 425 ἐὰν
720 386 758 424 δὲ
781 386 948 435 μείζονος
975 386 1107 436 ζημίας
1137 386 1228 437 δοκῇ
1255 387 1354 432 ἄξιος
1381 386 1478 434 εἶναι,
1497 405 1612 437 προσ-

280 442 533 491 καλεσάμενος
569 441 795 491 πρόπεμπτα
826 441 886 478 καὶ
923 441 1066 490 τίμημα
1105 442 1413 493 ἐπιγραψάμενος,
1447 442 1468 479 ὅ
1501 459 1535 480 τι
1567 442 1612 481 ἂν

280 496 370 547 δοκῇ
403 498 509 547 αὐτῷ,
542 496 721 547 εἰσαγέτω
753 498 801 535 εἰς
831 495 898 544 τὴν
932 495 1091 544 ἡλιαίαν.
1150 497 1213 534 ἐὰν
1241 495 1270 533 δ’
1300 498 1388 547 ἁλῷ,
1419 497 1560 546 τιμάτω
1587 499 1611 547 ἡ

278 552 406 601 ἡλιαία
424 551 508 601 περὶ
526 553 592 590 τοῦ
612 550 777 597 ἁλόντος,
802 549 821 588 ὅ
840 567 875 589 τι
895 550 968 601 χρὴ
989 550 1100 589 αὐτὸν
1119 550 1249 589 παθεῖν
1269 549 1293 600 ἢ
1313 553 1519 590 ἀποτεῖσαι.

216 674 259 719 76
347 665 440 704 Πῶς
465 661 514 703 ἂν
536 664 694 714 μᾶλλον
720 661 1012 715 ἐξερημώσαιεν
1038 660 1239 715 ἄνθρωποι
1263 661 1383 710 οἶκον,
1403 659 1426 713 ἢ
1450 663 1486 703 εἴ
1507 680 1611 706 τινες

278 730 368 773 τούς
400 747 443 771 τε
478 729 586 783 γένει
617 731 734 771 ὄντας
767 728 968 782 ἐγγυτάτω
994 728 1148 783 Ἁγνίᾳ,
1175 729 1335 771 τούτους
1362 727 1612 781 ἐξελαύνοιεν

279 797 326 848 ἐξ
359 797 493 851 ἑτέρου
524 798 632 838 οἴκου
669 798 791 843 ὄντες,
818 800 886 836 τοῦ
920 797 1121 849 Στρατίου,
1150 797 1213 838 καὶ
1236 796 1358 837 πάλιν
1383 798 1417 838 εἰ
1445 797 1515 838 τὸν
1536 800 1610 850 μὲν

279 867 427 917 κλῆρον
458 864 565 916 ἀξιοῖ
597 864 708 918 ἔχειν
739 867 808 905 τὸν
832 863 994 917 (Αγνίου
1030 864 1082 907 ὡς
1107 863 1216 917 γένει
1243 864 1468 916 προσήκων,
1500 864 1545 905 τὸ
1577 865 1610 905 δ’

123 929 253 986 [1077]
277 934 415 983 ὄνομα,
441 932 465 972 ὅ
488 934 601 972 ἐστιν
624 931 741 986 αὐτῷ,
761 931 813 983 μὴ
840 932 899 971 ὅτι
926 933 966 971 ἐκ
992 934 1062 971 τοῦ
1083 929 1245 983 Ἀγνίου
1270 933 1390 978 οἴκου,
1411 932 1505 973 ἀλλ’
1531 932 1609 972 οὐδ’

276 1001 318 1040 ἐκ
343 1002 413 1039 τοῦ
437 1001 627 1052 Στρατίου
654 1000 766 1039 ἐστὶν
784 1001 854 1039 τοῦ
873 1000 1011 1039 ἑαυτοῦ
1035 999 1244 1051 προγόνου,
1265 999 1354 1040 οὐδὲ
1376 1003 1455 1039 τῶν
1475 999 1610 1040 ἄλλων

277 1067 485 1119 ἀπογόνων
510 1071 588 1108 τῶν
613 1066 832 1113 Βουσέλου,
858 1065 1060 1107 τοσούτων
1085 1065 1322 1119 γενομένων,
1344 1065 1501 1108 οὐδενὸς
1524 1067 1610 1121 ἔχει

212 1144 254 1180 77
276 1134 321 1174 τὸ
345 1136 490 1186 ὅνομα,·
527 1135 634 1174 ἀλλὰ
659 1134 781 1175 πόθεν
802 1132 847 1184 δή
874 1135 962 1174 ἐστι
985 1132 1031 1174 τὸ
1050 1134 1176 1184 ὄνομα
1200 1134 1220 1173 ὁ
1247 1132 1529 1186 Μακάρτατος,·
1566 1136 1608 1174 ἐκ

275 1205 352 1242 τῶν
378 1201 479 1254 πρὸς
506 1202 663 1254 μητρός.
737 1199 967 1253 εἰσεποιήθη
992 1201 1067 1254 γὰρ
1095 1200 1209 1243 οὗτος
1232 1201 1289 1242 εἷς
1313 1200 1381 1241 τὸν
1405 1201 1514 1241 οἶκον
1538 1201 1609 1242 τὸν

276 1268 541 1321 Μακαρτάτου
573 1271 642 1308 τοῦ
677 1268 980 1320 Προσπαλτίου,
1009 1269 1187 1321 ἀδελφοῦ
1220 1269 1331 1310 ὄντος
1363 1270 1432 1319 τῆς
1463 1268 1608 1320 μητρὸς

274 1337 342 1386 τῆς
378 1336 531 1383 τούτου,
572 1335 634 1376 καὶ
674 1335 759 1389 ἔχει
796 1336 859 1376 καὶ
897 1336 1049 1378 ἐκεῖνον
1088 1335 1158 1376 τὸν
1192 1335 1315 1377 οἶκον.
1387 1335 1449 1376 καὶ
1485 1337 1608 1378 οὕτως

275 1403 387 1444 ἐστὶν
421 1402 630 1455 ὑβριστής,
658 1403 764 1444 ὥστε
789 1401 1005 1456 γενομένου
1029 1402 1133 1458 αὐτῷ
1165 1402 1271 1446 υἱέος
1301 1406 1372 1444 τοῦ
1397 1404 1470 1455 μὲν
1498 1404 1607 1444 εἰσα-

274 1474 412 1523 γαγεῖν
438 1472 492 1512 εἰς
517 1470 587 1511 τὸν
611 1470 719 1511 οἶκον
744 1469 811 1511 τὸν
836 1470 996 1523 Ἃγνίου
1021 1469 1106 1511 υἱὸν
1131 1474 1184 1525 τῷ
1208 1469 1350 1524 Ἅγνίᾳ
1375 1469 1604 1517 ἐπελάθετο,

275 1538 337 1578 καὶ
373 1541 494 1578 ταῦτα
532 1537 636 1592 ἔχων
669 1537 737 1578 τὸν
766 1540 914 1590 κλῆρον
947 1537 1016 1578 τὸν
1040 1532 1204 1590 (Αγνίου
1231 1538 1293 1578 καὶ
1318 1537 1488 1590 φάσκων
1512 1541 1608 1590 πρὸς

209 1617 253 1659 78
274 1606 426 1657 ἀνδρῶν
457 1605 560 1660 αὐτῷ
594 1603 825 1657 προσήκειν·
862 1608 1001 1647 τοῦτον
1027 1607 1068 1646 δὲ
1098 1604 1168 1645 τὸν
1192 1605 1274 1646 υἱὸν
1298 1604 1367 1646 τὸν
1393 1606 1606 1658 γενόμενον

272 1676 325 1727 τῷ
352 1671 600 1728 Μακαρτάτῳ
626 1673 906 1723 εἰσπεποίηκεν
926 1675 980 1728 τῷ
997 1672 1093 1724 πρὸς
1113 1671 1259 1724 μητρὸς
1285 1674 1338 1714 εἰς
1358 1672 1447 1715 τοὺς
1471 1676 1607 1726 Προσ-

272 1740 475 1787 παλτίους,
493 1742 562 1781 τὸν
583 1742 624 1781 δὲ
642 1739 804 1793 Ἃγνίου
829 1739 936 1780 οἶκον
963 1740 1091 1780 εἴακεν
1116 1740 1259 1793 ἔρημον
1286 1740 1386 1780 εἶναι
1405 1739 1449 1780 τὸ
1468 1740 1607 1780 τούτου

271 1806 401 1860 μέρος·
438 1807 543 1861 φησὶ
560 1809 601 1848 δὲ
620 1810 689 1848 τόν
709 1806 858 1858 πατέρα
877 1807 946 1848 τὸν
967 1809 1106 1848 ἑαυτοῦ
1125 1807 1370 1859 Θεόπομπον
1389 1806 1606 1859 προσήκειν

272 1873 424 1928 Ἃγνίᾳ.
485 1875 507 1914 ὁ
542 1876 586 1916 δὲ
620 1875 740 1926 νόμος
776 1874 928 1915 κελεύει
959 1874 980 1914 ὁ
1011 1878 1080 1915 τοῦ
1111 1875 1297 1917 Σόλωνος
1331 1878 1485 1926 κρατεῖν
1515 1873 1606 1918 τοὺς

272 1940 436 1994 ἄρρενας
473 1941 536 1982 καὶ
566 1941 657 1983 τοὺς
692 1943 733 1982 ἐκ
761 1945 839 1982 τῶν
865 1940 1051 1995 ἀρρένων·
1090 1941 1204 1984 οὗτος
1228 1943 1270 1982 δὲ
1295 1942 1441 1982 οὑτωσὶ
1464 1942 1605 1996 ῥαδίως

274 2009 569 2062 κατεφρόνησεν
588 2008 650 2049 καὶ
666 2013 744 2050 τῶν
761 2009 892 2061 νόμων
911 2009 973 2050 καὶ
990 2012 1057 2049 τοῦ
1071 2005 1246 2062 Ἃγνίου,
1265 2009 1328 2050 καὶ
1349 2009 1605 2059 εἰσεποίησεν

272 2075 341 2116 τὸν
364 2075 450 2117 υἱὸν
478 2077 532 2118 εἰς
555 2075 624 2117 τὸν
650 2075 760 2117 οἶκον
782 2076 852 2117 τὸν
878 2076 975 2129 πρὸς
999 2077 1155 2128 μητρός.
1229 2080 1311 2119 πῶς
1342 2075 1392 2117 ἂν
1423 2075 1604 2129 γένοιντο

272 2143 418 2184 τούτων
444 2142 644 2196 ἄνθρωποι
670 2143 991 2197 παρανομώτεροι
1015 2140 1039 2194 ἢ
1063 2143 1303 2197 βιαιότεροι,·

323 2262 336 2283 1
362 2256 427 2285 τῶν
454 2257 533 2293 post
563 2254 682 2295 ἀνδρῶν
710 2253 785 2285 sort.
812 2253 1005 2293 delendum,
1027 2253 1068 2285 cf.
1092 2253 1172 2285 Ath.
1199 2252 1270 2284 Pol.
1298 2252 1341 2284 lvi
1368 2262 1386 2292 7
1519 2252 1540 2282 8
1564 2252 1604 2283 ἂν

273 2295 298 2326 S
311 2296 337 2326 F
351 2296 380 2335 Q
397 2297 450 2327 D:
475 2298 512 2328 ἂν
526 2296 579 2329 οὖν
595 2298 624 2326 Α
751 2307 772 2336 9
797 2311 833 2329 τε
850 2308 914 2328 om.
933 2297 964 2328 A
1093 2307 1128 2327 11
1155 2311 1211 2329 τον
1227 2296 1316 2338 ‘A7.]
1335 2298 1392 2329 τοῦ
1410 2298 1479 2336 Ἀ’γ.
1499 2296 1552 2326 hic
1569 2300 1601 2326 et

272 2339 322 2369 bis
339 2340 424 2370 infra
440 2339 472 2369 A
601 2350 639 2370 12
662 2341 679 2373 ὃ
698 2351 762 2371 om.
780 2341 812 2370 A
937 2350 975 2379 13
1000 2346 1076 2380 post
1094 2340 1251 2383 προγόνου
1269 2341 1346 2372 add.
1363 2341 1437 2372 ἀλλ’
1456 2338 1487 2370 Α
1502 2350 1510 2370 2
1534 2349 1599 2370 om.

272 2388 350 2414 cett.
443 2384 513 2415 οὐδὲ
534 2383 629 2414 Blass
645 2395 653 2414 :
678 2386 742 2416 οὐδ’
761 2386 795 2416 ἐκ
811 2384 909 2415 codd.
1055 2394 1092 2423 14
1116 2387 1181 2417 τῶν
1197 2384 1248 2424 B.]
1266 2387 1322 2415 τοῦ
1336 2389 1370 2415 Β.
1387 2384 1417 2413 Α
1431 2383 1460 2412 D
1548 2397 1600 2414 το-

273 2426 409 2468 σούτων]
426 2429 558 2459 τουτωνὶ
576 2427 608 2458 Α
774 2437 812 2466 15
837 2429 876 2466 δὴ
893 2427 924 2457 Α
941 2438 949 2459 2
974 2427 1010 2459 δὲ
1026 2427 1118 2467 vulg.
1135 2439 1143 2459 t
1166 2438 1232 2458 om.
1253 2427 1284 2456 D
1400 2428 1438 2459 τὸ
1454 2425 1552 2457 habet
1569 2426 1601 2456 A

272 2470 366 2502 solus
503 2481 543 2510 19
566 2474 623 2503 τοῦ
638 2470 698 2511 μὲν
713 2470 745 2501 Α
759 2481 767 2502 .·
792 2473 909 2504 τοῦτον
925 2471 984 2512 μὲν
1000 2476 1079 2502 cett.
1217 2481 1258 2511 24
1283 2473 1389 2503 εἴασεν
1404 2470 1436 2501 Α

1631 454 1649 486 5

1636 817 1669 839 ῙΟ

1633 1155 1669 1187 ¹5

1629 1486 1669 1509 20

1628 1822 1665 1856 25

1624 2160 1665 2192 30
