1763 2778
445 131 483 168 Π
496 131 610 168 POO
623 131 636 167 Ι
649 130 690 167 Μ
702 131 717 167 Ι
728 131 775 167 A.
848 135 1115 170 XVIII-XXI
1477 125 1609 180 [1431]

129 229 171 268 δὲ
195 227 342 279 τρόπου
371 229 522 280 βελτίω
554 227 700 269 δύναιτ’
731 227 781 268 ἂν
808 227 1009 281 γενέσθαι,
1037 232 1150 269 τοῦτο
1177 232 1246 269 τοῦ
1279 232 1454 279 συμβου-

128 294 314 336 λεύοντος
338 294 454 348 ἔργον
480 296 617 335 εἰπεῖν.
659 294 779 336 ἔπειτ’
805 295 930 347 ἔγωγε
956 296 1098 346 νομίζω
1126 295 1187 335 καὶ
1214 295 1453 348 κατηγόρους
1475 311 1496 336 2

129 361 228 402 εῖναι
253 366 330 402 τῶν
355 362 593 404 ἀδικούντων
617 361 819 415 χαλεποὺς
845 363 888 402 οὐ
913 361 1003 403 τοὺς
1028 363 1070 404 ἐν
1089 362 1280 404 τοιούτοις
1306 366 1452 413 καιροῖς

41 455 59 468 22
129 427 383 479 ἐξετάζοντας
414 431 464 470 τὰ
496 428 767 482 πεπραγμένα,
805 428 861 468 ὅτ’
898 429 1080 480 οὐδεμίαν
1116 429 1291 470 δώσουσι
1325 429 1449 480 δίκην,

90 511 107 541 5
129 496 235 536 ἀλλὰ
272 496 364 539 τοὺς
400 497 555 537 τοιοῦτό
599 513 638 537 τι
679 499 982 547 συμβουλεῦσαι
1028 495 1263 546 δυνηθέντας
1299 495 1369 549 ἀφ’
1407 495 1453 536 οὗ

127 564 277 614 βελτίω
297 565 346 604 τὰ
364 563 540 615 παρόντα
564 562 708 616 γένοιτ’
728 562 788 603 ἄν·
827 564 890 603 διὰ
914 564 990 615 γῖιρ
1014 563 1175 605 τούτους
1201 562 1265 615 ἐφ’
1283 563 1453 616 ἡσυχίας

1475 638 1496 673 Q)

129 630 191 670 καὶ
215 629 306 682 παρ’
332 631 493 671 ἐκείνων
518 629 712 683 ἐγγένοιτ’
734 628 784 671 ἂν
808 631 899 681 ὑμῖν
923 631 1033 680 δίκην
1056 633 1214 681 λαβεῖν.
1267 629 1358 670 τοὺς
1381 632 1454 681 μὲν

127 697 196 737 οὖν
219 697 367 740 ἄλλους
388 698 533 750 λόγους
558 697 708 740 πάντας
730 696 956 749 περιέργους
982 697 1163 750 ἡγοῦμαι,
1183 697 1207 737 ’ὰ
1227 696 1259 736 δ’
1280 696 1328 737 ἂν
1348 697 1453 748 οἶμαι

128 768 380 816 συνενεγκεῖν
404 765 492 816 περὶ
515 765 571 805 ὧν
595 765 681 806 νυνὶ
705 768 905 811 σκοπεῖτε,
926 764 1032 804 ταῦτ’
1052 766 1176 805 εἰπεῖν
1199 763 1451 816 πειράσομαι,

70 849 107 871 10
126 835 318 872 τοσοῦτον
342 831 516 882 ἀξιώσας
538 832 676 883 μόνον·
711 830 760 871 ἂν
776 831 852 884 ἄρα
870 848 937 871 του
956 835 1162 882 μεμνῶμαι
1179 834 1257 871 τῶν
1277 848 1452 883 πεπραγ-

125 897 268 949 μένων,
285 898 337 949 μῗ]
355 899 590 951 κατηγορίας
607 898 647 949 μ’
663 896 769 951 ἕνεχ’
785 897 951 950 ἡγεῖσθε
968 898 1115 951 λέγειν,
1136 897 1228 938 ἀλλ’
1244 899 1307 938 ἵνα
1324 897 1453 949 δείξας

125 965 150 1005 ἃ
174 966 258 1006 τόθ’
279 965 485 1018 ἡμάρτετε,
512 969 580 1007 νῦν
605 965 820 1018 ἀποτρέψω
846 965 966 1006 ταύτὰ
990 968 1143 1006 παθεῖν.

753 1106 825 1143 ΚΑ

194 1188 244 1228 Εἷ
275 1188 338 1229 καὶ
368 1187 438 1228 τὸν
469 1187 597 1228 ἄλλον
630 1188 789 1240 χρόνον,
824 1186 852 1227 ὦ
890 1187 1028 1239 ἄνδρες
1064 1186 1281 1238 Ἀθηναῖοι,
1317 1187 1454 1239 μηδενὶ

70 1274 107 1307 ¹5
128 1255 507 1306 συμπολιτευόμενοι
535 1255 733 1305 τοσαύτην
759 1255 907 1307 ἤγομεν
931 1255 1106 1308 ἡσυχίαν
1129 1256 1305 1306 ὅσηνπερ
1333 1256 1376 1295 ἐν
1399 1258 1452 1308 τῷ

127 1322 303 1373 παρόντι,
330 1322 418 1363 οὔτε
443 1321 492 1362 τὰ
515 1325 585 1363 νῦν
609 1321 656 1362 ἂν
681 1321 928 1374 γεγενημένα
959 1324 1162 1373 συμβῆναι
1192 1322 1349 1372 νομίζω,
1375 1325 1453 1362 τῶν

126 1388 158 1428 τ’
183 1388 318 1429 ἄλλων
344 1389 453 1440 οἶμαι
481 1391 617 1430 πολλὰ
649 1388 815 1438 βέλτιον
840 1388 889 1430 ἂν
916 1389 1009 1440 ἡμῖν
1036 1389 1158 1442 ἔχειν.
1228 1392 1296 1429 νῦν
1321 1388 1353 1428 δ’
1379 1388 1453 1429 ὑπὸ

125 1457 195 1506 τῆς
226 1456 340 1496 ἐνίων
365 1457 581 1509 ἀσελγείας
611 1456 702 1497 οὔτε
734 1458 946 1508 παρελθεῖν
975 1456 1054 1496 οὔτ’
1085 1457 1210 1497 εἰπεῖν
1239 1455 1320 1495 οὔθ’
1350 1456 1454 1497 ὅλως

125 1523 249 1575 λόγου
273 1527 406 1577 τυχεῖν
431 1523 556 1564 ἔστιν.
627 1524 718 1564 ὅθεν
745 1524 958 1574 συμβαίνει
983 1525 1116 1563 πολλὰ
1142 1523 1204 1562 καὶ
1230 1522 1296 1562 οὐκ
1321 1521 1453 1572 ἐπιτή-
1475 1539 1496 1564 2

67 1614 106 1636 20
125 1589 196 1631 δει’
218 1591 329 1632 ἴσως.
403 1591 436 1631 εἰ
460 1593 532 1641 μὲν
557 1592 625 1631 οὖν
650 1590 711 1630 ἀεὶ
734 1590 868 1636 ταύτά,
897 1590 1180 1636 πυνθάνεσθαι,
1204 1590 1265 1630 καὶ
1291 1592 1456 1630 σκοπεῖν

126 1657 149 1697 ὅ
184 1674 220 1698 τι
259 1656 334 1711 χρὴ
383 1660 560 1708 ποιῆσαι,
607 1657 670 1697 καὶ
712 1656 887 1710 πάσχειν
930 1657 1069 1708 οἷάπερ
1112 1657 1196 1698 νυνὶ
1237 1657 1453 1709 βούλεσθε,

126 1724 341 1777 ψηφιεῖσθ’
367 1724 466 1776 ἅπερ
501 1726 543 1764 ἐκ
576 1729 654 1765 τῶν
678 1724 1014 1776 παρεληλυθότων
1046 1725 1215 1777 χρόνων,
1248 1723 1455 1764 καθέλκειν
1478 1725 1612 1781 [1432]

127 1790 306 1844 τριήρεις,
342 1792 561 1843 ἐμβαίνειν,
593 1791 811 1845 εἰσφέρειν,
848 1791 978 1833 πάντα
1014 1791 1119 1832 ταῦτ’
1150 1791 1236 1842 ἤδη·
1280 1791 1303 1830 ἃ
1338 1795 1455 1842 τριῶν

127 1858 280 1911 ἡμερῶν
315 1856 338 1910 ἢ
375 1858 504 1906 πέντε,
539 1858 587 1899 ἂν
620 1859 803 1915 σιωπηθῇ
835 1861 885 1899 τὰ
918 1861 1023 1911 παρὰ
1052 1862 1128 1899 τῶν
1158 1859 1359 1909 πολεμίων
1393 1858 1455 1898 καὶ

68 1949 106 1980 ²5
128 1930 287 1979 σχῶσιν
312 1926 484 1980 ἡσυχίαν
512 1928 664 1971 ἐκεῖνοι,
686 1926 808 1966 πάλιν
833 1925 961 1966 οὐκέτι
989 1925 1120 1978 καιρὸν
1147 1924 1246 1965 εἶναι
1270 1924 1455 1976 πράττειν

602 1993 611 2007 t
651 1993 661 2007 Ι

127 1992 405 2046 ὑπολήψεσθε.
459 1994 568 2045 ὅπερ,
594 1992 694 2044 ηνικ’
721 1995 763 2033 ἐν
787 1992 1080 2046 εΕλλησπόντῳ
1107 1993 1313 2032 Φίλιππον
1337 1991 1453 2041 ἠκού-

753 2060 762 2073 (
802 2061 812 2074 Ι

129 2077 270 2112 σαμεν,
302 2059 468 2112 συνέβη,
501 2061 562 2100 καὶ
593 2060 715 2101 πάλιν
745 2059 844 2110 ηνικ’
875 2061 930 2101 εἷς
961 2061 1189 2111 Μαραθῶνα
1216 2057 1384 2111 τριήρεις
1417 2059 1456 2098 αἱ

179 2179 193 2199 1
211 2171 269 2200 τοῦ
280 2179 346 2201 om.
360 2179 376 2198 ι·
441 2170 462 2199 6
478 2171 547 2200 καθ’
564 2169 703 2209 ἡσυχίαν
714 2178 730 2198 r
801 2177 835 2198 11
856 2168 1001 2208 ἡγεῖσθαι
1018 2167 1043 2197 S
1059 2167 1083 2197 F
1096 2167 1126 2206 Q
1138 2177 1163 2206 r,
1180 2168 1239 2198 sed
1254 2167 1293 2198 cs.
1308 2167 1340 2197 iv
1352 2176 1401 2205 13,
1418 2176 1455 2205 14

131 2221 169 2242 12
199 2215 303 2245 ταῦτα
335 2212 360 2242 F
377 2212 407 2251 Q
426 2212 455 2242 D
618 2222 655 2250 14
688 2211 806 2252 ἄλλον]
841 2212 942 2244 ἄλλον
976 2211 1103 2243 ἅπαντα
1133 2221 1149 2241 r
1312 2220 1348 2249 17
1383 2211 1457 2249 ἡμῖν

129 2255 318 2287 Schaefer:
350 2259 421 2296 ὑμῖν
445 2255 544 2286 codd.
681 2256 719 2285 18
744 2256 813 2286 οὔτ’
838 2257 936 2287 εἰπεῖν
964 2265 1025 2285 om.
1043 2265 1059 2285 Γ
1206 2264 1248 2284 20
1272 2255 1318 2286 ἀεὶ
1348 2253 1413 2284 SD
1428 2253 1456 2283 C

127 2298 272 2330 Vindob.
291 2310 310 2338 4
325 2311 330 2330 :
356 2302 405 2331 δεῖ
421 2299 511 2337 vulg.
529 2309 536 2329 ε
561 2300 649 2330 αὐτοὶ
671 2309 687 2328 1·
735 2299 839 2331 ταύτά
857 2298 992 2328 Dobree
1010 2310 1017 2329 :
1033 2301 1138 2330 ταῦτα
1153 2298 1252 2328 codd.
1343 2296 1455 2328 πυνθά-

128 2346 220 2375 νεσθε
239 2343 262 2373 S
276 2353 292 2373 r
395 2353 433 2373 21
461 2346 516 2375 νῦν
533 2352 549 2372 Γ
638 2342 811 2383 βούλεσθε]
826 2341 1000 2379 βούλεσθαι
1020 2342 1044 2371 F
1056 2351 1138 2372 corr.
1155 2341 1185 2379 Q
1204 2353 1210 2372 ε
1235 2340 1429 2378 βουλεύεσθε
1441 2349 1457 2369 r

129 2397 170 2416 22
195 2389 363 2427 ψηφιεῖσθε
381 2396 397 2416 r
412 2386 556 2416 Vindob.
576 2382 614 2424 4¹³
636 2385 852 2426 (Felicianus)
872 2398 879 2416 ι
900 2388 1083 2426 ψηφιεῖσθαι
1103 2384 1126 2415 S
1143 2385 1230 2423 vulg.
1332 2394 1373 2422 23
1396 2385 1456 2421 ἤδη

130 2429 164 2470 ἃ]
183 2431 232 2461 διὰ
250 2431 306 2460 rD
321 2430 347 2459 C
482 2440 523 2467 24
547 2429 600 2470 ἂν]
620 2429 658 2460 ἂν
675 2429 707 2460 δὲ
726 2439 742 2458 r
831 2439 869 2467 27
897 2429 927 2460 αἱ
944 2438 1039 2459 om.1·
