1746 2774
80 497 82 499 -
106 475 124 507 5

85 814 126 838 10

89 1151 126 1183 15

86 1489 128 1512 20

640 96 923 134 Emz‘roffl
965 98 979 134 l
1141 75 1145 78 ’
1491 94 1633 149 [1463]

144 197 328 247 βοῦντας.
401 194 445 235 οὐ
481 194 559 246 μὴν
596 194 687 236 ἀλλ’
725 194 794 236 ἐὰν
830 194 1046 247 ἐθελήσητ’.
1072 196 1238 236 ἀκοῦσαι
1275 201 1370 253 σιγῇ
1407 196 1468 235 καὶ

145 262 393 314 περιμείνητε
426 262 556 303 πάντα
583 265 734 314 μαθεῖν,
763 264 908 314 οἴομαι,
943 262 994 304 ὡς
1025 262 1099 303 σὺν
1132 264 1237 304 θεοῖς
1274 264 1465 315 εἰρῆσθαι,

146 329 283 381 καίπερ
312 328 501 383 βραχέων
528 334 607 370 τῶν
636 329 920 382 γεγραμμένων
952 331 1090 375 ὄντων,
1118 329 1232 372 αὐτός
1262 347 1305 371 τε
1337 328 1465 382 φανή-

146 399 292 436 σεσθαι
319 398 417 447 μετὰ
450 397 582 447 πάσης
613 397 763 439 εὐνοίας
792 399 840 436 τὰ
871 396 997 437 δέονθ’
1030 398 1126 448 ὑπὲρ
1147 397 1252 448 ὑμῶν
1285 396 1466 448 πράττων

147 463 208 503 καὶ
231 464 280 503 τὰ
304 463 548 516 συμφέρονθ’
572 464 661 515 ὑμῖν
688 465 843 516 ἐμφανῆ
868 462 1022 514 δείξειν.
1095 464 1167 517 οὐχ
1193 464 1245 505 ὡς
1277 464 1466 516 ἀπορούν·
1483 476 1506 509 4

144 547 223 571 των
247 529 279 570 δ’
302 531 410 582 ὑμῶν
432 531 620 584 ῥητόρων,
648 531 735 571 οὐδὲ
761 534 837 571 τῶν
863 530 954 572 ἄνευ
985 534 1183 583 λογισμοῦ
1207 531 1347 585 ῥᾳδίως
1379 531 1402 570 ὅ
1430 548 1468 571 τι

144 596 192 638 ἂν
227 597 405 651 τύχωσιν
440 598 645 651 ἐρούντων,
682 597 795 648 ἔδοξέ
817 615 882 649 μοι
919 598 990 649 τὴν
1030 597 1248 648 ἐπιστολὴν
1285 597 1468 648 πέμπειν·

145 664 238 705 ἀλλ’
270 666 349 706 ὅσα
380 665 564 719 τυγχάνω
595 665 643 706 δι’
677 666 881 716 ἐμπειρίαν
915 665 977 705 καὶ
1007 664 1051 705 τὸ
1081 664 1470 717 παρηκολουθηκέναι

145 735 227 773 τοῖς
254 732 483 784 πράγμασιν
511 733 633 779 εἰδώς,
661 732 765 772 ταῦτ’
792 732 1018 783 ἐβουλήθην
1042 736 1124 773 τοῖς
1153 734 1225 783 μὲν
1257 749 1464 784 προαιρου-
1490 731 1629 787 [1464]

144 798 276 850 μένοις
301 799 437 852 λέγειν
463 801 619 852 ἐμφανῆ
646 798 816 850 ποιήσας
842 800 1041 851 ἀφθόνους
1074 800 1256 851 ἀφορμὰς
1288 800 1342 838 ὧν
1372 800 1467 840 ὑπο-

145 866 342 917 λαμβάνω
369 868 588 919 συμφέρειν
612 868 702 918 ὑμῖν
720 869 864 916 δοῦναι,
885 870 968 909 τοῖς
993 868 1034 907 δὲ
1054 870 1220 907 πολλοῖς
1239 867 1375 920 ῥᾳδίαν
1399 866 1470 916 τὴν

144 937 222 974 τῶν
257 935 487 985 βελτίστων
527 935 681 986 αἵρεσιν
721 936 981 984 καταστῆσαι.
1051 934 1106 974 ὧν
1146 935 1219 985 μὲν
1260 933 1328 973 οὖν
1370 932 1470 974 ἕνεκ’

146 999 297 1051 ἐπῆλθέ
318 1018 384 1052 μοι
409 1001 481 1051 τὴν
504 1000 723 1051 ἐπιστολὴν
748 1001 931 1053 γράφειν,
959 1000 1063 1041 ταῦτ’
1090 1002 1213 1041 ἐστίν.

214 1072 291 1109 Δεῖ
320 1067 353 1108 δ’
385 1069 496 1119 ὑμᾶς,
522 1066 552 1108 ὦ
586 1068 723 1120 ἄνδρες
755 1067 971 1118 Ἀθηναῖοι,
999 1072 1152 1119 πρῶτον
1185 1070 1257 1119 μὲν
1286 1066 1509 1121 ἁπάντων5

149 1134 245 1187 πρὸς
267 1136 365 1187 ὑμᾶς
391 1135 529 1178 αὐτοὺς
554 1136 739 1187 ὁμόνοιαν
765 1137 819 1177 εἰς
844 1139 887 1175 τὸ
916 1140 1024 1193 κοινῇ
1054 1136 1258 1187 συμφέρον
1284 1141 1330 1192 τῇ
1355 1136 1472 1176 πόλει

145 1202 431 1256 παρασχέσθαι
457 1204 606 1245 καὶτὰς
633 1205 675 1243 ἐκ
699 1205 777 1243 τῶν
797 1200 997 1255 προτέρων
1023 1204 1244 1252 ἐκκλησιῶν
1264 1203 1473 1254 ἀμφισβη-

147 1268 282 1320 τήσεις
317 1271 446 1316 ἐᾶσαι,
484 1271 666 1323 δεύτερον
706 1273 748 1311 δὲ
791 1270 941 1313 πάντας
980 1270 1021 1310 ἐκ
1059 1273 1150 1321 μιᾶς
1190 1270 1349 1322 γνώμης
1389 1273 1473 1311 τοῖς

147 1335 289 1387 δόξασι
327 1338 534 1389 προθύμως
573 1337 927 1390 συναγωνίζεσθαι·
981 1337 1034 1379 ὡς
1080 1336 1125 1377 τὸ
1166 1336 1257 1388 μήθ’
1301 1336 1343 1377 ἓν
1379 1335 1472 1388 μήθ’

147 1405 282 1446 ἁπλῶς
307 1405 493 1456 πράττειν
517 1405 562 1446 οὐ
586 1405 708 1456 μόνον
733 1406 845 1446 ἐστὶν
871 1403 1033 1455 ἀνάξιον
1061 1405 1168 1455 ὑμῶν
1198 1404 1260 1444 καὶ
1294 1402 1470 1456 ἀγεννές,

147 1471 253 1511 ἀλλὰ
280 1472 342 1512 καὶ
367 1472 456 1514 τοὺς
479 1472 692 1525 μεγίστους
719 1472 918 1513 κινδύνους
938 1472 1034 1525 ἔχει.
1083 1475 1143 1511 δεῖ
1165 1473 1207 1511 δὲ
1230 1473 1328 1522 μηδὲ
1351 1474 1473 1511 ταῦτα
1492 1474 1534 1519 6⁴,

145 1541 286 1579 λαθεῖν
308 1539 420 1590 ὑμᾶς,
448 1539 472 1579 ἂ
497 1538 584 1579 καθ’
610 1540 706 1579 αὑτὰ
730 1541 805 1590 μὲν
829 1539 897 1579 οὐκ
923 1539 1033 1579 ἔστιν
1057 1538 1226 1591 αὐτάρκη
1254 1542 1472 1591 κατασχεῖν

146 1605 371 1658 πράγματα,
420 1605 691 1658 προστεθέντα
739 1608 781 1647 δὲ
822 1609 908 1648 ταῖς
948 1606 1140 1656 δυνάμεσι
1179 1609 1316 1660 πολλῷ
1356 1604 1472 1646 πάντ’

146 1671 519 1726 εὖκατεργαστότερ’
564 1674 657 1725 ὑμῖν
704 1672 876 1724 ποιήσει.
947 1672 1018 1713 τίν’
1067 1672 1135 1713 οὖν
1177 1673 1287 1712 ἐστιν
1328 1675 1470 1719 ταῦτα;

143 1738 242 1791 μήτε
280 1741 397 1781 πόλει
437 1741 606 1796 μηδεμιᾷ
643 1739 741 1792 μήτε
783 1744 861 1780 τῶν
902 1737 983 1793 <ἐν>
1020 1739 1167 1796 ἑκάστῃ
1203 1743 1280 1780 τῶν
1315 1739 1473 1780 πόλεων

146 1807 510 1860 συνηγωνισμένων
542 1811 624 1850 τοῖς
655 1808 922 1858 καθεστηκόσι
951 1804 1125 1858 (μηδενὶ)
1149 1805 1248 1858 μήτε
1273 1808 1468 1859 πικραίνε-

145 1876 238 1914 σθαι
261 1873 360 1926 μήτε
383 1879 654 1926 μνησικακεῖν.
725 1876 745 1914 ὁ
769 1876 844 1928 γὰρ
867 1877 1040 1915 τοιοῦτος
1066 1874 1196 1926 φόβος
1224 1873 1313 1915 τοὺς
1340 1890 1469 1914 συνει-
1493 1888 1512 1923 7

145 1941 262 1984 ὃότας
286 1942 428 1987 αὐτοῖς,
456 1942 507 1984 ὡς
532 1942 760 1995 ἀναγκαίοις
789 1946 872 1984 τοῖς
901 1942 1169 1991 καθεστηκόσι
1196 1941 1258 1981 καὶ
1291 1941 1471 1981 κίνδυνον

145 2008 287 2062 ἔχουσι
310 2010 510 2061 πρόδηλον
534 2010 753 2062 προθύμους
779 2010 1077 2062 συναγωνιστὰς
1102 2011 1216 2048 ποιεῖ·
1254 2007 1469 2060 ἀφεθέντες

188 2134 207 2153 2
234 2125 272 2156 ἁς
296 2124 355 2156 σὺν
382 2124 564 2155 Schaefer:
596 2126 645 2156 καὶ
671 2125 731 2156 σὺν
754 2125 874 2155 codd.:
906 2126 965 2155 σὺν
988 2123 1108 2154 Wotf.
1214 2135 1231 2160 4
1258 2122 1333 2163 ὑπὲρ
1351 2121 1469 2152 Blass:

145 2168 212 2208 περὶ
230 2168 327 2198 codd.
450 2169 470 2197 6
495 2169 520 2199 δ’
539 2168 564 2198 F
583 2178 680 2206 coru,
698 2169 740 2199 cs.
759 2168 820 2207 Ep.
835 2168 869 2197 iii
888 2178 951 2197 20:
975 2178 1039 2198 om.
1058 2166 1080 2197 S
1093 2165 1133 2196 F¹
1146 2166 1175 2204 Q
1313 2176 1351 2195 10
1374 2170 1469 2206 αφθο-

145 2223 242 2243 νουσα
260 2211 283 2241 S
400 2222 437 2240 12
455 2214 520 2244 τῶν
534 2210 593 2251 μὲν
611 2211 634 2241 S
655 2213 688 2249 (τ
705 2217 830 2251 puncto
848 2212 1010 2249 deletum)
1126 2220 1163 2248 15
1189 2209 1293 2252 κοινῇ]
1312 2210 1417 2240 κοινὸν
1434 2213 1468 2238 ut

144 2255 209 2285 vid.
231 2253 269 2284 S1
406 2256 444 2284 16
467 2254 627 2296 προτέρων
646 2255 764 2285 Blass:
788 2254 939 2295 πρότερον
955 2254 1052 2284 codd.
1194 2255 1230 2282 18
1254 2251 1327 2293 μήθ’
1348 2251 1381 2283 ἓν
1396 2252 1468 2292 μήθ’

146 2297 255 2330 ἁπλῶς
290 2297 386 2328 Blass
402 2309 409 2328 :
449 2299 529 2338 μηδὲ
567 2297 601 2329 ἓν
630 2298 702 2338 μηδ’
736 2298 845 2330 ἁπλῶς
877 2298 973 2328 codd.
990 2309 997 2328 ι
1033 2297 1111 2337 μηδὲ
1154 2296 1186 2327 ἓν
1225 2296 1334 2327 ἁπλῶς
1372 2295 1467 2325 Turr.

146 2350 187 2378 23
210 2342 336 2380 ποιήσει
351 2341 496 2371 Aldina:
521 2342 665 2379 ποιήσειν
682 2341 704 2371 S
716 2341 741 2371 F
755 2341 785 2380 Q
947 2351 1032 2379 24-5
1059 2343 1092 2372 ἐν
1109 2345 1141 2370 et
1157 2340 1266 2379 μηδενὶ
1283 2339 1358 2369 add.
1377 2337 1474 2369 Wolf

143 2394 184 2423 27
208 2385 422 2423 καθεστηκόσι
441 2384 537 2415 Blass
552 2395 558 2415 z
583 2385 798 2423 συνεστηκόσι
816 2385 913 2416 codd.
1006 2385 1056 2415 καὶ
1073 2394 1137 2414 om.
1154 2383 1179 2412 F
