1763 2778
104 122 240 179 [1194]
667 122 721 179 [Δ
733 129 769 166 H
783 130 822 166 M
833 130 868 166 ο
879 130 956 166 ΣΘ
968 129 1044 166 EN
1056 121 1187 178 OTE]
1482 122 1586 179 [mx

262 228 370 278 ἐμόν,
403 230 436 270 εἰ
470 228 523 280 μὴ
559 226 757 279 Τιμοθέου
792 226 839 278 ἦν
872 226 920 267 τὰ
957 226 1056 279 ξύλα
1082 227 1144 268 καὶ
1167 225 1308 277 ἐδεήθη
1333 227 1445 268 οὗτος
1470 227 1586 267 αὐτοῦ

261 294 468 345 συστήσας
493 295 562 336 τὸν
591 295 815 342 Φιλώνδαν,
851 295 915 336 ὅτε
952 293 1120 346 ἀνήγετο
1154 293 1206 337 ὡς
1227 294 1318 336 τοὺς
1343 294 1584 347 στρατηγοὺς

259 361 350 404 τοὺς
394 361 615 413 βασιλέως,
663 365 889 415 παρασχεῖν
934 361 980 402 τὸ
1027 365 1187 409 ναῦλον,
1235 362 1351 402 ἐᾶσαι
1396 361 1445 402 ἄν
1491 378 1586 402 ποτε

260 429 526 480 ὑποκειμένων
562 429 662 484 αὐτῷ
690 433 768 469 τῶν
803 428 932 479 ξύλων
965 432 1034 469 τοῦ
1070 429 1216 470 ναύλου
1253 429 1492 479 ἀνακομίσαι
1517 427 1586 469 τὸν

261 497 472 537 Φιλώνδαν
503 495 551 536 τὰ
583 495 684 547 ξύλα
709 497 751 536 ἐκ
776 500 844 536 τοῦ
876 495 1049 547 λιμένος,
1077 496 1169 537 ἀλλ’
1196 496 1263 536 οὐκ
1288 494 1337 536 ἷιν
1361 512 1583 547 παρακατα-
1606 510 1623 542 5

261 562 467 614 στήσαντά
491 581 579 604 τινα
604 567 682 604 τῶν
707 565 866 604 οἰκετῶν
893 563 1110 616 φυλάττειν
1135 563 1197 604 καὶ
1222 562 1338 614 τιμὴν
1362 562 1586 614 λαμβάνειν

259 634 336 672 τῶν
371 630 639 682 πωλουμένων
673 629 816 681 ξύλων,
856 631 928 673 ἕως
965 631 1178 683 ἐκομίσατο
1213 629 1262 670 τὰ
1291 632 1440 676 ἑαυτοῦ,
1479 631 1586 682 εἴπερ

195 700 240 743 36
260 698 468 739 Φιλώνδου
506 697 554 749 ἦν
589 700 638 738 τὰ
675 697 775 750 ξύλα
812 699 874 739 καὶ
911 698 1099 750 ἐμπορίας
1135 698 1248 738 ἕνεκα
1284 696 1407 751 ἤχθη,·
1451 696 1587 737 ἔπειτα

260 765 355 817 πρὸς
391 765 546 808 τούτοις
581 765 658 806 τίνι
685 767 793 817 ὑμῶν
831 764 933 808 εἰκὸς
969 769 1079 807 δοκεῖ
1108 764 1219 811 εῖναι,
1249 764 1301 816 μὴ
1324 764 1587 806 κελεύσαντος

258 832 395 873 τούτου
435 832 480 873 τὸ
521 837 668 874 ναῦλον
709 836 933 886 παρασχεῖν
972 836 1053 874 τῶν
1098 830 1230 883 ξύλων
1275 836 1354 872 τῶν
1394 830 1586 872 δοθέντων
1610 847 1648 868 10

258 899 382 954 τούτῳ
415 899 490 941 ὑπὸ
527 899 733 952 Ἀμύντου,
773 903 987 940 πιστεῦσαι
1019 902 1090 941 τὸν
1120 898 1269 951 πατέρα
1297 898 1365 939 τὸν
1392 898 1486 949 ἐμὸν
1511 901 1584 938 Φι-

257 967 392 1021 λώνδᾳ
418 967 480 1008 καὶ
505 969 622 1008 ἐᾶσαι
648 968 887 1019 ἀνακομίσαι
911 969 958 1007 τὰ
982 966 1082 1018 ξύλα
1106 967 1149 1007 ἐκ
1164 970 1235 1007 τοῦ
1256 965 1416 1017 λιμένος
1442 966 1496 1007 εἷς
1515 965 1586 1016 τὴν

259 1035 384 1074 οἰκίαν
409 1033 481 1085 τὴν
505 1035 662 1082 τούτου;
698 1031 723 1085 ἢ
759 1038 842 1076 πῶς
866 1035 949 1075 οἶόν
974 1034 1006 1074 τ’
1032 1034 1142 1075 ἐστὶν
1177 1033 1247 1074 τὸν
1269 1035 1342 1085 μὲν
1376 1033 1587 1074 Φιλώνδαν

259 1101 446 1154 ἐμπορίας
471 1102 583 1142 ἕνεκα
608 1103 772 1154 ἀγαγεῖν
791 1103 839 1142 τὰ
864 1101 975 1152 ξύλα,
1005 1101 1055 1143 ὡς
1080 1101 1191 1143 οὗτός
1217 1106 1357 1153 φησιν,
1389 1098 1583 1153 καταχρή-

101 1170 235 1224 [1195]
258 1171 408 1210 σασθαι
432 1171 473 1209 δὲ
498 1173 636 1210 τοῦτον
662 1169 808 1219 ἥκοντα
833 1170 887 1211 εἷς
912 1168 984 1219 τὴν
1009 1169 1236 1219 οἰκοδομίαν
1268 1167 1338 1219 τὴν
1364 1168 1482 1208 αὑτοῦ
1504 1171 1586 1208 τοῖς
1608 1186 1645 1218 15

193 1247 237 1283 37
258 1233 391 1284 ξύλοις
436 1237 607 1283 τούτοις;
668 1235 880 1288 σκέψασθε
926 1237 968 1276 δὲ
1016 1236 1184 1282 κάκεῖνο,
1234 1236 1295 1276 ὅτι
1339 1234 1486 1275 πολλοὶ
1523 1233 1586 1274 καὶ

258 1302 427 1356 χρηστοὶ
451 1308 529 1344 τῶν
567 1306 740 1344 πολιτῶν
765 1304 903 1344 οἰκεῖοι
926 1305 1037 1345 ὄντες
1066 1303 1189 1357 τούτῳ
1217 1303 1483 1353 ἐπεμελοῦντο
1507 1306 1585 1342 τῶν

257 1370 408 1418 τούτου,
454 1371 750 1422 ἀποδημοῦντος
787 1371 890 1422 παρὰ
926 1374 1099 1421 βασιλεῖ
1129 1369 1339 1421 Τιμοθέου·
1376 1370 1431 1410 ὧν
1461 1368 1585 1411 οὐδεὶς

257 1438 500 1489 τετόλμηκεν
522 1439 770 1491 μαρτυρῆσαι
793 1438 917 1492 τούτῳ
940 1434 964 1488 ἢ
993 1437 1043 1479 ὡς
1066 1436 1135 1477 οὐκ
1161 1436 1311 1487 ἔλαβεν
1337 1437 1357 1476 ὁ
1377 1436 1586 1478 Φιλώνδας

257 1504 300 1544 τὸ
348 1508 494 1546 ναῦλον
539 1509 618 1546 τῶν
665 1503 797 1556 ξύλων
832 1505 911 1545 ἀπὸ
947 1507 1016 1555 τῆς
1057 1504 1252 1556 τραπέζης
1292 1500 1315 1555 ἢ
1353 1503 1403 1545 ὡς
1442 1503 1585 1553 λαβὼν
1606 1521 1647 1544 20

257 1571 470 1619 ἀπέδωκεν,
507 1572 586 1613 οὐδ’
623 1573 669 1613 aff
706 1572 756 1615 ὡς
792 1570 919 1613 αὐτῶν
954 1588 1011 1613 τις
1047 1570 1209 1612 διέλυσε
1235 1570 1281 1611 τὸ
1315 1574 1465 1613 ναῦλον
1487 1571 1584 1622 ὑπὲρ

257 1643 336 1679 τῶν
363 1637 494 1690 ξύλων
527 1641 582 1680 ὧν
610 1639 762 1692 ἤγαγεν
792 1639 816 1680 ὁ
849 1639 1072 1685 Φιλώνδας,
1111 1638 1305 1679 δοθέντων
1333 1638 1457 1693 τούτῳ
1494 1635 1585 1690 παρ’

257 1705 466 1757 Ἀμύντου·
504 1707 691 1759 ἡγοῦνται
726 1708 801 1759 γὰρ
839 1707 928 1758 περὶ
963 1708 1148 1749 πλείονος
1178 1707 1310 1748 αὑτοῖς
1341 1706 1441 1746 εῖναι
1472 1704 1585 1745 καλοὶ

258 1773 424 1826 κάγαθοὶ
462 1777 592 1815 δοκεῖν
633 1774 732 1815 εἶναι
769 1776 927 1825 μᾶλλον
965 1769 988 1824 ἢ
1026 1772 1209 1828 Τιμοθέῳ
1247 1772 1496 1826 χαρίσασθαι
1534 1773 1585 1811 τὰ

192 1852 235 1895 38
256 1843 384 1892 ψευδῆ
420 1845 720 1894 μαρτυροῦντες.
794 1841 838 1881 οὐ
874 1840 1010 1892 μέντοι
1051 1841 1139 1881 οὐδὲ
1175 1839 1314 1880 τούτου
1350 1839 1386 1892 γ’
1423 1840 1584 1892 ἔφασαν
1606 1857 1644 1889 25

258 1911 602 1961 καταμαρτυρῆσαι
627 1907 675 1949 ἂν
699 1909 863 1959 τάληθῆ·
901 1909 1045 1949 οἰκεῖον
1070 1909 1144 1960 γὰρ
1169 1908 1300 1949 αὐτοῖς
1324 1907 1437 1948 εἶναι.
1486 1907 1584 1946 ὅπου

256 1975 386 2015 τοίνυν
409 1975 544 2027 μηδεὶς
568 1976 787 2027 τετόλμηκε
809 1979 889 2016 τῶν
925 1975 1078 2016 οἰκείων
1103 1974 1225 2029 τούτῳ
1249 1976 1493 2027 μαρτυρῆσαι
1520 1974 1583 2014 καὶ

256 2041 552 2094 ἐπιμελομένων
577 2047 654 2084 τῶν
678 2043 829 2090 τούτου,
856 2043 922 2084 ὅτε
941 2040 1132 2093 ἀπεδήμει
1147 2042 1260 2085 οὗτος
1279 2042 1383 2094 παρὰ
1400 2043 1579 2093 βασιλεῖ,

299 2161 319 2192 3
337 2154 428 2184 ἐᾶσαι
443 2150 475 2181 Α
491 2163 499 2183 2
522 2153 542 2192 ἢ
560 2155 651 2184 ἐᾶσαι
668 2156 746 2184 cett.
866 2161 886 2191 5
903 2150 1201 2193 παραστήσανταΑ
1268 2152 1290 2182 6
1307 2151 1402 2190 τίμην
1413 2150 1436 2182 S
1452 2150 1477 2181 F
1489 2149 1519 2189 Q
1533 2149 1582 2180 D:

255 2195 315 2233 τὴν
331 2196 427 2234 τίμην
446 2195 479 2226 Α
583 2207 600 2235 7
623 2199 688 2228 τῶν
704 2195 913 2235 πωλουμένων
932 2198 1011 2236 (τῶν
1027 2194 1230 2235 πολυυμένων
1246 2194 1286 2225 δ’]
1303 2195 1412 2233 codd.,
1431 2194 1470 2225 cs.
1491 2193 1581 2224 xxvii

262 2249 318 2277 13:
352 2238 565 2279 πωλουμένων
587 2243 652 2271 τῶν
677 2239 774 2270 Blass
930 2250 966 2269 10
989 2242 1168 2280 παρασχεῖν
1190 2239 1229 2270 τὸ
1248 2240 1364 2269 ναῦλον
1381 2237 1412 2267 Λ
1544 2247 1581 2266 12

258 2284 293 2313 ἐκ
309 2285 367 2314 τοῦ
395 2283 523 2322 λιμένος
547 2294 610 2313 om.
637 2283 667 2312 A
689 2283 786 2314 oculo
807 2283 986 2313 aberrante
1007 2293 1049 2312 cx
1074 2284 1108 2315 ἐκ
1127 2283 1168 2312 ad
1192 2284 1234 2314 εἰς
1367 2292 1403 2319 14
1428 2282 1540 2313 οὕνεκα
1557 2280 1581 2311 S

260 2326 300 2356 16
321 2325 355 2357 δὲ
376 2327 502 2358 κάκεῖνο
518 2326 571 2357 A:
596 2329 634 2365 δὴ
652 2331 731 2357 cett.
891 2337 927 2365 17
954 2326 1148 2365 ἐπεμέλοντο
1165 2325 1194 2354 Α
1372 2326 1410 2354 18
1432 2323 1581 2362 Τιμοθέου

257 2368 319 2400 dcl.
343 2369 477 2400 Dobrec
616 2381 653 2400 21
682 2369 747 2402 οὐδ’
766 2369 818 2409 αὖ]
838 2371 856 2408 ἢ
870 2369 900 2398 Λ
1010 2380 1050 2408 24
1077 2368 1111 2409 ἢ]
1130 2370 1148 2407 ἢ
1165 2371 1200 2400 οὐ
1218 2368 1381 2399 Schacser
1397 2368 1474 2398 coll.
1494 2370 1531 2405 ἐξ
1549 2377 1580 2406 3,

256 2422 309 2451 47,
325 2423 377 2453 53,
400 2412 410 2443 l
426 2415 470 2444 66
602 2424 643 2453 25
668 2413 794 2455 μέντοι]
810 2414 921 2454 μέντοι
934 2412 969 2454 γ’
985 2412 1017 2442 A
1149 2414 1192 2443 26
1213 2413 1252 2444 ἄν
1267 2422 1331 2444 om.
1346 2411 1378 2442 Α
