1763 2778
104 129 232 185 [1152]
649 127 1165 189 [ΔΗΜΟΣΘΕΝΟΎΣ]
1466 125 1581 181 [mn

256 235 520 289 συνεχώρησα
549 235 651 275 ὥστε
680 238 732 288 τῷ
764 232 969 288 Θεοφήμῳ
989 231 1107 273 πέντε
1141 232 1203 272 καὶ
1237 233 1364 272 εἴκοσι
1395 233 1580 284 δραχμῶν

190 312 234 345 44
255 304 582 353 προστιμηθῆναι.
645 302 706 342 καὶ
730 304 850 341 ταῦτα
876 300 926 342 ὡς
951 301 1078 350 ἀληθῆ
1103 297 1222 351 λέγω,
1246 299 1353 349 ὑμῶν
1378 315 1420 338 τε
1445 297 1581 349 δέομαι

255 369 344 408 ὅσοι
384 369 602 420 ἐβούλευον
645 367 704 408 ἐπ’
740 366 1030 420 Ἀγαθοκλέους
1067 365 1260 419 ἄρχοντος
1298 364 1461 417 φράζειν
1499 369 1581 406 τοῖς

255 435 606 487 παρακαθημένοις,
636 435 696 475 καὶ
726 435 843 476 ὅσους
873 432 1066 484 ἐδυνάμην
1092 434 1170 485 ἐγὼ
1196 431 1366 486 ἐξευρεῖν
1390 435 1468 472 τῶν
1492 432 1581 472 τότε

254 503 542 554 βουλευόντων,
570 502 766 555 μάρτυρας
790 502 878 552 ὑμῖν
904 499 1132 552 παρέξομαι.

811 604 1027 633 ΜΑΡΤΎῬΕΣ.

929 683 949 693 Α

320 686 427 740 Ἐγὼ
464 689 537 739 μὲν
578 687 708 727 τοίνυν
746 687 881 732 οὕτως,
926 690 955 726 ὡ
997 684 1134 737 ἄνδρες
1172 685 1368 732 δικασταί,
1409 684 1581 735 ἐπιεικὴς

255 755 448 807 ἐγενόμην
480 753 577 806 πρὸς
612 754 786 796 τούτους.
858 753 984 793 καίτοι
1010 752 1056 792 τό
1084 769 1130 804 γε
1155 751 1353 805 ψήφισμα
1386 752 1582 803 δημοσίαν

253 821 325 872 τὴν
354 821 495 862 οὐσίαν
523 821 735 862 ἐκέλευσεν
759 821 871 866 εἶναι,
900 819 944 860 οὐ
966 820 1088 871 μόνον
1114 818 1156 861 ὃς
1178 817 1228 859 ἂν
1252 819 1357 873 ἔχων
1383 819 1502 869 σκεύη
1528 818 1580 870 μὴ

253 889 425 943 ἀποδιδῷ
451 894 498 945 τῇ
523 889 650 935 πόλει,
674 889 780 929 ἀλλὰ
801 888 861 928 καὶ
882 886 924 929 ὃς
942 886 990 928 ἂν
1011 887 1089 941 ἰδίᾳ
1109 885 1355 937 κτησάμενος
1378 885 1431 937 μὴ
1450 891 1580 942 πωλῇ·

254 956 412 1007 τοιαύτη
438 955 512 1008 γὰρ
541 956 563 1007 ἡ
601 956 747 1008 ἀπορία
779 955 881 995 οὖσα
918 953 1157 1006 συνέβαινεν
1190 954 1279 995 τότε
1314 954 1357 994 ἐν
1388 958 1435 1011 τῇ
1467 954 1581 995 πόλει

255 1027 417 1064 σκευῶν.
489 1024 555 1064 καί
576 1040 640 1074 μοι
667 1022 863 1075 ἀνάγνωθι
888 1021 933 1061 τὸ
957 1021 1164 1074 ψήφισμα.

816 1124 1014 1153 ΨΗΦῙΣΜΑ.

189 1218 230 1252 45
321 1207 610 1249 Καταπλεύσας
630 1208 774 1253 τοίνυν,
794 1204 822 1246 ὦ
842 1205 979 1258 ἄνδρες
1005 1206 1199 1252 δικασταί,
1218 1204 1269 1247 ὡς
1290 1204 1418 1246 οὐδενὶ
1437 1204 1580 1256 ἤθελεν

101 1283 229 1338 [1153]
254 1275 476 1328 ἐπιτρέπειν
509 1276 529 1314 ὁ
563 1275 780 1326 Θεόφημος
813 1273 901 1327 περὶ
925 1277 1002 1314 τῶν
1033 1276 1200 1325 πληγῶν
1227 1274 1282 1313 ὧν
1310 1273 1399 1313 τότε
1427 1272 1580 1323 ἔλαβον

252 1343 316 1384 ὑπ’
341 1343 471 1389 αὐτοῦ,
506 1340 868 1396 προσεκαλεσάμην
901 1340 1020 1380 αὐτὸν
1051 1340 1116 1381 καὶ
1148 1339 1298 1393 ἔλαχον
1331 1339 1433 1394 αὐτῷ
1469 1341 1579 1390 δίκην

252 1413 320 1461 τῆς
363 1411 526 1453 αἰκείας.
582 1407 1058 1460 ἀντιπροσκαλεσαμένου
1104 1409 1147 1448 δὲ
1190 1405 1366 1447 κάκείνου
1403 1407 1474 1458 ἐμὲ
1517 1407 1580 1447 καὶ

254 1481 461 1528 διαιτητῶν
491 1475 669 1530 ἐχόντων
705 1478 775 1518 τὰς
805 1476 926 1523 δίκας,
952 1474 1087 1525 ἐπειδὴ
1124 1475 1146 1525 ἡ
1185 1475 1389 1526 ἀπόφασις
1426 1473 1473 1524 ἧν
1509 1476 1578 1525 τῆς

254 1546 372 1595 δίκης,
399 1544 422 1584 ὁ
443 1546 516 1596 μὲν
545 1544 762 1596 Θεόφημος
789 1541 1066 1595 παρεγράφετο
1096 1541 1159 1582 καὶ
1185 1542 1406 1592 ὑπώμνυτο,
1434 1541 1512 1593 ἐγὼ
1536 1543 1578 1582 δὲ

189 1621 234 1664 46
253 1611 453 1653 πιστεύων
477 1613 630 1666 ἐμαυτῷ
650 1613 773 1662 μηδὲν
792 1611 940 1651 ἀδικεῖν
961 1607 1111 1665 εἰσῄειν
1132 1610 1184 1649 εἰς
1204 1609 1314 1659 ὑμᾶς.
1368 1609 1575 1662 παρασχό-

251 1696 369 1730 μενος
395 1681 437 1720 δὲ
463 1681 611 1721 ἐκεῖνος
635 1678 780 1729 ταύτην
803 1677 875 1728 τὴν
900 1678 1126 1729 μαρτυρίαν,
1144 1675 1192 1726 ἣν
1216 1675 1341 1718 ἄλλος
1364 1678 1435 1727 μὲν
1455 1675 1580 1718 οὐδεὶς

251 1745 558 1799 μεμαρτύρηκεν,
586 1746 606 1785 ὁ
632 1747 672 1786 δὲ
699 1747 876 1798 ἀδελφὸς
905 1745 966 1785 καὶ
993 1745 1013 1783 ὁ
1041 1742 1245 1794 κηδεστής,
1274 1743 1324 1785 ὡς
1350 1741 1485 1784 ἐθέλοι
1510 1742 1581 1793 τὴν

253 1813 461 1866 ἄνθρωπον
498 1816 751 1865 παραδοῦναι,
792 1812 854 1852 καὶ
895 1811 1234 1864 προσποιούμενος
1275 1809 1420 1852 ἄκακος
1466 1810 1578 1856 εἶναι,

255 1879 504 1931 ἐξηπάτησεν
539 1879 631 1921 τοὺς
668 1878 870 1921 δικαστάς.
927 1877 1064 1930 δέομαι
1098 1879 1139 1918 δὲ
1170 1879 1278 1928 ὑμῶν
1311 1877 1394 1918 νυνὶ
1427 1878 1580 1917 δικαίαν

254 1946 402 1998 δέησιν,
424 1947 503 1998 ἅμα
527 1948 598 1998 μὲν
624 1946 782 1987 δικάσαι
805 1946 893 1998 περὶ
918 1948 986 1996 τῆς
1010 1945 1233 1997 μαρτυρίας,
1261 1944 1409 1997 πότερα
1431 1942 1581 1996 ψευδής

256 2017 366 2056 ἐστιν
392 2011 414 2065 ἢ
441 2013 603 2065 ἀληθής,
630 2013 710 2065 ἅμα
734 2015 776 2054 δὲ
800 2014 889 2064 περὶ
917 2015 987 2054 τοῦ
1018 2012 1248 2065 πράγματος
1273 2011 1319 2063 ἐξ
1341 2012 1464 2065 ἀρχῆς
1489 2009 1582 2052 σκέ-

188 2094 232 2128 47
255 2084 426 2134 ψασθαι,
516 2082 592 2134 ἐγὼ
633 2083 704 2132 μὲν
746 2082 889 2127 τοίνυν,
931 2081 986 2122 εἷς
1022 2080 1047 2121 ἃ
1083 2079 1196 2122 οὗτος
1234 2078 1455 2132 κατέφυγεν
1491 2079 1579 2118 τότε

256 2149 396 2196 δίκαια,
422 2149 465 2190 ἐκ
491 2149 639 2189 τούτων
664 2149 796 2199 οἴομαι
819 2150 901 2189 δεῖν
926 2151 994 2188 τὸν
1021 2146 1193 2200 ἔλεγχοι·
1218 2145 1419 2199 γενέσθαι,
1446 2147 1489 2186 ἐκ
1515 2147 1580 2195 τῆς

277 2281 296 2301 2
320 2273 545 2313 προτιμηθῆναι
573 2270 599 2303 S
747 2271 768 2300 6
793 2273 999 2303 ΜΑΡἸῪΡΕΣ
1027 2267 1145 2308 scripsi
1175 2278 1248 2298 cum
1279 2267 1331 2297 D:
1366 2270 1580 2299 ΜΑΡΤὙΡΙΑῙ

254 2315 344 2355 vulg.
480 2325 497 2353 7
522 2316 619 2347 οὕτως
637 2318 712 2354 post
729 2314 835 2346 τοίνυν
855 2314 904 2345 S:
926 2318 1003 2353 post
1020 2313 1168 2344 δικασταί
1188 2312 1275 2350 vulg.
1411 2321 1432 2349 9
1457 2309 1581 2341 ἐκέλευ-

256 2373 312 2391 σεν
329 2359 353 2390 S
366 2358 397 2398 Q
413 2358 463 2389 D:
489 2357 636 2390 ἐκέλευεν
660 2358 748 2396 vulg.
844 2368 882 2388 10
905 2358 966 2399 ἰδίᾳ
983 2356 1082 2387 codd.
1099 2367 1107 2387 t
1131 2358 1193 2388 ἴδια
1211 2355 1317 2386 Cobet
1403 2363 1437 2383 11
1465 2354 1484 2392 ἦ
1500 2352 1580 2385 secl.

257 2402 353 2433 BlaSS
460 2411 498 2441 15
524 2403 645 2439 ἔλαβον
661 2401 738 2434 τότε
758 2401 783 2432 F
797 2400 827 2440 Q
842 2401 871 2431 D
972 2402 1011 2430 16
1033 2399 1298 2440 προεκαλεσάμην
1315 2397 1340 2429 S
1462 2407 1499 2437 17
1522 2399 1582 2436 ’τῆς

255 2451 366 2478 servat
383 2445 407 2478 S
424 2445 515 2477 solus
582 2444 935 2487 ἀντι-προκαλεσαμένου
952 2443 976 2475 S
990 2444 1020 2474 D
1161 2453 1200 2483 19
1223 2441 1327 2483 δίκης]
1346 2441 1466 2479 διαίτης
1483 2439 1583 2472 Blass

1605 902 1641 923 10

1601 1622 1640 1644 20

1603 1958 1642 1990 ²5
