1763 2778
123 119 260 173 [1226]

390 112 908 169 [ΔΗΜΟΣΘΕΝΟΎΣ]
950 119 1109 157 ΠΡΟΣ
1158 119 1496 157 ΠΟΛὙΚΛΕΑ
1569 114 1608 169 [ι

280 219 489 259 πείθεσθαι
512 221 595 260 τοῖς
620 218 754 269 νόμοις
779 215 990 270 ἐξελέγξας
1006 218 1235 259 ἀδικοῦντας
1254 219 1297 258 ἐν
1320 218 1412 268 ὑμῖν
1435 217 1602 271 τιμωρή-

217 291 262 325 66
282 288 443 326 σασθαι.
502 286 545 326 εῦ
572 285 605 325 δ’
623 287 711 326 ἴστε
731 286 790 325 ὅτι
807 284 851 324 οὐ
870 285 958 337 περὶ
973 289 1052 325 τῶν
1068 287 1171 336 ἐμῶν
1189 286 1296 325 ἰδίων
1311 287 1467 335 μᾶλλον
1486 302 1603 336 τιμω-

280 351 455 403 ρήσεσθε
481 352 696 392 Πολυκλέα
725 349 747 402 ἢ
775 353 847 405 οὐχ
873 353 968 404 ὑπὲρ
998 353 1104 402 ὑμῶν
1130 351 1268 398 αὐτῶν,
1297 352 1385 392 οὐδὲ
1417 352 1504 404 περὶ
1528 357 1606 393 τῶν

280 420 612 471 παρεληλυθότων
647 418 895 472 τριηράρχων
938 419 1168 470 ἐπιμέλειαν
1204 417 1427 469 ποιήσεσθε
1467 420 1603 470 μόνον,

281 487 386 526 ἀλλὰ
423 487 484 526 καὶ
521 486 608 538 περὶ
644 489 722 526 τῶν
749 486 980 537 μελλόντων
1011 486 1214 537 πρόνοιαν,
1253 487 1356 527 ὥστε
1385 484 1483 537 μήτε
1515 486 1605 528 τοὺς
1625 501 1642 532 5

278 557 594 609 λῃτουργοῦντας
627 553 805 604 ἀθυμεῖν,
842 552 940 603 μήτε
975 552 1064 595 τοὺς
1101 553 1307 606 διαδόχους
1344 557 1605 605 καταφρονεῖν

279 624 356 660 τῶν
379 620 522 671 νόμων,
550 618 641 660 ἀλλ’
665 619 823 661 ἀπιέναι
855 620 919 660 ἐπὶ
942 621 1012 661 τὰς
1037 624 1141 667 ναῦς,
1168 621 1263 660 ὅταν
1288 623 1604 661 κατασταθῶσιν.

129 689 259 744 [1227]
280 687 304 727 δ.
328 686 518 739 προσήκει
541 687 640 738 ὑμᾶς
665 686 950 739 ἐνθυμηθέντας
976 688 1098 739 ὀρθῶς
1125 689 1186 728 καὶ
1212 689 1368 730 δικαίως
1392 691 1605 741 διαγνῶναι

215 822 258 865 67

212 1361 256 1394 68

280 754 368 806 περὶ
393 753 589 796 ἁπάντων.

345 820 498 863 Ἡδέως
523 821 556 861 δ’
581 820 629 861 ἂν
653 820 760 872 ὑμῶν
785 821 993 872 πυθοίμην,
1021 819 1051 861 ὦ
1075 820 1214 874 ἄνδρες
1239 823 1431 868 δικασταί,
1459 821 1532 863 τίν’
1557 822 1605 862 ἄν

279 904 376 929 ποτε
395 888 555 940 γνώμην
578 888 667 941 περὶ
699 889 795 939 ἐμοῦ
827 889 967 941 εἴχετε,
989 889 1023 929 εἷ
1052 892 1120 929 τοῦ
1148 906 1190 930 τε
1221 889 1367 942 χρόνου
1399 888 1606 939 ἐξήκοντος

280 955 342 995 καὶ
368 955 506 996 τούτου
530 954 582 1006 μὴ
606 955 772 1006 ἥκοντος
791 956 855 996 ἐπὶ
880 955 951 1005 τὴν
976 959 1072 997 ναῦν
1097 955 1148 1007 μὴ
1170 956 1516 1010 ἐπετριηράρχησα
1542 973 1603 997 κε-

277 1022 464 1064 λεύοντος
493 1025 562 1063 τοῦ
591 1025 828 1074 στρατηγοῦ,
855 1023 964 1063 ἀλλὰ
993 1022 1128 1063 πλέων
1152 1022 1323 1078 ᾠχόμην.
1371 1023 1430 1075 ἆρ’
1460 1023 1528 1064 οὐκ
1557 1023 1605 1064 ἂν

279 1088 497 1140 ὠργίζεσθέ
528 1106 598 1141 μοι
629 1089 692 1130 καὶ
723 1089 889 1141 ἡγεῖσθε
921 1088 970 1130 ἂν
999 1091 1168 1137 ἀδικεῖν,·
1221 1091 1254 1131 εἰ
1285 1091 1418 1131 τοίνυν
1445 1089 1495 1130 ἂν
1520 1091 1604 1141 ἐμοὶ

278 1156 368 1197 τότε
409 1156 636 1209 ὠργίζεσθε,
674 1157 736 1196 ὅτι
773 1155 841 1197 οὐκ
884 1156 1243 1210 ἐπετριηράρχησα,
1286 1161 1369 1199 πῶς
1409 1156 1498 1210 οὐχὶ
1536 1161 1606 1198 νῦν

277 1221 470 1274 προσήκει
496 1224 596 1274 ὑμᾶς
619 1226 758 1264 τοῦτον
791 1222 1007 1276 εἰσπρᾶξαί
1025 1241 1092 1275 μοι
1122 1225 1172 1264 τὰ
1200 1224 1454 1276 ἀναλώματα,
1481 1224 1506 1265 ἃ
1528 1225 1606 1277 ἐγὼ

276 1290 374 1341 ὑπὲρ
399 1290 537 1330 τούτου
562 1289 766 1341 ἀνήλωσα,
793 1290 862 1331 τὸν
886 1290 932 1331 οὐ
957 1290 1237 1343 διαδεξάμενον
1261 1291 1332 1342 τὴν
1357 1295 1471 1339 ναῦν;

336 1355 431 1397 ’Ότι
464 1357 495 1397 δ’
521 1357 590 1398 οὐκ
621 1358 706 1409 ἐμοὶ
731 1357 836 1411 μόνῳ
863 1357 908 1398 οὐ
940 1357 1141 1410 διεδέξατο
1172 1358 1246 1409 τὴν
1273 1362 1382 1405 ναῦν,
1409 1359 1516 1399 ἀλλὰ
1543 1358 1604 1399 καὶ

276 1424 468 1476 πρότερον
496 1424 687 1481 Εὐριπίδῃ
713 1423 1024 1479 συντριήραρχος
1054 1425 1108 1466 ὢν
1139 1425 1201 1465 καὶ
1235 1428 1441 1476 συνθηκῶν
1472 1425 1605 1465 οὐσῶν

276 1490 407 1532 αὐτοῖς
429 1490 519 1533 τοὺς
544 1490 590 1542 ἓξ
609 1494 735 1543 μῆνας
760 1490 944 1544 ἑκάτερον
970 1497 1098 1539 πλεῖν,
1126 1492 1260 1543 ἐπειδὴ
1281 1492 1494 1545 Εὐριπίδης
1518 1491 1600 1542 ἐξέ-

276 1563 451 1598 πλευσεν
480 1559 542 1599 καὶ
573 1559 593 1598 ὁ
617 1559 759 1611 χρόνος
793 1558 943 1610 ἐξῆκεν,
971 1559 1016 1600 οὐ
1044 1558 1244 1610 διεδέξατο
1269 1559 1341 1611 τὴν
1363 1563 1460 1601 ναῦν
1484 1560 1602 1615 αὐτῷ,

276 1625 552 1677 ἀναγνώσεται
577 1625 649 1677 τὴν
674 1627 899 1678 μαρτυρίαν.

834 1710 1044 1738 ΜΑΡΊὝΡῙΑ.

320 1807 334 1827 1
355 1798 539 1830 ἀδικοῦντας
555 1800 589 1830 ἐν
604 1800 674 1839 ὑμῖν
685 1797 708 1829 S
722 1798 753 1828 A
768 1810 775 1829 ε
801 1800 834 1830 ἐν
847 1800 918 1839 ὑμῖν
930 1800 1118 1831 ἀδικοῦντας
1127 1798 1215 1839 vulg.
1338 1809 1357 1837 3
1374 1800 1393 1837 ἢ
1410 1801 1472 1840 οὐχ
1488 1800 1601 1839 codd.‚

275 1840 436 1872 Priscian.
455 1842 475 1871 ii
497 1852 558 1881 173
695 1844 760 1881 5—6
783 1843 857 1874 τοὺς
875 1843 1041 1883 διαδόχους
1058 1845 1324 1884 λειτουργοῦντας
1340 1843 1371 1872 Α
1484 1844 1506 1873 6
1529 1845 1604 1876 τοὺς

273 1884 458 1925 διαδόχους]
475 1886 608 1917 τούτους
624 1885 654 1915 Α
745 1896 762 1924 7
790 1885 883 1926 ὅταν]
904 1885 1070 1918 ἐπειδὰνΑ
1164 1897 1200 1925 14
1225 1886 1393 1927 ὠργίζεσθε
1406 1886 1429 1917 S
1440 1886 1471 1917 A
1486 1898 1493 1917 :
1517 1887 1603 1928 ὀργί-

274 1926 378 1966 ζοισθε
396 1928 483 1967 vulg.
544 1934 621 1968 post
639 1930 757 1961 ἀδικεῖν
774 1930 850 1960 add.
868 1943 907 1968 με
926 1929 949 1959 S
967 1929 1057 1968 vulg.
1077 1941 1084 1960 :
1109 1940 1172 1960 om.
1191 1930 1221 1960 A
1325 1932 1363 1960 16
1379 1933 1602 1971 συνεισπρᾶξαι

274 1970 372 2001 Blass
389 1975 425 2001 ut
443 1971 512 2001 xlix
529 1974 572 2011 69
679 1982 715 2011 17
741 1973 894 2010 ἀνήλωσα
910 1972 940 2002 Α
957 1983 964 2003 :
989 1973 1139 2005 ὰνάλωσα
1157 1973 1180 2003 S
1197 1973 1238 2004 al.
1366 1983 1408 2004 20
1432 1973 1601 2015 ἑκάτερον]

273 2013 412 2046 ἕκαστον
427 2013 459 2044 Α
572 2016 680 2054 ἐπειδὴ
697 2015 730 2047 δὲ
749 2016 917 2057 Εὐριπίδης
932 2015 964 2045 Α
1078 2026 1119 2054 23
1147 2021 1344 2048 ΜΑΡΤΎῬῙΑ
1363 2027 1429 2048 om.
1447 2017 1489 2048 A.
1523 2022 1601 2048 ante

274 2062 472 2090 MAPTTPIA
483 2058 560 2089 add.
576 2058 750 2092 Schaeser.
767 2064 844 2098 post
856 2064 1055 2091 ΜΑΡΊὝΡῙΑ
1068 2059 1167 2090 BlaSS
1181 2065 1325 2093 ΝΟΜΟΣ
1337 2065 1600 2100 ΑΝΑΛΩΜΑΤΑ,

272 2110 356 2139 quae
373 2101 474 2132 verba
491 2107 567 2141 post
586 2101 692 2144 χρόνῳ
711 2104 743 2142 (ς
761 2104 821 2143 65)
840 2103 1009 2133 excidisse
1027 2103 1160 2134 censuit
1177 2103 1306 2134 Reiske

321 2143 357 2174 In
377 2143 401 2175 S
418 2145 641 2185 subscriptum

757 2193 863 2222 ΠΡΟΣ
887 2194 1104 2222 ΠΟΛΎΚΛΕΑ

783 2238 874 2264 ΠΕΡΙ
899 2237 978 2264 ΤΟΤ
1000 2239 1092 2265 ΊῬῙΗ

848 2281 1043 2308 ΡΑΡΧΗΜΑ

893 2324 972 2353 ΤΟΣ
1015 2358 1018 2361 .

1629 838 1666 860 10

1626 1510 1667 1532 20
