1763 2778
93 135 232 190 [1250]
653 128 1175 185 [ΔΗΜΟΣΘΕΝΟΎΣ]
1499 130 1578 185 [Lm

255 251 340 281 σου,
376 233 461 275 καθ’
496 234 594 274 ὅσον
621 233 698 285 ἐγὼ
731 231 937 283 ἐδυνάμην,
974 231 1222 284 βεβοήθηκα.
1294 233 1428 285 ἐπειδὴ
1462 235 1503 275 δὲ
1533 235 1577 275 ἐν

253 304 305 355 τῷ
340 302 502 353 παρόντι
539 302 584 342 οὐ
613 299 782 341 δύνασαι
816 300 979 351 πορίσαι
1015 299 1170 341 ἅπαντα
1202 299 1251 340 τὰ
1281 299 1474 353 χρήματα,
1507 301 1573 352 ἀρ-

254 368 389 420 γύριον
428 370 502 419 μὲν
544 367 629 419 ἐμοὶ
666 366 712 407 οὐ
745 366 950 419 πάρεστιν,
989 366 1069 407 οὐδ’
1107 367 1186 422 ἔχω
1221 367 1302 408 οὐδ’
1339 368 1466 414 αὐτός,
1501 371 1577 408 τῶν

253 437 294 475 δὲ
339 433 543 486 κτημάτων
579 452 646 475 σοι
681 437 759 474 τῶν
794 435 897 484 ἐμῶν
936 435 1095 487 κίχρημι
1132 435 1156 475 ὅ
1194 451 1232 475 τι
1266 436 1422 486 βούλει,
1460 434 1577 475 θέντα

252 505 321 541 τοῦ
355 503 564 542 ἐπιλοίπου
604 501 789 553 ἀργυρίου
827 501 923 541 ὅσου
963 502 1069 541 ἐνδεῖ
1105 519 1183 547 σοι,
1229 501 1404 542 ἐνιαυτὸν
1451 502 1576 556 ἀτόκῳ
1598 518 1614 548 5

253 570 426 621 χρῆσθαι
457 573 511 624 τῷ
543 569 712 623 ἀργυρίῳ
740 568 802 608 καὶ
826 568 1040 608 ἀποδοῦναι
1063 572 1143 610 τοῖς
1168 567 1307 619 ξένοις.
1378 567 1578 619 συλλέξας

193 649 231 682 13
254 638 295 676 δὲ
337 635 489 688 ἔρανον,
533 637 668 687 ὥσπερ
711 634 828 677 αὐτὸς
869 634 960 687 φής,
1001 637 1128 676 λῦσαί
1164 635 1256 687 μοι.’
1326 636 1498 677 ἀκούσας
1544 634 1577 675 δ’

253 702 366 744 οὗτος
407 705 528 743 ταῦτα
571 702 634 744 καὶ
675 700 890 744 ἐπαινέσας
930 719 990 753 με,
1034 701 1221 743 ἐκέλευσε
1262 702 1335 753 τὴν
1382 703 1578 756 ταχίστην

253 767 410 821 πρᾶξαι,
435 771 526 822 πρὶν
556 769 709 821 ἐξήκειν
741 770 811 812 τὰς
839 768 986 820 ἡμέρας
1017 771 1058 809 ἐν
1087 770 1147 811 αῖς
1173 770 1249 822 ἔφη
1275 772 1357 810 δεῖν
1382 771 1431 809 τὰ
1453 769 1578 821 λύτρα

253 839 488 877 καταθεῖναι.
559 838 692 887 τίθημι
734 836 801 877 οὖν
849 835 920 887 τὴν
969 838 1172 877 συνοικίαν
1219 837 1426 877 ἑκκαίδεκα
1468 840 1576 888 μνῶν
1602 854 1638 876 10

252 902 487 955 Ἀρκέσαντι
521 903 794 960 Παμβωτάδῃ,
828 902 874 944 ὃν
903 903 1019 946 αὐτὸς
1054 903 1166 946 οὗτος
1195 902 1477 956 προύξένησεν,
1514 903 1577 944 ἐπὶ

251 971 350 1010 ὀκτὼ
391 972 556 1021 ὀβολοῖς
597 970 669 1022 τὴν
709 973 812 1022 μνᾶν
853 971 1082 1011 δανείσαντι
1122 973 1190 1010 τοῦ
1230 970 1352 1021 μηνὸς
1393 970 1574 1011 ἑκάστου.

251 1038 391 1089 λαβὼν
416 1040 458 1079 δὲ
482 1037 526 1078 τὸ
551 1037 737 1090 ἀργύριον
761 1037 835 1092 οὐχ
860 1038 966 1080 ὅπως
991 1038 1109 1092 χάριν
1133 1037 1221 1079 τινά
1244 1054 1311 1089 μοι
1334 1038 1576 1079 ἀποδίδωσιν

250 1106 304 1145 ῶν
330 1105 371 1145 εὗ
397 1105 554 1152 ἔπαθεν,
582 1104 674 1146 ἀλλ’
701 1104 845 1147 εὐθέως
876 1104 1120 1156 ἐπεβούλευέ
1147 1122 1226 1156 μοι,
1255 1106 1319 1146 ἵνα
1350 1103 1573 1157 ἀποστερή-

251 1189 336 1213 σειε
371 1172 415 1212 τὸ
453 1172 637 1224 ἀργύριον
674 1171 737 1212 καὶ
773 1173 828 1214 εἰς
858 1171 1006 1225 ἔχθραν
1040 1173 1270 1223 κατασταίη,
1306 1172 1370 1213 καὶ
1404 1173 1573 1225 ἀπορού-
1599 1188 1636 1222 15

249 1256 367 1290 μενος
402 1239 479 1292 ἐγὼ
515 1243 596 1282 τοῖς
631 1238 861 1292 πράγμασιν
898 1238 985 1282 νέος
1021 1238 1075 1280 ὢν
1111 1240 1133 1279 ὅ
1167 1256 1204 1280 τι
1243 1239 1473 1293 χρησαίμην
1514 1239 1576 1279 καὶ

250 1305 410 1358 ἄπειρος
441 1306 694 1359 πραγμάτων,
723 1307 828 1348 ὅπως
861 1306 912 1357 μὴ
945 1305 1220 1359 εἰσπράττοιμι
1243 1306 1362 1347 αὐτὸν
1386 1307 1432 1347 τὸ
1457 1307 1574 1359 ἀργύ-

190 1388 230 1421 14
249 1390 333 1425 ριον
365 1373 410 1414 οῧ
440 1374 463 1425 ὴ
494 1375 674 1414 συνοικία
698 1373 826 1424 ἐτέθη,
854 1373 945 1413 ἀλλ’
971 1374 1116 1426 ἀφείην
1140 1373 1255 1428 αὐτῷ.
1326 1377 1480 1424 πρῶτον
1503 1375 1577 1426 μὲν

250 1440 318 1480 οὖν
350 1441 603 1492 ἐπιβουλεύει
633 1457 702 1492 μοι
724 1441 823 1492 μετὰ
846 1444 925 1480 τῶν
951 1441 1170 1487 ἀντιδίκων,
1198 1440 1261 1481 καὶ
1285 1442 1421 1482 πίστιν
1444 1441 1576 1482 αὐτοῖς

99 1503 229 1558 [1251]
250 1508 425 1548 δίδωσιν·
462 1507 583 1548 ἔπειτ’
609 1508 773 1560 ἀγώνων
791 1525 857 1558 μοι
876 1509 1178 1559 συνεστηκότων
1197 1507 1294 1561 πρὸς
1313 1508 1465 1555 αὐτούς,
1485 1508 1576 1549 τούς
1598 1527 1637 1548 20

249 1591 292 1615 τε
326 1575 470 1627 λόγους
507 1574 666 1628 ἐκφέρει
700 1591 776 1626 μου
812 1575 936 1621 εἰδώς,
977 1575 1039 1616 καὶ
1078 1575 1270 1628 ἐγγράφει
1311 1579 1363 1631 τῷ
1399 1576 1574 1630 δημοσίῳ

250 1642 528 1694 ἀπρόσκλητον
554 1641 600 1693 ἐξ
622 1643 812 1695 ἐμφανῶν
838 1642 1119 1685 καταστάσεως
1145 1642 1341 1694 ἐπιβολὴν
1367 1641 1576 1693 ἑξακοσίας

251 1709 313 1749 καὶ
342 1708 436 1750 δέκα
466 1708 655 1763 δραχμάς,
684 1711 748 1750 διὰ
781 1711 950 1750 Λυκίδου
983 1713 1052 1750 τοῦ
1075 1712 1284 1762 μυλωθροῦ
1308 1709 1576 1760 ποιησάμενος

249 1775 322 1826 τὴν
362 1776 484 1827 δίκην.
559 1779 733 1828 κλητῆρα
773 1779 816 1818 δὲ
857 1776 940 1817 κατ’
978 1778 1072 1827 ἐμοῦ
1113 1777 1181 1817 τόν
1217 1793 1259 1817 τε
1296 1776 1472 1829 ἀδελφὸν
1507 1775 1576 1817 τὸν

249 1844 367 1883 αὑτοῦ
390 1846 456 1884 τὸν
481 1842 739 1895 Ἀρεθούσιον
770 1847 912 1884 τοῦτον
938 1842 1212 1896 ἐπιγράφεται,
1239 1843 1359 1896 οὗπέρ
1392 1845 1503 1884 ἐστιν
1527 1844 1576 1883 τὰ
1600 1862 1636 1894 25

250 1909 476 1962 ἀνδράποδα
506 1914 640 1957 ταῦτα,
676 1911 739 1952 καὶ
769 1910 895 1951 ἄλλον
923 1910 1023 1951 τινά·
1064 1911 1125 1951 καὶ
1155 1910 1507 1962 παρεσκευάζοντο,
1543 1910 1576 1950 εἶ

250 1977 529 2029 ἀνακρινοίμην
572 1979 669 2018 κατὰ
710 1981 787 2018 τῶν
828 1979 983 2019 οἰκείων
1023 1981 1102 2018 τῶν
1142 1978 1382 2018 ἀδικούντων
1422 1994 1471 2030 με
1505 1978 1575 2019 τὰς

299 2096 313 2116 1
340 2099 399 2118 σου
417 2086 441 2116 F
454 2086 484 2125 Q
499 2097 506 2116 :
531 2101 565 2119 ου
583 2087 606 2118 S
621 2099 626 2119 :
653 2100 701 2119 σοι
718 2087 748 2117 Α
901 2097 919 2126 3
946 2089 1011 2127 ἐμοὶ
1031 2087 1055 2118 S
1071 2086 1160 2126 vulg.
1178 2099 1185 2118 τ
1207 2101 1260 2127 μοι
1277 2086 1308 2117 Α
1456 2097 1475 2126 4
1500 2099 1575 2125 κτη-

249 2128 359 2169 μάτων
373 2129 405 2160 Α
418 2130 443 2160 F
459 2140 546 2161 corr.
562 2142 569 2162 ε
595 2130 768 2173 χρημάτων
785 2131 808 2162 S
822 2130 857 2161 F'
874 2131 904 2170 Q
1061 2141 1080 2170 5
1105 2134 1218 2163 λοιποῦ
1234 2131 1265 2161 Α
1384 2131 1460 2163 ὅσου
1477 2130 1574 2161 Blass

249 2173 323 2204 coll.
340 2173 387 2203 lix
398 2183 435 2212 31
456 2184 464 2211 3
488 2174 529 2204 cf.
545 2174 568 2205 Ῑ.
583 2175 623 2205 G.
637 2174 658 2204 ii
670 2174 692 2205 ².
714 2176 795 2213 1604
813 2186 819 2206 2
844 2176 921 2207 ὅσον
931 2175 1027 2206 codd.
1120 2184 1138 2215 7
1161 2173 1230 2215 μοι]
1241 2175 1315 2205 add.
1333 2175 1374 2206 τὰ
1384 2175 1531 2214 κτήματα
1543 2173 1574 2204 Α

253 2226 292 2247 10
315 2221 395 2248 ante
412 2218 573 2250 συνοικίαν
589 2219 665 2249 add.
686 2218 847 2256 συνθήκην
864 2218 889 2249 S
908 2219 968 2249 sed
987 2218 1123 2258 punctis
1141 2222 1290 2249 notatum
1398 2227 1432 2248 11
1459 2230 1571 2259 προσε-

250 2264 362 2300 ξενησε
381 2260 440 2291 Sl:
467 2265 568 2302 προεξ.
585 2261 608 2292 S
627 2271 714 2292 corr.
730 2261 758 2291 D
852 2272 891 2301 14
915 2261 949 2293 εὖ
959 2272 1023 2292 om.
1038 2261 1069 2292 A
1159 2262 1350 2299 ἐπεβούλευε
1365 2261 1394 2291 Α
1410 2272 1417 2291 :
1443 2260 1573 2297 ἐπεβού-

250 2310 347 2335 λευσε
365 2303 389 2334 S
407 2305 495 2343 vulg.
599 2306 636 2334 18
660 2306 774 2346 ἀφείην
791 2304 822 2335 Α
837 2316 844 2336 ε
868 2306 983 2347 ἀφείην
999 2306 1038 2337 ἂν
1058 2305 1081 2335 S
1094 2305 1184 2344 vulg.
1286 2315 1324 2335 21
1347 2305 1398 2337 καὶ
1417 2304 1573 2345 ἐγγράφει

249 2346 302 2377 A:
326 2348 376 2379 καὶ
397 2347 549 2389 ἐκγράφει
565 2347 590 2378 F
603 2348 633 2386 Q
647 2348 698 2379 D:
722 2359 786 2379 om.
807 2349 831 2379 S
1001 2359 1042 2379 22
1067 2348 1296 2390 ἀπρόσκλητον
1312 2347 1343 2378 Α
1361 2359 1368 2379 :
1392 2347 1574 2388 ἀπόκληρον

250 2395 329 2422 cett.
442 2393 599 2430 ἐπιβολὴν
615 2392 770 2422 Valesius
786 2403 793 2422 :
819 2393 994 2430 ἐπιβουλὴν
1011 2392 1108 2422 codd.
1225 2401 1266 2431 24
1289 2405 1326 2424 τε
1341 2401 1407 2422 om.
1427 2390 1478 2429 Sl,
1496 2390 1572 2423 add·

251 2433 285 2464 in
303 2444 368 2474 mg.
387 2435 461 2467 ead.
481 2444 523 2465 m..
671 2444 712 2474 25
737 2436 794 2467 τὸν
810 2441 889 2466 ante
905 2435 1106 2476 Ἀρεθούσιον
1121 2445 1187 2466 om.
1205 2434 1237 2465 A
