1763 2778
154 98 293 155 [1438]
732 104 813 141 ΔΗ
829 103 1215 141 ΜΟΣΘΕΝΟΎΣ

938 204 1013 240 KH

380 289 429 328 Αἱ
461 289 532 337 μὲν
559 288 728 333 ἐλπίδες,
759 285 788 326 ὦ
816 285 954 338 ἄνδρες
983 283 1198 336 Ἀθηναῖοι,
1224 284 1394 338 μεγάλαι
1428 286 1490 327 καὶ
1523 285 1640 326 καλαὶ

313 357 391 394 τῶν
424 353 728 406 προειρημένων,
759 352 855 406 πρὸς
889 353 934 394 ἃς
966 354 1098 403 οἴομαι
1128 352 1217 394 τοὺς
1250 353 1425 396 πολλοὺς
1454 352 1546 393 ἄνευ
1569 358 1638 393 λο-

315 424 458 473 γισμοῦ
481 438 518 461 τι
543 420 794 462 πεπονθέναι.
856 420 934 472 ἐγὼ
960 419 992 460 δ’
1017 418 1256 460 οὐδεπώποτ’
1281 420 1408 472 ἔγνων
1433 420 1547 460 ἕνεκα
1572 423 1641 460 τοῦ

315 487 538 540 παραχρῆμ’
564 487 706 540 ἀρέσαι
728 487 865 540 λέγειν
888 503 927 528 τι
950 486 1048 538 πρὸς
1071 488 1183 538 ὑμᾶς,
1206 488 1228 526 ὅ
1251 503 1288 528 τι
1311 486 1359 527 ἂν
1378 486 1430 538 μὴ
1457 487 1519 526 καὶ
1542 488 1640 538 μετὰ
1660 498 1678 530 5

314 557 435 594 ταῦτα
460 555 663 595 συνοίσειν
686 554 854 606 ἡγῶμαι.
916 554 1004 595 ἔστι
1031 556 1104 604 μὲν
1129 554 1197 594 οὖν
1220 553 1266 595 τὸ
1292 553 1425 595 κοινὸν
1448 553 1538 595 ἔθος
1562 557 1640 594 τῶν

313 622 519 662 πλείστων
533 621 624 664 τοὺς
647 624 720 672 μὲν
741 625 1074 663 συνεπαινοῦντας
1099 623 1249 663 ἑαυτοῖς
1274 621 1297 662 ὅ
1317 637 1355 662 τι
1374 621 1422 662 ἂν
1438 619 1641 673 πράττωσι

314 691 464 740 φιλεῖν,
502 688 598 740 πρὸς
635 691 677 730 δὲ
712 688 801 730 τοὺς
839 690 1100 739 ἐπιτιμῶντας
1137 689 1264 738 ἀηδῶς
1301 688 1422 742 ἔχειν.
1484 687 1529 728 οὐ
1563 686 1641 739 μὴν

315 756 422 795 ἀλλὰ
447 759 508 796 δεῖ
527 759 594 796 τὸν
620 756 661 796 εὖ
687 759 913 808 φρονοῦντα
934 754 1004 796 τὸν
1029 754 1228 807 λογισμὸν
1246 756 1307 796 ἀεὶ
1332 758 1409 796 τῶν
1428 756 1641 806 ἐπιθυμιῶν

276 837 296 862 2
317 823 474 875 κρείττω
500 827 712 875 πειρᾶσθαι
737 826 878 863 ποιεῖν.
936 823 1015 875 ἐγὼ
1048 822 1082 862 δ’
1107 821 1230 873 ἡδέως
1261 824 1334 874 μὲν
1361 821 1409 862 ἂν
1443 822 1586 874 ἑώρων,
1617 821 1642 862 ἃ
1664 833 1702 856 10

317 889 380 929 καὶ
411 891 613 934 συνοίσειν
645 890 805 940 ἔμελλε,
839 888 947 930 ταῦτ’
979 891 1023 930 ἐν
1055 889 1175 946 ἡδονῇ
1210 888 1396 942 πράττειν
1425 888 1507 930 ὄνθ’
1536 890 1639 939 ὑμῖν,

316 957 379 997 ἵνα
405 957 466 997 καὶ
491 958 748 1010 χαριζόμενος
779 957 840 997 καὶ
871 958 1028 1010 χρηστὰ
1057 956 1188 1009 λέγων
1215 957 1448 1008 ἐφαινόμην.
1508 955 1640 1006 ἐπειδὴ

315 1026 358 1064 δὲ
400 1023 574 1065 τάναντί’
611 1025 686 1076 ὁρῶ
723 1025 870 1064 τούτων
909 1025 1205 1077 ἐπιχειροῦντας
1240 1025 1349 1074 ὑμᾶς,
1390 1024 1520 1074 οἴομαι
1561 1025 1642 1063 δεῖν

315 1091 525 1137 ἀντειπεῖν,
554 1092 587 1132 εἰ
616 1091 683 1131 καί
712 1107 818 1132 τισιν
841 1090 978 1142 μέλλω
1012 1090 1329 1145 ἀπεχθήσεσθαι.
1393 1089 1441 1130 ἂν
1472 1091 1545 1142 μὲν
1575 1089 1643 1131 οὖν

314 1158 402 1209 μηδ’
428 1158 653 1209 ὑπομείνητ’
669 1159 837 1198 ἀκοῦσαι
855 1160 953 1209 μηδὲ
973 1158 1028 1204 ἕν,
1049 1157 1094 1198 οὐ
1112 1162 1164 1212 τῷ
1185 1156 1461 1209 δοκιμάζοντες
1478 1159 1639 1209 διαμαρ-
1666 1167 1702 1198 15

315 1229 411 1272 τεῖν,
450 1225 556 1265 ἀλλὰ
592 1229 644 1280 τῷ
682 1225 804 1277 φύσει
845 1223 982 1277 πονήρ’
1021 1226 1223 1276 ἐπιθυμεῖν
1261 1224 1447 1277 πράττειν
1482 1227 1643 1264 τοιαῦτα

316 1294 591 1344 προαιρεῖσθαι
617 1292 764 1343 δόξετε.
818 1293 889 1333 ἐὰν
914 1291 947 1332 δ’
972 1292 1180 1342 ἀκούσητε,
1207 1290 1329 1345 τυχὸν
1351 1294 1424 1343 μὲν
1449 1293 1546 1333 ἴσως
1573 1290 1642 1332 κᾶν

314 1360 654 1410 μεταπεισθείητε,
682 1358 702 1399 ὂ
727 1357 891 1410 μάλιστ’
917 1360 995 1411 ἐγὼ
1021 1360 1164 1410 νομίζω
1191 1362 1441 1411 συνενεγκεῖν
1466 1358 1514 1399 ἂν
1538 1359 1641 1410 ὑμῖν·

317 1427 351 1466 εἰ
374 1428 415 1467 δὲ
439 1425 505 1477 μή,
532 1427 569 1467 οἱ
596 1428 669 1477 μὲν
693 1427 854 1479 ἀγνοεῖν
877 1425 923 1467 τὸ
955 1425 1174 1479 συμφέρον,
1209 1427 1245 1467 οἱ
1278 1426 1410 1466 δὲ--ὅ
1441 1442 1478 1466 τι
1509 1425 1557 1466 ἄν
1583 1441 1642 1468 τις
1661 1445 1702 1467 20

315 1493 527 1544 βούληται,
552 1492 656 1534 τοῦτ’
681 1494 774 1546 ἐρεῖ.

944 1632 1020 1670 ΚΘ

384 1716 551 1765 Πρῶτον
575 1715 647 1765 μὲν
673 1712 785 1754 οὐδέν
811 1715 924 1755 ἐστιν
950 1713 1097 1761 καινόν,
1118 1711 1149 1754 ὦ
1167 1713 1307 1764 ἄνδρες
1326 1710 1540 1762 Ἀθηναῖοι,
1561 1714 1644 1754 τοῖς

318 1779 482 1831 δόξασιν
516 1780 606 1833 παρ’
633 1782 723 1831 ὑμῖν
753 1780 855 1821 εἶναί
887 1797 996 1822 τινας
1029 1781 1171 1822 οἵτινες
1205 1781 1450 1831 ἀντεροῧσιν,
1483 1780 1644 1819 ἐπειδὰν

318 1847 503 1899 πράττειν
526 1864 563 1888 τι
590 1846 670 1903 δέῃ.
722 1848 756 1887 εἰ
779 1849 850 1897 μὲν
877 1847 944 1887 οὖν
965 1847 1194 1887 ἀποδόντων
1219 1848 1326 1897 ὑμῶν
1350 1847 1472 1898 λόγον
1497 1845 1642 1892 αὐτοῖς,

317 1914 374 1954 ὅτ’
400 1914 678 1965 ἐβουλεύεσθε,
705 1913 808 1954 τοῦτ’
842 1914 1011 1958 ἐποίουν,
1045 1914 1192 1953 τούτων
1227 1913 1275 1953 ἂν
1306 1912 1354 1963 ἦν
1381 1911 1493 1963 ἄξιον
1527 1928 1643 1962 κατη-
1665 1926 1703 1958 25

155 1987 294 2042 [1439]
317 1985 464 2033 γορεῖν,
493 1982 526 2021 εἰ
555 1984 644 2033 περὶ
673 1982 728 2021 ὧν
753 1979 909 2031 ἥττηντ’
935 1981 1144 2031 ἐβιάζοντο
1176 1980 1299 2020 πάλιν
1322 1978 1471 2032 λέγειν·
1507 1982 1577 2020 νῦν
1601 1980 1644 2020 δὲ

316 2048 477 2089 τούτους
507 2051 581 2098 μὲν
609 2047 724 2088 οὐδέν
757 2047 840 2088 ἐστ’
873 2047 1021 2088 ἄτοπον
1056 2049 1180 2088 εἰπεῖν
1210 2048 1458 2098 βουληθῆναι
1486 2044 1596 2086 ταῦθ’
1619 2045 1645 2086 ἃ

277 2129 297 2154 2
317 2114 397 2155 τότ’
423 2115 498 2169 οὐχ
524 2113 751 2166 ὑπεμείνατ’
784 2115 963 2161 ἀκοῦσαι,
992 2115 1084 2165 ὑμῖν
1108 2114 1141 2155 δ’
1167 2113 1214 2154 ἄν
1239 2131 1297 2156 τις
1330 2114 1488 2155 εἰκότως
1521 2114 1642 2153 ἐπιτι-

365 2236 385 2263 4
410 2225 560 2257 οὐδέποτε
579 2225 658 2265 Pap.
751 2225 842 2257 ἕνεκα
858 2224 968 2261 codd.,
991 2224 1097 2264 Pap.:
1123 2224 1227 2256 εἵνεκα
1244 2223 1344 2253 Blass
1485 2231 1523 2252 10
1545 2221 1644 2259 ἡδέως

316 2268 377 2309 μὲν
392 2270 431 2301 ἂν
454 2278 471 2299 r
497 2269 686 2309 (Bekker):
718 2268 815 2306 ἡδέως
839 2273 917 2298 cett.
946 2269 998 2307 (bv
1029 2267 1203 2298 addiderat
1238 2266 1412 2307 Dobree)·.
1448 2265 1525 2296 si1et
1560 2265 1641 2305 Pap.

323 2322 360 2352 15
383 2313 484 2353 μηδὲν
501 2323 516 2342 r
586 2323 622 2351 17
647 2313 704 2344 κᾶν
722 2312 751 2341 Y
764 2311 790 2342 C
807 2324 812 2342 z
839 2312 890 2343 καὶ
907 2317 984 2342 cett.
1004 2321 1010 2340 z
1036 2312 1115 2342 silet
1133 2310 1213 2350 Pap.
1296 2320 1334 2349 19
1358 2309 1422 2350 τις]
1442 2323 1490 2341 τις
1507 2308 1644 2341 ἕκαστος

321 2356 350 2385 D
482 2366 524 2386 20
549 2358 629 2397 ἐρεῖν
645 2366 661 2385 r
797 2366 837 2393 24
863 2356 892 2387 εἶ
908 2379 914 2385 .
933 2378 941 2386 .
960 2379 966 2384 .
986 2356 1102 2387 ἀποδον
1118 2365 1184 2385 om.
1207 2354 1230 2385 S
1247 2354 1279 2384 in
1300 2354 1366 2384 fine
1385 2354 1584 2384 columnae:
1610 2352 1643 2382 in

319 2410 385 2439 mg.
405 2399 479 2430 hab.
499 2399 530 2429 Y
619 2401 702 2438 ὑμῶν
718 2409 781 2429 om.
804 2409 828 2428 r.
845 2399 946 2429 habet
967 2399 1045 2437 Pap.
1164 2407 1204 2437 25
1228 2397 1316 2430 τοῦτ’
1331 2397 1451 2429 codd..·
1473 2395 1543 2428 τότ’
1560 2394 1641 2435 Pap.
