1763 2778
130 501 148 532 5

112 838 149 858 10

111 1174 147 1204 15

110 1508 149 1529 20

169 111 298 165 vam]
463 116 624 153 ΚΑΤΑ
673 115 1189 153 ΟΛΥΜΠΙΟΔΩΡΟΎ*
1516 111 1644 167 [1182]

171 214 233 254 καὶ
270 215 455 266 ἐπιορκεῖ.
516 215 622 254 ἀλλὰ
663 213 909 266 διέφθαρται,
948 211 977 253 ὦ
1018 213 1156 266 ἄνδρες
1199 215 1391 260 δικασταί,
1432 215 1493 254 καὶ

169 285 428 333 παραφρονεῖ.
489 282 653 332 ἀνιῶμαι
688 283 760 332 μὲν
797 281 864 321 οὖν
901 281 962 321 καὶ
999 282 1252 335 αἰσχύνομαι,
1291 279 1319 321 ὦ
1357 281 1493 333 ἄνδρες

169 349 364 394 δικασταί,
403 348 460 390 οἷς
494 347 630 400 μέλλω
665 348 801 401 λέγειν
835 348 931 401 πρὸς
957 349 1069 400 ὑμᾶς,
1098 347 1143 399 ἐξ
1165 348 1338 401 ἀνάγκης
1363 348 1405 388 δέ
1429 348 1494 399 μοί

170 416 282 455 ἐστιν
305 416 442 462 εἰπεῖν,
470 416 576 457 ὅπως
601 414 649 456 ἂν
671 417 781 467 ὑμεῖς
805 417 842 456 οἱ
866 415 937 466 τὴν
955 419 1099 468 ψῆφον
1118 415 1278 469 ἔχοντες
1298 416 1492 457 ἀκούσαν-

167 499 231 524 τες
273 481 440 529 ἅπαντα,
477 483 760 534 βουλεύσησθε
797 484 818 522 ὅ
859 500 894 523 τι
936 482 985 523 ἂν
1019 484 1111 534 ὑμῖν
1146 485 1239 540 δοκῇ
1275 483 1494 534 βέλτιστον

170 550 270 590 εἶναι
301 549 390 602 περὶ
423 549 546 601 ἡμῶν.
606 551 660 591 ὧν
694 552 735 590 δὲ
760 550 895 601 μέλλω
924 550 1073 603 λέγειν,
1099 550 1212 592 οὗτος
1237 551 1357 592 αἴτιός
1383 552 1494 591 ἐστιν
1516 570 1557 604 53

169 616 236 657 οὐκ
261 616 412 658 ἐθέλων
431 618 474 658 ἐν
496 620 577 659 τοῖς
597 618 755 659 οἰκείοις
769 618 858 670 περὶ
873 618 1020 658 τούτων
1036 617 1133 670 πρός
1147 635 1195 668 με
1212 618 1491 663 διαλύσασθαι,

170 683 261 724 ἀλλ’
296 685 585 738 ἀναισχυντῶν.
647 684 971 737 Ὀλυμπιόδωρος
999 686 1074 738 γῑιρ
1108 685 1257 731 οὑτοσί,
1291 683 1319 724 ὦ
1357 684 1494 737 ἄνδρες

168 752 364 798 δικασταί,
414 755 580 804 γυναῖκα
627 754 699 803 μὲν
747 751 874 802 ἀστὴν
922 754 1020 792 κατὰ
1071 751 1162 793 τοὺς
1217 752 1358 802 νόμους
1405 751 1494 793 τοὺς

167 818 376 871 ὑμετέρους
411 818 660 860 οὐδεπώποτε
693 819 849 871 ἔγημεν,
885 818 964 859 οὐδ’
991 820 1094 859 εἰσὶν
1119 819 1221 874 αὐτῷ
1247 822 1382 860 παῖδες
1405 819 1492 859 οὐδὲ

170 885 365 938 ἐγένοντο,
401 888 560 938 ἑταίραν
583 889 624 927 δὲ
657 885 881 938 λυσάμενος
911 887 1023 926 ἔνδον
1049 889 1145 939 ἔχει,
1174 886 1235 925 καὶ
1261 887 1355 937 αὕτη
1382 886 1492 926 ἐστὶι·

168 952 190 1004 ἡ
215 953 480 1004 λυμαινομένη
507 953 682 995 ἅπαντας
706 954 806 1004 ἡμᾶς
824 953 884 993 καὶ
905 957 1074 993 ποιοῦσα
1099 953 1252 993 τουτονὶ
1278 952 1492 1005 περαιτέρω

168 1021 394 1070 μαίνεσθαι.
453 1024 536 1062 πῶς
572 1020 646 1073 γὰρ
679 1020 723 1060 οὐ
746 1022 928 1072 μαίνεται
955 1022 1067 1062 ὅστις
1094 1022 1216 1060 οἴεται
1247 1023 1340 1066 δεῖν,
1368 1018 1392 1059 εἳ
1419 1022 1493 1071 μὲν
1514 1033 1557 1069 54

170 1086 430 1139 ὡμολόγησεν
467 1088 528 1128 καὶ
565 1087 752 1128 συνέθετο
789 1088 889 1128 ἑκὼν
926 1087 1020 1139 πρὸς
1057 1088 1197 1128 ἑκόντα
1231 1088 1292 1127 καὶ
1323 1088 1490 1138 ὤμοσεν,

169 1154 316 1195 τούτων
339 1157 412 1205 μὲν
435 1154 523 1205 μηδ’
549 1156 679 1195 ὁτιοῦν
704 1158 842 1201 ποιεῖν,
873 1156 934 1195 καὶ
953 1159 1075 1195 ταῦτα
1094 1156 1187 1205 ἐμοῦ
1204 1154 1494 1203 σπουδάζοντος

167 1221 241 1274 οὐχ
263 1222 360 1273 ὑπὲρ
386 1223 552 1272 ἐμαυτοῦ
575 1223 709 1273 μόνον,
736 1223 842 1262 ἀλλὰ
863 1223 924 1262 καὶ
943 1223 1040 1274 ὑπὲρ
1064 1224 1133 1273 τῆς
1152 1222 1290 1261 τούτου
1316 1222 1493 1274 ἀδελφῆς

166 1285 272 1340 (τῆς)
297 1289 538 1340 ὁμοπατρίας
558 1289 621 1329 καὶ
655 1290 906 1341 ὁμομητρίας,
940 1288 962 1340 ἢ
990 1290 1075 1340 ε’μοὶ
1096 1293 1281 1335 συνοικεῖ,
1311 1288 1372 1329 καὶ
1396 1290 1493 1340 ὑπὲρ

168 1357 238 1406 τῆς
262 1355 401 1396 τούτου
425 1357 655 1409 ἀδελφιδῆς,
683 1356 875 1409 θυγατρὸς
901 1359 941 1397 δὲ
959 1358 1073 1408 ἐμῆς;
1112 1356 1224 1396 αὗται
1241 1356 1314 1408 γάρ
1332 1357 1435 1396 εἰσιν
1454 1357 1492 1395 αἱ

168 1422 417 1473 ἀδικούμεναι
435 1423 509 1477 οὐχ
524 1423 643 1474 ἧττον
669 1425 773 1474 ἐμοῦ,
793 1425 899 1463 ἀλλὰ
924 1424 986 1464 καὶ
1011 1427 1177 1475 μᾶλλον.
1220 1427 1302 1465 πῶς
1326 1422 1400 1475 γὰρ
1424 1423 1492 1463 οὐκ
1513 1438 1552 1473 55

169 1490 389 1530 ἀδικοῦνται
414 1486 535 1540 ἣπῶς
555 1490 598 1530 οὐ
616 1492 723 1531 δεινὰ
740 1490 982 1543 πάσχουσιν,
1004 1492 1164 1531 ἐπειδὰν
1184 1492 1307 1542 ὁρῶσι
1326 1489 1396 1540 τὴν
1420 1492 1491 1541 μὲν

167 1557 306 1597 τούτου
336 1557 494 1609 ἑταίραν
526 1557 740 1609 περαιτέρω
777 1561 844 1597 τοῦ
882 1561 1010 1599 καλῶς
1047 1558 1210 1611 ἔχοντος
1247 1557 1309 1597 καὶ
1345 1557 1492 1609 χρυσία

167 1622 486 1677 πολλάἔχουσαν
498 1624 559 1664 καὶ
570 1623 702 1675 ἱμάτια
721 1624 832 1670 καλά,
853 1625 941 1664 καὶέ
971 1625 1082 1666 ὁδους
1092 1626 1275 1676 λαμπρὰς
1292 1623 1488 1674 ἐξιοῦσαν,

169 1691 230 1731 καὶ
245 1691 489 1743 ὑβρίζουσαν
506 1693 547 1731 ἐκ
562 1695 639 1732 τῶν
655 1691 866 1743 ἡμετέρων,
886 1692 998 1732 αὐταὶ
1015 1694 1057 1732 δὲ
1074 1690 1387 1742 καταδεεστέρως
1405 1692 1491 1743 περὶ

166 1761 288 1797 ταῦτα
304 1758 454 1811 ἔχωσιν
473 1757 639 1805 ἅπαντα,
658 1763 739 1800 πῶς
757 1758 824 1798 οὐκ
842 1760 986 1799 ἐκεῖναι
1004 1761 1162 1810 μᾶλλον
1188 1758 1243 1798 ἔτι
1269 1759 1492 1798 ἀδικοῦνται
1513 1753 1643 1807 [1183]

166 1820 189 1874 ἢ
208 1824 304 1877 ἐγώ;
342 1825 455 1866 οὗτος
471 1827 513 1866 δὲ
532 1829 614 1867 πῶς
633 1825 677 1866 οὐ
699 1830 933 1878 καταφανῶς
950 1827 1130 1877 μαίνεται
1147 1825 1209 1866 καὶ
1228 1828 1488 1877 παραφρονεῖ,

165 1895 327 1932 τοιαῦτα
366 1893 455 1944 περὶ
496 1893 614 1932 αὑτοῦ
648 1893 960 1944 βουλευόμενος,·
999 1894 1063 1933 ἵνα
1099 1895 1140 1933 δὲ
1176 1892 1228 1943 μὴ
1272 1891 1421 1948 φάσκῃ.
1461 1889 1490 1930 ὦ

165 1957 302 2010 ἄνδρες
327 1959 521 2006 δικασταί,
548 1960 612 2000 ἐπὶ
648 1962 820 2016 διαβολῇ
850 1963 971 1999 ταῦτα
999 1959 1134 2012 λέγειν
1161 1976 1210 2010 με
1241 1963 1309 1998 τοῦ
1340 1960 1490 2011 ἀγῶνος

165 2025 281 2065 ἕνεκα
326 2026 494 2072 τουτουί,
535 2028 750 2080 μαρτυρίαν
788 2027 878 2077 ὑμῖν
920 2028 1193 2079 ἀναγνώσεται
1234 2030 1312 2066 τῶν
1353 2025 1490 2065 τούτου

165 2093 317 2133 οἰκείων
344 2093 406 2132 καὶ
431 2094 547 2144 ἐμῶν.

208 2210 227 2239 5
251 2200 431 2238 βέλτιονΑ
533 2212 571 2242 15
594 2202 654 2244 μὲν
669 2214 732 2233 om.
750 2202 782 2232 A
875 2214 911 2242 17
934 2201 1026 2246 (τῆς)
1040 2204 1114 2234 add.
1137 2202 1233 2232 Blass
1323 2212 1363 2231 22
1388 2200 1487 2240 καλά]

164 2245 292 2285 λαμπρά.
303 2245 346 2284 A,
361 2246 403 2275 cf.
416 2255 448 2276 v.
464 2246 484 2276 l.
498 2245 532 2276 lx
544 2257 560 2285 7
637 2257 678 2286 23
695 2248 761 2289 περὶ
774 2258 839 2278 om.
853 2247 890 2277 F¹
904 2246 948 2286 Ql
1038 2257 1079 2285 24
1098 2247 1143 2278 ἔτι
1155 2257 1220 2278 om,
1232 2245 1263 2275 A
1352 2255 1394 2283 29
1407 2247 1488 2284 ἐμῶν

165 2287 191 2318 F
203 2287 234 2326 Q
249 2288 278 2317 D
296 2299 303 2319 :
328 2291 402 2329 ἐμοῦ
418 2288 485 2321 SA
