1763 2778
159 117 288 172 [1185]
723 115 824 171 [Διῐ
838 121 1007 158 Mose)
1020 115 1234 170 ΕΝοτΣ]
1532 115 1635 171 [mx

310 222 399 262 οὔτε
418 223 492 274 γῖιρ
510 220 570 261 ἐπ’
587 219 758 274 ἐνεχύρῳ
785 220 874 260 οὔτε
897 221 995 270 μετὰ
1019 219 1223 271 μαρτύρων
1243 220 1400 260 ἔδωκεν·
1439 219 1635 262 σωθέντος

311 292 352 330 δὲ
395 290 458 329 ἐπὶ
499 288 623 342 τούτῳ
666 288 858 340 ἐγίγνετο,
903 288 1021 328 ὁπότε
1056 287 1245 338 βούλοιτο
1285 286 1507 338 εὐπορήσας
1543 287 1636 337 ἡμῖν

270 372 291 407 3
312 357 536 396 ἀποδοῦναι.
575 354 665 395 ἀλλ’
690 355 807 405 ὅμως,
833 353 863 394 ὦ
889 353 1026 406 ἄνδρες
1051 354 1244 401 δικασταί,
1270 353 1316 394 οὐ
1340 354 1428 406 περὶ
1454 355 1636 396 πλείονος

578 422 587 435 2

311 423 528 474 ἐποιήσατο
569 440 590 461 ο
633 421 762 474 πατὴρ
801 422 1032 473 περιουσίαν
1071 420 1284 475 χρημάτων
1331 423 1488 472 μᾶλλον
1529 418 1553 472 ἢ
1592 421 1636 462 οὐ

310 489 490 544 Τιμοθέῳ
537 490 781 541 ὑπηρετῆσαι
828 489 881 528 ὧν
930 488 1067 539 ἐδεήθη
1107 489 1237 534 αὐτοῦ,
1276 489 1318 529 ἐν
1359 489 1504 543 ἀπορίᾳ
1539 490 1674 538 ὄντι.5

1191 556 1201 569 Q

311 557 403 612 ᾤετο
449 558 522 608 μὲν
570 556 650 602 οὖν,
701 554 730 596 ὦ
767 555 903 608 ἄνδρες
944 557 1138 601 δικασταί,
1183 573 1203 595 ο
1241 554 1384 608 πατήρ,
1417 557 1452 597 εἰ
1491 557 1635 606 σωθείη

310 625 504 675 Τιμόθεος
519 624 608 664 τότε
634 622 681 674 ἐξ
701 624 862 664 ἐκείνων
888 627 966 663 τῶν
994 623 1180 663 κινδύνων
1208 623 1269 664 καὶ
1293 622 1479 675 ἀφίκοιτο
1505 624 1636 664 οἴκαδε

311 693 416 744 παρὰ
451 690 671 743 βασιλέως,
710 689 978 743 εὐπορωτέρου
1013 689 1227 743 γενομένου
1252 690 1391 730 τούτου
1422 687 1444 740 ἢ
1473 690 1523 732 ὡς
1547 690 1637 731 τότε

311 758 488 805 διέκειτο,
527 758 572 798 οὗ
605 758 729 809 μόνον
765 757 813 798 τὰ
841 760 978 797 ἑαυτοῦ
1011 761 1248 808 κομιεῖσθαι,
1277 758 1382 797 ἀλλὰ
1415 757 1478 797 καὶ
1510 757 1637 798 ἄλλου

268 838 291 871 4
313 828 347 867 εἵ
370 843 438 865 του
462 824 589 865 δέοιτο
615 828 712 876 πρὸς
736 825 932 875 Τιμόθεον
956 823 1101 877 πρᾶξαι
1125 823 1311 876 ὑπάρξειν
1336 825 1451 878 αὐτῷ.
1503 824 1635 875 ἐπειδὴ

311 895 354 934 δὲ
377 892 451 946 οὐχ
477 892 528 933 ὡς
563 893 710 934 ἐκεῖνος
746 890 848 947 ᾠήθη
876 891 1147 943 συμβέβηκεν,
1182 891 1273 931 ἀλλ’
1300 889 1324 931 ἂ
1351 890 1450 942 μετὰ
1474 890 1636 944 χάριτος

312 961 461 1011 ἔλαβεν
485 960 680 1011 Τιμόθεος
704 960 780 1000 ἀπὸ
805 961 874 1009 τῆς
905 959 1097 1012 τραπέζης
1130 959 1282 1009 δεηθεὶς
1305 961 1374 999 τοῦ
1400 961 1545 1010 πατρὸς
1569 962 1637 998 τοῦ

311 1029 417 1079 ἐμοῦ,
454 1030 576 1067 rafim
611 1026 659 1067 δι’
698 1026 841 1079 ἔχθρας
879 1026 942 1066 καὶ
977 1027 1085 1077 δίκης
1120 1025 1446 1076 τετελευτηκότος
1487 1027 1637 1066 ἐκείνου

310 1094 563 1148 ἐξελεγχθεὶς
598 1096 669 1146 μὲν
707 1094 756 1134 ὡς
792 1094 948 1146 ὀφείλει
978 1095 1099 1134 οἴεται
1131 1096 1213 1134 δεῖν
1244 1094 1468 1139 ἀποδοῦναι,
1501 1094 1570 1133 ἐὰν
1596 1095 1637 1134 δὲ

158 1169 290 1225 [1186]
311 1163 473 1213 δύνηται
494 1163 595 1213 ὑμᾶς
619 1165 757 1202 πεῖσαι
783 1161 833 1203 ὡς
859 1161 926 1201 οὐκ
951 1161 1120 1214 ὀφείλει,
1159 1159 1408 1212 ἐξαπατήσας
1434 1163 1487 1216 τῷ
1513 1160 1634 1215 λόγῳ,

311 1231 587 1282 ἀποστερῆσαι
627 1228 728 1279 ἡμᾶς
766 1232 844 1269 τῶν
881 1227 1107 1282 χρημάτων,
1157 1228 1372 1281 ἀναγκαῖόν
1419 1244 1484 1279 μοι
1531 1231 1640 1269 δοκεῖ

311 1298 409 1338 εἶναι
435 1295 481 1347 ἐξ
503 1297 628 1350 ἀρχῆς
652 1295 804 1336 ἅπαντα
829 1295 1098 1348 διηγήσασθαι
1122 1297 1224 1347 ὑμῖν,
1245 1295 1294 1336 τά
1317 1313 1359 1336 τε
1378 1295 1635 1348 ὀφειλόμενα,

312 1365 374 1405 καὶ
401 1365 456 1407 εἷς
479 1364 502 1403 ὅ
524 1380 563 1404 τι
587 1364 757 1404 ἕκαστον
787 1363 914 1403 αὐτῶν
947 1362 1232 1417 κατεχρήσατο,
1261 1363 1323 1403 καὶ
1350 1362 1440 1404 τοὺς
1472 1363 1637 1415 χρόνους

271 1444 288 1481 5
313 1433 355 1472 ἐν
379 1432 436 1472 οἷς
462 1430 506 1471 τὸ
533 1431 784 1481 συμβόλαιον
809 1429 982 1483 ἐγένετο.
1043 1430 1224 1487 θαυμάσῃ
1250 1432 1291 1470 δὲ
1314 1430 1446 1480 μηδεὶς
1472 1431 1578 1480 ὑμῶν
1604 1430 1637 1471 εἰ

312 1500 484 1551 ἀκριβῶς
518 1499 646 1549 ἴσμεν·
699 1499 735 1538 οἱ
766 1499 841 1550 γὰρ
882 1497 1116 1550 τραπεζῖται
1154 1498 1341 1538 εἰώθασιν
1377 1495 1638 1548 ὑπομνήματα

311 1565 540 1619 γράφεσθαι
563 1566 617 1606 ὧν
642 1582 684 1605 τε
711 1565 889 1605 διδόασιν
912 1564 1127 1619 χρημάτων
1154 1566 1216 1605 καὶ
1242 1566 1295 1606 εἰς
1320 1565 1342 1604 ὅ
1365 1581 1403 1604 τι
1424 1565 1486 1604 καὶ
1511 1565 1565 1604 ὧν
1589 1563 1637 1604 ἄν

311 1649 371 1675 τις
415 1635 581 1683 τιθῆται,
625 1631 755 1688 ‘lna-fi
792 1632 923 1674 αὐτοῖς
962 1632 1137 1685 γνώριμα
1173 1631 1222 1672 τά
1255 1648 1298 1673 τε
1333 1630 1539 1685 ληφθέντα
1574 1631 1637 1672 καὶ

311 1702 360 1740 τὰ
383 1699 546 1740 τεθέντα
570 1699 665 1752 πρὸς
690 1699 779 1741 τοὺς
803 1699 1036 1752 λογισμούς.

269 1775 293 1810 6
378 1766 472 1808 Ἐπὶ
492 1767 738 1819 Σωκρατίδου
754 1768 830 1820 γὰρ
847 1766 1040 1821 ἄρχοντος
1057 1769 1318 1820 μουνιχιῶνος
1336 1765 1459 1818 μηνὸς
1476 1765 1637 1817 μέλλων

312 1835 474 1875 ἐκπλεῖν
498 1834 567 1875 τὸν
591 1836 760 1886 ὕστερον
786 1835 958 1875 ἔκπλουν
981 1834 1176 1885 Τιμόθεος
1201 1834 1350 1880 οὑτοσί,
1376 1833 1465 1886 περὶ
1482 1834 1635 1886 ἀναγω-

311 1901 387 1955 γὴν
410 1901 482 1953 ἤδη
504 1900 556 1942 ὢν
572 1903 615 1942 ἐν
630 1905 683 1956 τῷ
698 1905 890 1954 Πειραιεῖ,
911 1901 1169 1954 προσδεηθεὶς
1184 1901 1379 1953 ἀργυρίου,
1402 1901 1638 1953 προσελθὼν

312 1973 365 2024 τῷ
398 1969 514 2021 πατρὶ
543 1972 595 2024 τῷ
634 1970 711 2024 ἐμῷ
748 1970 790 2009 ἐν
826 1973 879 2023 τῷ
916 1968 1059 2020 λιμένι,
1099 1967 1310 2008 ἐκέλευσεν
1342 1968 1460 2008 αὐτὸν
1488 1970 1638 2021 χρῆσαι

311 2037 448 2090 χιλίας
480 2036 710 2089 τριακοσίας
745 2034 991 2087 πεντήκοντα
1025 2037 1118 2087 μίαν
1155 2034 1211 2075 δύ’
1259 2035 1409 2087 ὀβολώ·
1446 2035 1638 2075 τοσούτου

312 2103 386 2157 γὰρ
411 2103 487 2156 ἔφη
512 2106 787 2156 προσδεῖσθαι·
826 2103 888 2144 καὶ
921 2107 1052 2144 δοῦναι
1089 2102 1298 2144 ἐκέλευσεν
1322 2101 1549 2157 Ἀντιμάχῳ
1583 2106 1636 2157 τῷ

356 2224 376 2244 2
401 2215 454 2246 ὅτε
483 2213 530 2245 S'.
592 2228 632 2246 πο
659 2215 735 2245 add.
764 2224 829 2246 s.v.
856 2225 898 2245 m.
927 2218 995 2245 ant.
1103 2213 1252 2251 βούλοιτο
1276 2213 1318 2244 S:
1355 2213 1511 2249 ἔβουλετο
1543 2211 1632 2251 vulg.

312 2269 331 2296 4
357 2261 372 2289 ὁ
390 2259 495 2300 πατὴρ
514 2269 578 2290 om.
600 2258 629 2287 D
744 2261 778 2290 οὐ
795 2269 859 2289 om.
878 2257 920 2297 A,
940 2258 981 2290 cs.
1001 2261 1016 2296 ξ
1035 2269 1075 2297 47
1238 2268 1259 2297 9
1282 2259 1454 2297 κομιεῖσθαι
1471 2255 1501 2285 Α
1517 2267 1524 2286 :
1550 2257 1634 2295 κομί-

313 2306 428 2334 σασθαι
447 2302 470 2333 S
484 2303 572 2341 vulg.
697 2312 785 2342 9—10
809 2304 838 2333 εἴ
850 2316 908 2334 του
925 2303 1028 2334 ἄλλου
1043 2301 1074 2330 Α
1195 2302 1232 2331 18
1257 2301 1421 2342 ἔχρησατο
1443 2299 1474 2329 Α
1594 2309 1634 2328 22

312 2345 331 2388 ᾖ
349 2345 373 2376 S
387 2346 453 2387 (me
466 2346 569 2387 teste)
587 2346 675 2385 vulg.
694 2357 702 2377 ι
726 2349 774 2385 εἴη
791 2345 822 2376 Α
888 2344 1090 2387 ληφθένταΞ
1105 2344 1133 2374 D
1151 2355 1158 2374 :
1182 2343 1387 2377 ἆναλωθέντα
1405 2343 1449 2384 (Α
1462 2353 1513 2372 me
1530 2342 1634 2383 teste)

313 2389 338 2419 F
357 2389 387 2427 Q
521 2401 561 2428 24
585 2391 646 2431 γὰρ
663 2400 726 2421 om.
744 2389 775 2419 A
833 2393 1046 2430 μουνυχιῶνος
1064 2389 1160 2420 codd.
1179 2389 1234 2419 hic
1249 2393 1284 2420 et
1300 2387 1385 2418 insra
1520 2387 1561 2415 26
1585 2388 1633 2417 καὶ

313 2439 391 2464 ante
406 2435 590 2475 προσελθὼν
607 2434 684 2465 add.
700 2433 732 2463 Α
879 2443 921 2472 29
946 2434 1021 2473 ἔφη]
1042 2432 1142 2464 ἐδόκει
1160 2432 1191 2462 Α
1300 2431 1469 2463 ἐκέλευσεν
1485 2428 1516 2460 Α
1534 2441 1540 2460 :
1567 2429 1635 2461 ἐκέ-

313 2484 407 2509 λευεν
425 2478 448 2508 S
465 2478 554 2517 vulg.

1660 841 1697 863 10

1660 1178 1696 1210 15

1660 1517 1698 1539 20

1659 1854 1697 1885 25
