1763 2778
87 135 230 190 [1296]
665 132 1187 189 [A11M()z(-)EN(‘›TE]
1499 133 1576 189 [ῑνι

255 236 317 275 καὶ
353 235 398 286 ἐξ
430 236 631 288 Αἰγύπτου
662 235 867 287 Ἀθήναζε·
906 236 974 276 οὐκ
1005 235 1285 290 ἀπειλήφαμεν
1315 237 1361 277 τὰ
1397 237 1576 290 χρήματα

254 302 341 343 οὐδὲ
367 303 456 345 τοὺς
481 304 629 349 τόκους,
656 303 749 343 ἀλλ’
776 305 916 357 ἔχουσι
940 305 987 343 τὰ
1011 302 1182 355 ἡμέτερα
1206 304 1270 345 καὶ
1291 308 1464 358 χρῶνται
1491 304 1575 345 δεύ-

253 386 366 421 τερον
391 369 490 413 ἔτος·
528 370 572 410 οὐ
597 371 950 421 κατακεκομίκασιν
987 370 1059 421 τὴν
1093 374 1188 412 ναῦν
1225 372 1279 414 εἷς
1313 370 1358 411 τὸ
1391 370 1577 423 ὑμέτερον

255 437 442 488 ἐμπόριον
467 436 617 477 οὐδέπω
643 437 705 477 καὶ
730 442 812 484 νῦν,
839 437 918 478 οὐδ’
943 437 1036 488 ἡμῖν
1063 437 1370 491 παρεσχήκασιν
1405 439 1576 491 ἐμφανῆ·

254 503 276 554 ἡ
303 505 343 543 δὲ
369 503 580 556 συγγραφὴ
608 505 771 552 κελεύει,
799 505 867 545 ἐὰν
891 504 943 555 μὴ
963 503 1194 557 παρέχωσιν
1210 506 1366 557 ἐμφανῆ
1383 504 1453 555 τὴν
1466 508 1576 552 ναῦν,

255 571 454 610 ἀποτίνειν
479 570 616 613 αὐτοὺς
641 571 834 612 διπλάσια
858 572 906 611 τὰ
931 570 1124 624 χρήματα,
1152 571 1223 622 τὴν
1247 574 1289 612 δὲ
1315 570 1455 624 πρᾶξιν
1481 571 1580 612 εἶναι

187 643 235 686 46
255 637 317 676 καὶ
337 636 383 687 ἐξ
404 636 491 680 ἑνὸς
515 637 578 678 καὶ
602 636 649 687 ἐξ
665 639 829 690 ἀμφοῖν.
900 637 1007 678 ταῦτ’
1038 639 1200 692 ἔχοντες
1233 639 1280 679 τὰ
1309 640 1437 679 δίκαια
1474 639 1577 680 εἷσε-

253 704 482 754 ληλύθαμεν
507 708 602 756 πρὸς
627 706 739 756 ὑμᾶς,
767 705 968 756 ἀξιοῦντες
992 706 1040 745 τὰ
1069 705 1237 757 ἡμέτερα
1269 706 1396 747 αὐτῶν
1426 707 1577 747 ἀπολα-

254 773 345 821 βεῖν
364 769 411 810 δι’
436 771 555 821 ὑμῶν,
585 771 715 822 ἐπειδὴ
742 772 832 824 παρ’
862 772 989 812 αὐτῶν
1024 773 1174 814 τούτων
1204 772 1248 813 οὐ
1280 772 1488 823 δυνάμεθα.
1557 772 1580 812 ὁ

252 839 325 888 μὲν
341 836 429 889 παρ’
449 838 557 888 ἡμῶν
581 839 702 891 λόγος
721 839 832 882 οῦτός
848 841 971 880 ἐστιν.
1041 839 1148 880 οὗτοι
1165 842 1205 880 δὲ
1223 841 1485 880 δανείσασθαι
1508 841 1580 891 μὲν

254 905 518 958 ὁμολογοῦσιν
538 905 600 946 καὶ
623 905 675 957 μὴ
701 906 1003 952 ἀποδεδωκέναι,
1031 906 1288 959 διαφέρονται
1311 909 1352 948 δὲ
1379 906 1429 949 ὡς
1455 906 1500 946 οὐ
1523 910 1583 947 δεῖ

254 975 384 1012 τελεῖν
400 971 537 1014 αὐτοὺς
552 972 642 1015 τοὺς
657 974 794 1016 τόκους
813 973 902 1016 τοὺς
920 975 962 1014 ἐν
981 979 1029 1030 τῇ
1046 980 1272 1031 συγγραφῇ,
1294 975 1402 1015 ἀλλὰ
1419 973 1509 1015 τοὺς
1526 974 1580 1031 εἷς

252 1037 402 1084 Ῥόδον,
429 1039 495 1081 οὓς
519 1040 608 1081 οὔτε
633 1040 940 1093 συνεγράψαντο
965 1040 1053 1082 οὔτε
1077 1041 1243 1082 ἔπεισαν
1268 1041 1380 1092 ἡμᾶς.
1450 1041 1484 1081 εἰ
1507 1042 1581 1092 μὲν

187 1120 232 1155 47
253 1105 333 1151 οὖν,
361 1104 390 1145 ὦ
419 1105 556 1158 ἄνδρες
582 1106 798 1158 Ἀθηναῖοι,
825 1109 868 1148 ἐν
900 1111 952 1162 τῷ
978 1107 1138 1148 Ῥοδίων
1164 1109 1401 1162 δικαστηρίῳ
1430 1108 1579 1159 ἐκρινό-

251 1175 364 1223 μεθα,
391 1174 487 1214 ἴσως
504 1173 552 1214 ἂν
571 1174 679 1215 οὗτοι
703 1174 989 1216 ἐπλεονέκτουν
1006 1175 1129 1226 ἡμῶν,
1151 1176 1460 1228 σεσιτηγηκότες
1485 1174 1581 1227 πρὸς

94 1238 232 1294 [1297]
254 1238 395 1282 αὐτοὺς
422 1240 484 1280 καὶ
513 1243 877 1284 καταπεπλευκότες
902 1248 949 1299 τῇ
973 1243 1038 1293 νηὶ
1063 1243 1119 1284 εἷς
1137 1241 1181 1282 τὸ
1201 1243 1362 1283 ἐκείνων
1378 1242 1578 1293 ἐμπόριον·

254 1310 322 1347 νῦν
348 1309 389 1347 δὲ
415 1308 470 1349 εἰς
495 1307 727 1358 Ἀθηναίους
752 1310 1058 1359 εἰσεληλυθότες
1084 1309 1146 1349 καὶ
1172 1308 1500 1362 συγγραψάμενοι
1525 1309 1581 1351 εἷς

254 1372 298 1413 τὸ
331 1372 518 1425 ὑμέτερον
548 1376 748 1428 ἐμπόριον,
780 1376 846 1416 οὐκ
874 1375 1059 1429 ἀξιοῦμεν
1094 1377 1363 1427 ἐλαττωθῆναι
1398 1375 1474 1417 ὑπὸ
1501 1379 1580 1416 τῶν

256 1439 317 1480 καὶ
340 1440 440 1491 ἡμᾶς
466 1443 529 1483 καὶ
552 1443 650 1493 ὑμᾶς
675 1443 926 1494 ἠδικηκότων.

187 1515 234 1557 48
321 1508 451 1560 Χωρὶς
476 1511 518 1550 δὲ
543 1509 703 1560 τούτων,
731 1510 868 1562 ἄνδρες
892 1510 1108 1562 Ἀθηναῖοι,
1126 1509 1178 1562 μὴ
1205 1510 1397 1564 ἀγνοεῖτε,
1419 1510 1478 1550 ὅτι
1496 1510 1581 1551 νυνὶ

253 1575 346 1625 μίαν
372 1575 482 1626 δίκην
508 1576 729 1626 δικάζοντες
755 1580 1002 1628 νομοθετεῖτε
1031 1579 1128 1630 ὑπὲρ
1153 1579 1249 1618 ὅλου
1277 1581 1345 1618 τοῦ
1379 1578 1579 1629 ἐμπορίου,

256 1641 317 1681 καὶ
342 1646 566 1694 παρεστᾶσι
585 1645 730 1685 πολλοὶ
757 1648 835 1685 τῶν
855 1647 952 1685 κατὰ
969 1645 1169 1686 θάλατταν
1186 1644 1424 1698 ἐργάζεσθαι
1442 1661 1579 1696 προαι-

252 1708 454 1760 ρουμένων
478 1711 577 1761 ὑμᾶς
602 1713 852 1764 θεωροῦντες,
879 1716 962 1755 πῶς
997 1712 1041 1753 τὸ
1078 1715 1240 1764 πρᾶγμα
1273 1711 1380 1752 τουτὶ
1417 1712 1577 1759 κρίνετε.

255 1775 288 1816 εἰ
311 1777 384 1826 μὲν
409 1778 484 1829 γὰρ
508 1778 617 1828 ὑμεῖς
641 1779 709 1820 τὰς
729 1781 966 1832 συγγραφὰς
986 1780 1049 1820 καὶ
1068 1777 1138 1821 τὰς
1161 1779 1376 1830 ὁμολογίας
1399 1776 1469 1820 τὰς
1485 1777 1580 1830 πρὸς

254 1841 456 1893 ἀλλήλους
498 1843 730 1896 γιγνομένας
771 1847 939 1899 ἰσχυρὰς
982 1848 1116 1887 οἴεσθε
1154 1848 1236 1886 δεῖν
1268 1846 1369 1886 εῖναι
1399 1845 1462 1885 καὶ
1498 1849 1580 1886 τοῖς

254 1911 570 1960 παραβαίνουσιν
586 1911 704 1954 αὐτὰς
718 1913 911 1964 μηδεμίαν
927 1914 1168 1966 συγγνώμην
1186 1912 1309 1964 ἕξετε,
1331 1912 1581 1964 ἑτοιμότερον

254 1975 498 2027 προήσονται
521 1979 568 2017 τὰ
593 1980 740 2019 ἑαυτῶν
765 1981 801 2020 οἱ
827 1980 892 2021 ἐπὶ
910 1984 978 2021 τοῦ
1003 1981 1194 2030 δανείζειν
1217 1981 1341 2025 ὄντες,
1364 1981 1405 2019 ἐκ
1430 1981 1471 2019 δὲ
1490 1978 1578 2018 τού-

189 2055 234 2089 49
253 2058 330 2083 των
355 2043 619 2095 αὐξηθήσεται
643 2047 733 2097 ὑμῖν
756 2045 802 2087 τὸ
831 2048 1029 2100 ἐμπόριον.
1102 2048 1135 2088 εἰ
1158 2045 1294 2098 μέντοι
1315 2045 1476 2097 ἐξέσται
1499 2048 1581 2087 τοῖς

296 2162 316 2191 3
341 2152 494 2195 ἡμέτερον
509 2153 541 2184 Λ
710 2164 729 2194 5
757 2156 776 2194 ἡ
793 2178 800 2187 .
820 2180 827 2187 .
847 2180 854 2187 .
877 2158 1000 2197 ἐμφανῆ
1018 2166 1084 2187 om.
1105 2155 1137 2186 A
1260 2154 1444 2197 παρέχωσιν
1461 2154 1580 2185 codd.:

254 2196 463 2237 παράσχωσιν
480 2198 578 2229 Blass
701 2200 721 2229 8
738 2199 872 2240 ὑμέτερα
889 2200 913 2231 S
1037 2210 1075 2238 14
1093 2204 1127 2230 et
1147 2210 1188 2230 20
1212 2200 1358 2231 δικασταὶ
1376 2197 1532 2236 Ἀθηναῖοι
1549 2196 1580 2227 Α

258 2251 294 2279 15
321 2240 550 2274 ἐπλεονέκτουν
582 2241 667 2274 οὗτοι
698 2242 728 2273 Λ
884 2255 926 2273 20
949 2243 971 2274 ὦ
1004 2249 1083 2274 ante
1115 2244 1223 2284 ἄνδρες
1252 2243 1348 2273 omisi
1373 2252 1447 2272 cum
1473 2240 1579 2279 SFQ

253 2283 426 2322 'AOnvaYoc]
445 2286 594 2317 δικασταὶ
612 2284 675 2316 Ἀθ.
698 2285 729 2315 Α
883 2297 924 2324 23
949 2290 1084 2327 κρινεῖτε
1106 2297 1169 2325 mg.
1195 2287 1273 2317 edit.
1302 2286 1406 2316 Paris.
1427 2296 1455 2316 a.
1487 2294 1578 2323 1570,

254 2333 345 2358 recte
364 2328 438 2358 sort.
462 2329 504 2359 cf.
532 2329 630 2360 Dein.
658 2329 666 2359 i
693 2331 735 2368 46
824 2340 864 2368 24
890 2330 1095 2372 συγγραφὰς]
1116 2330 1272 2367 συνθήκας
1290 2328 1322 2359 Λ
1410 2339 1451 2367 25
1476 2331 1579 2359 οἴεσθε

255 2371 361 2410 SFQ
376 2371 415 2411 1),
435 2372 476 2403 cf.
492 2372 572 2412 Lys.
589 2383 658 2402 xxv
673 2374 710 2403 18
725 2385 730 2403 ι
752 2373 899 2410 οἶήσεσθε
916 2373 947 2402 Λ
1080 2383 1120 2412 27
1148 2374 1176 2405 οἱ
1192 2396 1199 2404 .
1221 2397 1227 2404 .
1247 2397 1254 2403 .
1273 2373 1361 2405 ὄντες
1374 2377 1409 2402 ut
1426 2371 1578 2402 scholion

253 2415 318 2447 del.
338 2415 473 2446 Dobrcc
549 2416 700 2455 δανείζειν
717 2416 823 2458 ὄντες]
842 2418 991 2457 ἐμπορίου
1005 2417 1199 2457 δανείζοντες
1215 2416 1246 2446 Λ

1604 856 1642 877 10

1604 1194 1641 1225 15

1605 1529 1643 1550 20

1602 1862 1640 1893 25
