1763 2778
94 163 171 218 Lxl]
602 167 914 205 ΕΡΩΤΙΚΟΣ
1447 159 1573 215 [1411]

95 265 392 319 γιγνώσκοντας
414 268 735 318 προσαγορεῦσαι
760 263 850 318 χρή.
921 267 1029 305 δοκεῖ
1049 263 1124 316 γάρ
1146 280 1213 315 μοι
1243 264 1306 304 καὶ
1338 262 1422 304 κατ’

96 334 220 386 ἀρχὰς
243 332 266 383 ἡ
292 331 404 385 τύχη,
431 336 510 372 τῶν
533 335 605 383 μὲν
636 332 800 384 φαύλων
832 335 1148 383 καταφρονοῦσα,
1175 333 1243 372 τὰς
1276 332 1317 371 δὲ
1344 335 1423 371 τῶν

97 400 323 440 σπουδαίων
352 400 504 451 ἀνδρῶν
537 400 710 441 διανοίας
744 399 921 450 ἐρεθίσαι
949 400 1212 449 βουληθεῖσα,
1242 397 1312 448 τὴν
1347 398 1422 448 σὴν

97 466 224 519 φύσιν
251 465 297 506 οὐ
328 465 425 518 πρὸς
447 465 593 516 ἡδονὴν
626 465 918 516 ἐξαπατηθῆναι
944 464 1068 515 καλὴν
1104 467 1281 516 ποιῆσαι,
1315 466 1424 505 ἀλλὰ

57 554 75 587 5
96 532 191 585 πρὸς
216 532 359 585 ἀρετὴν
384 532 663 583 εὐδαιμονῆσαι
688 531 900 586 χρήσιμον.

163 601 308 640 Πολλὰ
333 599 366 640 δ’
389 599 495 652 ἔχων
519 599 575 639 ἔτι
601 599 689 651 περὶ
723 603 795 639 σοῦ
827 601 1011 645 διελθεῖν,
1037 599 1155 639 αὐτοῦ
1187 599 1424 640 καταλύσειν
1445 607 1488 641 33

95 683 164 718 μοι
186 669 285 707 δοκῶ
311 666 381 707 τὸν
399 666 573 712 ἔπαινον,
603 667 737 708 δεδιὼς
755 666 807 717 μὴ
827 666 909 706 καθ’
928 667 1160 718 ὑπερβολὴν
1177 669 1248 716 τῆς
1273 667 1421 718 ἀνθρω-

96 735 210 785 πίνης
247 733 407 786 φύσεως
441 734 538 784 ὑπὲρ
571 737 645 773 σοῦ
678 733 935 786 διαλέγεσθαι
972 733 1085 784 δόξω·
1122 737 1314 774 τοσοῦτον
1349 735 1423 786 γὰρ

98 800 150 843 ὡς
180 801 311 841 ἔοικεν
335 800 360 852 ἡ
391 804 470 840 τῶν
502 801 636 852 λόγων
673 801 834 851 δύναμις
864 800 1030 840 ἔλαττον
1060 800 1144 853 ἔχει
1173 803 1242 851 τῆς
1276 803 1422 853 ὄψεως,

37 887 78 912 10
96 868 202 908 ὥστε
225 870 308 909 τοῖς
331 869 403 918 μὲν
429 867 582 919 ὁρατοῖς
607 867 732 908 οὐδεὶς
756 868 941 907 ἀπιστεῖν
967 866 1080 917 ἀξιοῖ,
1102 867 1191 910 τοὺς
1211 870 1251 908 δὲ
1277 867 1426 908 τούτων

98 935 280 976 ἐπαίνους
326 933 405 974 οὐδ’
453 933 502 974 ἂν
543 935 787 974 ἐλλείπωσιν
835 936 996 985 ἀληθεῖς
1043 935 1142 975 εἶναι
1183 936 1426 986 νομίζουσιν.

98 1000 350 1054 παυσάμενος
383 1001 451 1041 οὖν
479 1001 568 1052 περὶ
600 1002 761 1047 τούτων,
789 1001 860 1052 ἤδη
894 1000 1136 1052 πειράσομαί
1158 1019 1223 1042 σοι
1249 1006 1424 1053 συμβου-
1447 1012 1491 1046 34

55 1071 57 1073 ’
95 1069 229 1110 λεύειν
267 1068 315 1119 ἐξ
351 1069 407 1109 ὧν
449 1069 698 1120 ἐντιμότερον
735 1069 792 1109 ἔτι
826 1068 893 1109 τὸν
931 1072 1076 1108 σαυτοῦ
1105 1070 1199 1119 βίον
1232 1067 1426 1119 καταστή-

39 1219 76 1249 15

40 1557 80 1583 20

604 1135 619 1149 Ἰ

97 1153 195 1178 σεις.
262 1135 485 1187 βουλοίμην
527 1134 560 1175 δ’
599 1152 646 1176 αν
685 1153 734 1176 σε
771 1135 822 1187 μὴ
863 1135 1060 1188 πάρεργον
1101 1135 1349 1186 ποιήσασθαι
1384 1135 1429 1176 τὸ

97 1201 314 1256 προσέχειν
341 1203 411 1243 τὸν
439 1207 531 1244 νοῦν
556 1207 640 1244 τοῖς
669 1202 890 1254 μέλλουσιν
923 1202 1183 1255 ῥηθήσεσθαι,
1218 1203 1307 1255 μηδ’
1331 1204 1425 1243 ὑπο-

96 1268 323 1322 λαμβάνειν
353 1270 471 1316 τοῦθ’,
500 1270 549 1311 ὡς
582 1269 643 1322 ἄρ’
678 1271 756 1322 ἐγὼ
782 1271 932 1312 τούτοις
969 1270 1161 1323 κέχρημαι
1185 1274 1266 1311 τοῖς
1291 1271 1428 1323 λόγοις

98 1337 145 1378 οὗ
170 1340 240 1388 τῆς
273 1339 348 1387 σῆς
376 1337 554 1389 ὠφελίας
587 1338 713 1383 ἕνεκα,
741 1337 832 1378 ἀλλ’
863 1337 1088 1388 ἐπιδείξεως
1120 1340 1330 1389 ἐπιθυμῶν,
1365 1339 1429 1378 ἵνα

97 1403 197 1456 μήτε
219 1403 432 1460 διαμάρτῃς
455 1407 524 1455 τῆς
549 1405 749 1454 ἀληθείας,
775 1404 864 1455 μήτ’
890 1405 976 1445 ἀντὶ
1009 1409 1088 1445 τῶν
1119 1407 1348 1456 βελτίστων
1380 1406 1428 1445 τὰ

98 1470 258 1525 τυχόνθ’
291 1472 480 1522 ἑλόμενος
512 1475 647 1524 χεῖρον
681 1471 770 1523 περὶ
799 1476 947 1512 σαυτοῦ
976 1473 1195 1528 βουλεύσῃ.
1266 1472 1328 1512 καὶ
1354 1474 1428 1524 γὰρ
1449 1487 1491 1523 35

99 1542 182 1580 τοῖς
212 1539 285 1589 μὲν
309 1539 443 1591 ἆφανῆ
471 1538 532 1578 καὶ
558 1538 748 1588 ταπεινὴν
778 1538 850 1589 τὴν
877 1539 1001 1591 φύσιν
1031 1539 1195 1592 ἔχουσιν
1228 1539 1308 1580 οὐδ’
1333 1541 1428 1580 ὅταν

99 1605 152 1657 μὴ
194 1609 324 1648 καλῶς
360 1622 397 1645 τι
438 1604 643 1657 πράξωσιν
680 1605 983 1657 ἐπιπλήττομεν,
1021 1611 1102 1648 τοῖς
1138 1606 1170 1646 δ’
1207 1607 1341 1659 ὥσπερ
1379 1599 1580 1653 0-1‘J[1412]

101 1671 386 1724 περιβλέπτοις
415 1672 694 1725 γεγενημένοις
730 1674 792 1714 καὶ
822 1673 866 1712 τὸ
900 1675 1180 1725 παραμελῆσαί
1213 1691 1318 1716 τινος
1354 1677 1430 1713 τῶν

103 1740 332 1779 καλλίστων
357 1740 553 1792 αἰσχύνην
580 1739 706 1792 φέρει.
778 1740 836 1781 ἔτι
866 1739 898 1780 δ’
924 1742 959 1781 οἱ
991 1743 1062 1792 μὲν
1094 1741 1158 1781 ἐπὶ
1189 1745 1265 1782 τῶν
1295 1741 1430 1781 ἄλλων

101 1806 236 1858 λόγων
281 1805 526 1858 ψευσθέντες
575 1806 659 1846 καθ’
710 1806 796 1849 ἑνὸς
843 1808 965 1858 μόνου
1012 1807 1241 1859 πράγματος
1293 1808 1337 1848 οὐ
1384 1809 1431 1847 τὰ

104 1872 279 1925 κράτιστ’
304 1872 498 1925 ἔγνωσαν·
536 1875 572 1914 οἱ
598 1876 640 1914 δὲ
664 1877 732 1924 τῆς
751 1878 828 1914 τῶν
846 1874 1162 1925 ἐπιτηδευμάτων
1183 1876 1432 1926 συμβουλίας

103 1940 379 1991 διαμαρτόντες
411 1937 435 1990 ἢ
468 1939 842 1993 καταφρονήσαντες
876 1941 965 1994 παρ’
1000 1943 1097 1982 ὅλον
1132 1941 1201 1982 τὸν
1236 1943 1330 1993 βίον
1364 1944 1433 1992 τῆς

104 2009 251 2048 ἑαυτῶν
275 2007 476 2059 ἀγνωσίας
500 2007 743 2058 ὑπομνήματ’
769 2008 943 2061 ἔχουσιν.

169 2073 332 2114 Τούτων
364 2076 436 2125 μὲν
469 2074 581 2115 οὐδὲν
607 2078 668 2115 δεῖ
698 2092 746 2115 σε
780 2079 932 2121 παθεῖν,
962 2079 1202 2117 σκοπεῖσθαι
1227 2078 1269 2117 δὲ
1294 2076 1334 2116 τί
1355 2079 1432 2116 τῶν
1454 2082 1497 2125 36

105 2141 359 2193 ἀνθρωπείων
394 2142 588 2193 μεγίστην
625 2142 786 2192 δύναμιν
822 2142 918 2195 ἔχει,
957 2144 1020 2183 καὶ
1055 2144 1161 2185 τίνος
1197 2147 1326 2185 καλῶς
1361 2145 1434 2194 μὲν

151 2259 171 2287 4
195 2250 301 2288 καλὴν
324 2249 444 2280 Wolf:
469 2251 571 2282 καλὸν
594 2251 690 2281 codd.
720 2252 812 2289 (add.
832 2264 869 2283 σε
889 2251 997 2293 Q'yp.)
1096 2262 1115 2291 5
1142 2255 1403 2292 ἐνευδαιμονῆσαι
1419 2263 1435 2283 1·

111 2301 149 2330 13
173 2291 216 2324 ὧν
231 2293 272 2324 ἂν
286 2293 395 2332 codd.;
421 2295 460 2325 ’ἂν
477 2295 541 2324 del.
563 2295 728 2325 Schaeser
838 2297 1055 2334 καταστήσεις
1073 2295 1096 2326 S
1110 2296 1135 2326 F
1148 2296 1178 2334 Q
1194 2308 1200 2326 :
1225 2297 1434 2338 καταστήσῃς

107 2335 198 2374 vulg.
293 2346 330 2375 15
355 2339 530 2373 ὑπολαβεῖν
548 2349 563 2367 ι-
576 2338 604 2367 D
698 2349 733 2377 17
753 2341 811 2376 σῆς
830 2339 854 2368 F
867 2339 897 2377 Q
910 2339 940 2369 Y
953 2352 1004 2380 γρ.
1018 2351 1024 2370 :
1041 2350 1104 2381 om,
1120 2339 1143 2369 S
1157 2340 1186 2369 Y
1198 2351 1214 2369 r
1227 2340 1255 2369 D
1295 2340 1434 2380 ὠφελίας

109 2378 149 2409 Sl
164 2390 171 2409 ε
196 2380 354 2420 ὠφελείας
366 2380 390 2411 S
402 2391 485 2411 corr.
500 2381 588 2419 vulg,
809 2383 845 2411 18
861 2383 938 2422 μήτ’
955 2383 1041 2423 ἀντὶ]
1060 2383 1141 2422 μήτε
1157 2397 1188 2414 τι
1207 2383 1230 2413 S
1247 2394 1253 2413 :
1277 2383 1360 2423 μήτε
1377 2394 1391 2412 r
1404 2384 1434 2413 D

108 2431 150 2460 23
175 2422 333 2464 αἰσχύνην
361 2423 448 2465 φέρει
485 2424 614 2462 SFQ:
652 2428 857 2466 καταγνῶσιν
893 2433 925 2466 φ.
961 2427 1044 2457 rD:
1083 2434 1117 2464 φ.
1147 2430 1351 2467 καταγνῶσιν
1382 2426 1435 2457 Y:

109 2466 269 2506 αἰσχύνην
292 2467 398 2508 φέρειν
421 2470 526 2499 εἴωθεν
550 2468 636 2508 Ργρ.
653 2468 743 2509 Q‘yp.
757 2469 848 2509 Y‘yp.
1006 2470 1047 2500 28
1070 2470 1128 2509 μὲν
1153 2471 1249 2501 codd.
1270 2481 1277 2500 τ
1300 2470 1359 2510 μὲν
1382 2470 1436 2502 οὖν

109 2508 215 2539 index
232 2509 386 2541 Lambini
516 2521 559 2550 29
585 2513 782 2552 ἀνθρωπίνων
797 2513 823 2543 F
838 2513 864 2553 Q

1287 2557 1348 2587 23*
