1700 2758
684 112 1094 155 PRAEFATIO

231 235 340 274 quas
372 221 425 261 ad
460 220 686 274 exemplar
716 220 909 274 optimae
939 229 1067 262 notae
1101 223 1238 262 redire
1266 221 1545 263 manifestum

230 298 292 332 est
313 303 320 339 3
353 304 555 331 numeros
576 290 762 343 denique
785 290 1132 332 stichometricos
1161 291 1387 344 aliquanto
1414 306 1545 345 quam

231 360 270 400 in
298 361 331 400 F
355 361 630 414 copiosiores.

287 428 442 470 Codex
480 430 800 471 Ambrosianus
839 430 880 470 D
920 430 1104 472 antehac
1147 445 1302 485 parum
1346 432 1545 473 innotuit.

229 499 306 539 nisi
324 500 441 553 quod
465 499 651 540 i—xxviii
670 506 713 540 et
732 500 778 540 lx
802 500 844 540 in
863 501 1162 542 Ambrosiano
1185 502 1355 552 desunt,
1371 502 1546 542 easdem

229 582 338 621 quas
373 568 408 608 F
441 569 657 609 orationes
689 569 931 622 eodemque
963 571 1115 612 ordine
1140 570 1373 624 dispositas
1403 570 1547 611 habet.

229 651 327 678 cum
352 636 386 676 F
402 637 441 690 Q
467 638 721 690 plerumque
744 639 990 691 conspirat:
1024 654 1081 681 ex
1103 647 1255 680 neutro
1277 646 1426 680 tamen
1445 653 1548 693 pen-

229 708 332 747 dere
354 707 525 747 videtur
542 723 550 755 ;
583 706 649 747 hic
668 707 755 748 illic
773 707 1050 749 adfinitatem
1074 723 1173 749 cum
1192 711 1239 760 A,
1256 709 1428 763 saepius
1449 723 1546 749 cum

231 775 260 816 S
285 776 595 829 deprehendas.
642 790 782 830 neque
813 777 918 818 illud
951 777 1387 832 praetermittendum
1422 785 1548 819 notu-

228 844 363 885 larum
386 858 494 898 quas
518 845 552 884 F
567 844 607 898 Q
631 846 670 885 in
697 846 888 899 margine
910 847 1133 897 exhibent,
1151 861 1354 900 magnam
1380 854 1547 901 partem

230 914 272 954 in
296 919 421 955 textu
446 914 728 955 Ambrosiani
751 915 963 956 exhiberi.
1017 916 1102 956 iam
1125 931 1225 957 vero
1248 917 1288 957 in
1312 917 1547 970 posteriore

230 989 352 1036 parte
395 982 487 1035 (lix,
530 982 606 1031 lxi,
652 984 879 1025 Prooemia
924 985 1040 1039 dico)
1084 986 1193 1025 adeo
1233 985 1546 1025 desciscentem

229 1052 378 1092 videas
414 1065 439 1092 a
474 1050 661 1093 fraterna
699 1054 909 1093 memoria
947 1061 995 1093 ut
1032 1054 1219 1095 alienam
1255 1054 1546 1095 recensionem

230 1121 316 1161 illic
345 1120 467 1174 sequi
503 1122 706 1174 argueris.
750 1122 868 1163 velut
905 1123 947 1162 in
986 1121 1050 1162 lix
1080 1122 1298 1164 interdum
1331 1137 1429 1164 cum
1458 1122 1548 1171 Yr,

230 1190 446 1231 interdum
462 1204 560 1231 cum
577 1190 655 1232 ΞΥ
672 1204 690 1231 r
707 1192 857 1232 intime
873 1194 1072 1246 congruit
1092 1205 1101 1242 ;
1125 1206 1292 1233 necnon
1310 1192 1353 1233 in
1370 1192 1548 1233 Erotico

231 1259 495 1313 frequentius
519 1261 766 1313 conspirant
790 1260 866 1301 ΞΥ
884 1262 974 1310 rD,
1005 1263 1092 1302 iure
1120 1276 1450 1315 nonnumquam
1485 1276 1548 1302 re-

231 1328 527 1381 pugnantibus
579 1329 828 1371 Marcianis.
919 1344 1008 1370 non
1051 1345 1136 1371 uno
1178 1331 1276 1372 loco
1320 1331 1547 1372 veritatem

229 1398 298 1439 hic
333 1397 442 1438 liber
479 1398 603 1439 unice
640 1405 780 1439 servat
818 1413 902 1452 e.g.
941 1398 1090 1440 Φιλέου
1124 1400 1235 1454 Arg.
1268 1401 1453 1452 xxxvii3
1496 1399 1549 1451 μὴ

229 1467 380 1519 ὀμόσας
394 1466 505 1520 Arg.
522 1467 564 1507 lii
585 1467 658 1508 ubi
673 1467 824 1519 ὀμόσας
843 1474 944 1510 cett.
987 1469 1054 1510 οὐκ
1071 1468 1222 1520 ὀμόσας
1241 1469 1383 1520 Wolf;
1406 1469 1550 1509 λύσειν

230 1536 289 1577 xl.
310 1546 383 1589 17;
407 1540 484 1577 τῶν
504 1536 582 1578 lxi.
602 1548 676 1591 37;
701 1538 754 1577 ὧν
771 1536 820 1578 ἂν
843 1538 908 1578 Pr.
926 1538 1006 1587 liii3
1025 1539 1047 1578 ὅ
1070 1555 1177 1579 τισιν
1194 1539 1257 1579 Pr.
1278 1538 1350 1580 lvi.
1387 1538 1549 1580 codicis

231 1606 436 1648 lectiones
454 1606 613 1660 publici
634 1606 734 1647 iuris
749 1606 846 1647 fecit
871 1607 905 1648 I.
922 1605 1059 1660 May,1
1085 1608 1174 1661 qui,
1191 1614 1237 1648 ut
1257 1608 1342 1649 iam
1359 1608 1548 1661 aliquem

230 1689 456 1716 numerum
508 1676 705 1717 obtineat
749 1675 1067 1716 Ambrosianus
1123 1676 1269 1716 nescio
1316 1689 1370 1716 an
1414 1676 1549 1729 pluris

230 1745 343 1786 iusto
367 1759 465 1785 eum
489 1745 797 1786 aestimaverit.

287 1813 482 1868 Quartae
509 1813 702 1854 familiae
728 1815 905 1868 signifer
931 1815 1076 1855 codex
1109 1815 1327 1855 Parisinus
1354 1815 1408 1861 Y,
1432 1815 1550 1854 cuius

232 1884 343 1923 ratio
367 1883 600 1936 multiplex
626 1883 851 1936 multoque
875 1884 1076 1924 incertior
1098 1898 1229 1937 quam
1259 1892 1305 1925 ut
1338 1884 1548 1924 Marciani

233 1954 426 1994 familiae
441 1968 539 1994 cum
559 1955 723 1995 Fuhrio
741 1956 938 2009 protinus
954 1957 1180 1996 attribuas,
1223 1956 1418 2009 quamvis
1433 1955 1548 1994 enim

231 2023 386 2064 eodem
420 2023 538 2064 fonte
574 2024 608 2063 F
641 2032 683 2065 et
715 2024 756 2063 Y
781 2024 984 2077 primitus
1018 2025 1198 2064 derivati
1229 2025 1326 2074 sint,
1350 2024 1549 2077 quamvis

229 2093 387 2133 artiore
419 2092 524 2133 olim
552 2093 725 2133 vinculo
754 2107 853 2133 cum
882 2093 912 2134 S
945 2093 1181 2143 coniuncti,
1206 2094 1375 2134 diverse
1400 2100 1548 2134 tamen

230 2162 555 2202 contaminatus
593 2168 788 2215 uterque,
822 2163 949 2204 valde
984 2163 1154 2203 diversa
1190 2162 1366 2203 alterius
1404 2175 1548 2202 recen-

229 2230 362 2271 sionis
386 2238 560 2271 tuentur
582 2231 780 2283 vestigia.
812 2231 1027 2273 interdum
1047 2246 1144 2272 cum
1171 2231 1206 2271 F
1227 2231 1424 2284 congruit
1449 2230 1550 2270 Y—

275 2380 285 2400 ¹
309 2380 400 2412 Neue
415 2381 648 2422 Plu'lologisclae
665 2381 878 2421 Rauda-han,
903 2383 1102 2422 189971902.

880 2452 900 2474 x
