1763 2778
158 129 273 185 van]
343 133 507 173 KATA
555 132 766 171 ΕΎΕΡΓ.
817 132 921 170 ΚΑΙ
971 130 1226 169 ΜΝΙ-ΙΣΙΒ.
1275 129 1453 167 ΨΕΎΔ.

158 242 490 298 προκαλέσασθαι
507 242 576 283 τὸν
597 242 817 294 Θεόφημον
843 240 905 281 καὶ
930 239 1186 292 παραδιδόναι
1209 238 1254 279 τὸ
1280 243 1396 290 σῶμα
1419 241 1488 289 τῆς

159 311 378 364 ἀνθρώπου,
406 310 474 350 οὐκ
510 308 558 350 ἂν
595 307 717 359 δήπου
747 308 814 349 δύο
845 308 988 359 μόνους
1019 306 1215 363 μάρτυρας
1246 305 1486 357 ἐποιήσαντο

159 377 353 429 κηδεστὴν
392 378 454 418 καὶ
496 377 686 428 ἀδελφόν,
729 377 881 426 τάληθῆ
929 378 1230 428 μαρτυροῦντας,
1270 375 1376 414 ἀλλὰ
1425 373 1485 413 καὶ

157 445 305 487 ἄλλους
330 443 377 485 ἂν
403 444 590 486 πολλούς.
650 443 673 494 ἡ
702 445 773 494 μὲν
806 444 880 495 γὰρ
906 443 1035 482 δίαιτα
1060 443 1100 482 ἐν
1126 447 1172 498 τῇ
1198 441 1333 496 ἡλιαίᾳ
1365 439 1412 491 ἦν
1433 437 1485 489 (οἱ

120 528 138 560 5
157 514 233 566 γὰρ
271 511 342 562 τὴν
381 512 534 568 Οἰνῇδα
573 511 635 551 καὶ
682 510 753 561 τὴν
795 510 1018 566 Ἐρεχθῇδα
1055 512 1282 550 διαιτῶντες
1321 510 1488 548 ἐνταῦθα

159 577 373 630 κάθηνται)·
410 582 488 618 τῶν
521 580 562 618 δὲ
587 578 775 618 τοιούτων
800 575 1075 630 προκλήσεων,
1102 577 1197 616 ὅταν
1222 592 1280 617 τις
1303 574 1348 616 τὸ
1373 578 1488 627 σῶμα

158 649 358 701 παραδιδῷ
398 646 576 697 κομίσας,
608 645 755 685 πολλοὶ
791 645 1080 697 προσίστανται
1116 642 1375 684 ἐπακούοντες
1410 645 1488 682 τῶν

157 713 402 766 λεγομένων,
441 713 546 753 ὥστε
584 712 652 752 οὐκ
691 711 740 752 ἂν
777 711 982 765 ἠπόρησαν
1017 711 1238 764 μαρτύρων,
1281 712 1388 763 εἴπερ
1426 709 1488 750 καὶ

159 781 384 822 ὁπωστιοῦν
408 779 560 831 ἀληθὴς
584 779 631 831 ἦν
655 780 678 831 ἡ
703 781 906 832 μαρτυρία.
1076 830 1078 833 Ι

102 863 141 886 10
226 846 561 901 Μεμαρτυρήκασι
598 848 741 893 τοίνυν,
774 845 803 887 ἷῖ)
839 846 976 899 ἄνδρες
1013 847 1207 892 δικασταί,
1237 847 1278 885 ἐν
1311 850 1358 901 τῇ
1394 844 1490 901 αὐτῇ

157 916 358 970 μαρτυρίᾳ,
378 915 429 956 ὡς
453 915 532 968 ἐγὼ
557 915 625 955 οὐκ
651 914 827 965 ἐθέλοιμι
851 913 1143 965 ἀναβαλέσθαι,
1165 913 1185 952 ὁ
1210 915 1252 952 δὲ
1272 912 1491 964 Θεόφημος

160 983 325 1030 κελεύοι,
347 983 411 1023 ἵνα
428 999 496 1034 μοι
519 983 709 1035 παραδοίη
736 981 808 1032 τὴν
831 981 1051 1034 ἄνθρωπον.
1108 980 1159 1022 ὡς
1182 982 1223 1020 δὲ
1251 979 1319 1019 οὐκ
1345 980 1490 1029 ἀληθὲς

158 1049 261 1090 τοῦτ’
278 1049 401 1096 ἔστιν,
419 1050 497 1102 ἐγὼ
518 1050 616 1101 ὑμᾶς
635 1048 792 1100 διδάξω.
844 1049 877 1089 εἶ
894 1051 967 1100 μὲν
986 1050 1061 1101 γὰρ
1083 1049 1161 1100 ἐγὼ
1181 1047 1249 1088 τὸν
1271 1047 1489 1099 Θεόφημον

158 1117 304 1168 ταύτην
339 1117 411 1168 τὴν
448 1117 674 1170 πρόκλησιν
712 1116 1016 1169 προύκαλούμην
1056 1114 1107 1166 ἢν
1144 1112 1489 1167 μεμαρτυρήκασιν

103 1202 139 1234 15
159 1185 276 1240 αὐτῷ,
302 1182 422 1235 ἇξιῶν
458 1183 577 1225 αὐτὸν
612 1184 683 1234 τὴν
719 1183 926 1236 ἄνθρωπον
964 1185 1217 1236 παραδοῦναι,
1248 1181 1407 1222 εἰκότως
1441 1179 1489 1220 ἄν

157 1269 225 1304 μοι
255 1251 416 1294 τούτους
445 1251 536 1294 τοὺς
566 1252 713 1305 λόγους
737 1251 985 1303 ἀπεκρίνατο,
1013 1249 1294 1301 ἀναβαλέσθαι
1319 1247 1490 1289 κελεύων

159 1319 231 1370 τὴν
255 1320 406 1360 δίαιταν
431 1319 486 1361 εἷς
511 1318 582 1369 τὴν
606 1318 776 1372 ὑστέραν
801 1318 982 1368 σύνοδον,
1004 1319 1068 1358 ἵνα
1088 1318 1230 1373 κομίσῃ
1249 1315 1321 1366 τὴν
1339 1315 1487 1368 ἅνθρω-

160 1403 236 1427 πον
265 1387 328 1427 καὶ
357 1388 516 1440 παραδῷ
547 1403 627 1438 μοι·
671 1389 740 1427 νῦν
773 1388 814 1426 δὲ
848 1387 896 1426 σὲ
926 1384 1044 1425 αὐτὸν
1075 1382 1434 1437 μεμαρτυρήκασιν,
1460 1380 1490 1422 [2]

161 1453 370 1506 Θεόφημε,
398 1452 553 1494 ἐθέλειν
587 1454 843 1506 παραδιδόναι
879 1452 951 1503 τὴν
985 1452 1205 1505 ἄνθρωπον,
1238 1450 1299 1490 καὶ
1335 1451 1401 1501 ἐμὲ
1437 1449 1489 1500 μὴ

102 1539 142 1561 20
161 1519 305 1562 ’θέλειν
328 1525 592 1573 παραλαβεῖν.
649 1524 728 1562 πῶς
753 1520 822 1561 οὖν
846 1520 897 1561 σὺ
925 1520 1052 1572 κύριος
1073 1521 1146 1571 μὲν
1170 1517 1224 1558 ὣν
1248 1520 1318 1569 τῆς
1341 1517 1490 1569 ἀνθρώ-

160 1605 248 1635 που,
289 1587 452 1640 μέλλων
491 1590 535 1630 δὲ
569 1589 859 1642 προκαλεῖσθαι
898 1588 1043 1638 ταύτην
1079 1586 1151 1637 τὴν
1187 1586 1408 1638 πρόκλησιν
1443 1582 1491 1634 ἣν

158 1654 485 1708 μεμαρτυρήκασί
511 1672 590 1702 σοι,
617 1655 878 1708 καταφεύγων
911 1657 953 1695 δὲ
985 1656 1041 1697 εἷς
1072 1653 1141 1704 τὴν
1172 1652 1378 1704 ἄνθρωπον
1402 1650 1490 1704 περὶ

160 1725 229 1762 τοῦ
247 1724 409 1770 δικαίου,
431 1722 558 1764 ἄλλου
576 1722 619 1763 δέ
637 1740 704 1763 σοι
722 1722 882 1764 οὐδενὸς
900 1723 1014 1764 ὄντος
1031 1720 1225 1773 μάρτυρος
1245 1719 1295 1761 ὣς
1315 1717 1489 1771 ἐπλήγης

160 1788 226 1830 ὑπ’
245 1791 338 1841 ἐμοῦ
362 1789 554 1843 ἄρχοντος
573 1794 718 1843 χειρῶν
737 1791 894 1837 ἀδίκων,
913 1788 987 1843 οὐχ
1011 1788 1102 1839 ἧκες
1120 1788 1225 1840 ἔχων
1249 1786 1322 1837 τὴν
1339 1785 1488 1838 ἄνθρω-

101 1877 140 1909 25
161 1873 237 1897 πον
267 1856 365 1910 πρὸς
395 1857 466 1897 τὸν
495 1857 696 1908 διαιτητὴν
725 1858 788 1898 καὶ
818 1858 1048 1910 παρεδίδους
1073 1858 1119 1895 τὸ
1143 1858 1258 1905 σῶμα
1287 1853 1491 1905 παρούσης

161 1925 230 1974 τῆς
255 1924 473 1976 ἀνθρώπου,
496 1924 625 1976 κύριός
649 1942 696 1978 γε
721 1924 775 1965 ὢν
794 1925 932 1974 αὐτῆς,·
957 1924 1065 1964 ἀλλὰ
1084 1922 1156 1973 τὴν
1175 1924 1246 1973 μὲν
1267 1921 1490 1974 πρόκλησιν

162 1989 242 2043 φὴς
274 1991 619 2043 προκαλέσασθαι,
643 1991 716 2042 τὴν
754 1994 795 2032 δὲ
821 1991 1031 2045 ἄνθρωπον
1058 1990 1185 2031 οὐδεὶς
1219 1988 1334 2034 εἶδεν,
1366 1986 1414 2028 δι’
1444 1986 1490 2038 ἧς

210 2110 226 2131 Ι
251 2105 465 2142 προκαλεσθαι
485 2101 509 2132 S
580 2111 643 2132 1—2
659 2103 709 2134 καὶ
724 2125 732 2134 .
748 2125 755 2132 .
771 2125 777 2132 .
794 2101 954 2143 ἀνθρώπου
971 2100 1036 2131 del.
1054 2098 1272 2130 Herwerden
1343 2107 1361 2126 2
1378 2096 1490 2136 μόνους

162 2154 230 2176 om.
251 2144 275 2175 S
433 2156 449 2184 7
474 2146 707 2187 προσίστανται
736 2145 766 2183 Q
792 2155 890 2183 corr„
921 2144 964 2175 cf.
990 2144 1058 2173 xlvi
1094 2153 1153 2173 11:
1177 2143 1385 2183 προΐστανται
1409 2145 1487 2171 cett.

161 2188 182 2218 8
206 2188 348 2229 ἠπόρησε
367 2188 391 2220 S
559 2200 595 2221 11
622 2191 684 2230 ἐγὼ
698 2187 791 2231 <μὲν>
808 2189 1024 2219 Herwerden
1186 2196 1223 2224 14
1248 2183 1491 2227 προύκαλούμην

163 2231 216 2262 hic
235 2231 259 2262 S
274 2242 282 2262 ε
304 2236 384 2262 ante
401 2232 525 2271 ταύτην
544 2232 569 2262 F
581 2232 611 2271 Q
626 2233 656 2262 D
831 2233 868 2262 18
893 2231 930 2264 σὲ
944 2232 1040 2263 αὐτὸν
1057 2229 1193 2261 Bekker
1209 2241 1216 2260 :
1240 2228 1376 2261 σεαυτὸν
1392 2228 1487 2258 codd.

160 2275 441 2317 μεμαρτυρήκασιν
458 2276 482 2306 S
498 2287 506 2306 :
528 2277 769 2318 μεμαρτύρηκας
786 2275 812 2305 F
825 2275 855 2314 Q
874 2275 903 2305 D
924 2277 991 2315 (hic
1007 2274 1066 2314 μὲν
1082 2274 1133 2314 μ.)
1257 2283 1297 2312 19
1319 2272 1424 2303 θέλειν
1440 2270 1464 2300 S
1481 2281 1488 2300 :

163 2318 284 2350 ἔθελειν
312 2319 380 2357 FQ
400 2319 430 2348 D
563 2330 605 2349 20
629 2321 669 2352 σὺ
693 2320 797 2361 κύριος
818 2319 878 2357 μὲν
900 2320 943 2350 ὢν
960 2318 1006 2348 S:
1040 2318 1144 2359 κύριος
1166 2316 1226 2356 μὲν
1250 2317 1292 2347 ὢν
1316 2316 1356 2346 σὺ
1378 2312 1443 2351 FQ
1460 2313 1488 2342 D

162 2370 204 2391 22
228 2364 295 2403 περὶ
314 2361 338 2392 S
356 2373 362 2392 :
385 2362 517 2402 μέλλων
533 2362 567 2394 δὲ
583 2367 812 2404 προκαλεῖσθαι
827 2363 895 2404 περὶ
910 2362 935 2391 F
948 2361 978 2401 Q
993 2361 1023 2391 D
1135 2362 1177 2390 26
1200 2359 1254 2401 γε]
1272 2373 1307 2390 τε
1326 2358 1350 2387 S
1448 2366 1487 2394 27

162 2404 258 2445 εἶδεν]
278 2408 373 2437 ιδεναι
390 2405 415 2436 S

1509 121 1639 177 [1142]

1510 461 1549 486 12

1509 713 1640 770 [1143]

1513 863 1554 899 13

1513 1192 1553 1226 14

1514 1736 1553 1774 Ῑ5
