1763 2778
110 155 240 211 [1318]
675 154 1160 193 AHMOEOENOTE
1498 147 1588 204 [Lvn

261 272 375 302 τινες,
403 256 446 295 ἐν
469 253 494 310 ᾗ
519 252 711 306 διάφορος
734 253 927 305 ἐγενόμην
954 250 1202 303 εἰσπράττων
1226 251 1463 303 ὀφείλοντας
1489 257 1588 293 πολ-

261 322 356 364 λοὺς
394 322 521 362 αὐτῶν
560 321 778 371 μισθώσεις
815 323 990 369 τεμενῶν
1029 320 1092 359 καὶ
1129 317 1230 370 ἕτερ’
1268 319 1294 360 ἃ
1331 322 1409 358 τῶν
1448 322 1587 360 κοινῶν

262 388 543 440 διηρπάκεσαν,
583 388 661 439 ἐγὼ
698 389 770 437 μὲν
808 386 856 427 ἂν
894 387 1116 437 βουλοίμην
1154 387 1253 436 ὑμᾶς
1285 385 1456 438 ἀκούειν,
1495 385 1586 426 ἀλλ’

260 457 358 497 ἴσως
394 455 468 506 ἔξω
505 458 572 494 τοῦ
609 453 835 506 πράγματος
874 452 1136 505 ὑπολήψεσθε
1175 450 1281 492 ταῦτ’
1319 452 1430 493 εἶναι.
1501 453 1587 494 ἐπεὶ

261 523 323 563 καὶ
349 522 450 562 τοῦτ’
476 522 555 574 ἔχω
585 521 780 561 δεικνύναι
810 519 1018 571 τεκμήριον
1054 519 1104 561 ὡς
1137 519 1407 569 συνέστησαν·
1477 519 1520 560 ἔκ
1543 536 1586 561 τε
1605 534 1624 566 5

261 591 336 642 γὰρ
360 593 427 630 τοῦ
452 589 566 640 ὅρκου
593 586 813 639 ἐξήλειψαν
838 586 883 626 τὸ
911 589 1158 639 ψηφιεῖσθαι
1193 587 1326 643 γνώμῃ
1359 593 1406 644 τῇ
1440 590 1584 627 δικαιο-

195 660 241 702 64
260 655 359 713 τάτῃ
394 657 458 696 καὶ
492 656 581 696 οὔτε
617 654 778 709 χάριτος
814 653 913 695 ἕνεκ’
949 653 1029 694 οὔτ’
1067 653 1223 707 ἔχθρας·
1263 653 1326 694 καὶ
1359 655 1435 706 γὰρ
1470 658 1586 694 τοῦτο

261 722 434 775 φανερὸν
460 721 618 774 ἐγένετο
643 721 704 761 καὶ
729 722 789 761 ὅτι
815 719 1148 773 ἱεροσυλήσαντες
1171 722 1221 760 τὰ
1244 721 1349 761 ὅπλα
1372 719 1587 773 (εἰρήσεται

261 788 361 842 γάρ),
389 790 414 830 ἃ
438 790 516 841 ἐγὼ
541 788 711 839 ἀνέθηκα
742 793 790 845 τῇ
823 787 984 843 Ἀθηνᾷ,
1021 787 1083 828 καὶ
1118 786 1164 828 τὸ
1197 786 1382 841 ψήφισμ’
1418 787 1583 828 ἐκκολά-

106 857 240 913 [1319]
260 860 410 909 ψαντες
436 855 456 896 ὃ
481 857 567 907 ἐμοὶ
592 854 838 908 ἐψηφίσανθ’
864 856 902 896 οἱ
927 855 1103 906 δημόται,
1131 855 1363 906 συνώμνυον
1392 854 1500 896 οὗτοι
1523 854 1585 896 ἐπ’
1608 873 1645 896 ιο

260 925 328 974 ἐμὲ
357 925 393 964 οἱ
417 922 481 964 ὑπ’
507 924 601 973 ἐμοῦ
629 921 678 962 τὰ
708 924 818 962 κοινὰ
852 922 1176 976 εἰσπραχθέντες.
1247 922 1309 962 καὶ
1340 923 1396 965 εἷς
1425 921 1584 962 τοσοῦτ’

260 991 457 1033 ἀναιδείας
482 990 738 1041 ἐληλύθασιν,
767 989 862 1029 ὥστ’
888 989 1031 1042 ἔλεγον
1055 990 1272 1042 περιιόντες
1299 991 1365 1040 ἐμὲ
1390 991 1460 1039 τῆς
1484 990 1582 1030 ἀπο-

259 1059 400 1110 λογίας
424 1057 538 1098 ἕνεκα
563 1060 683 1097 ταῦτα
711 1058 889 1107 ποιῆσαι.
962 1056 1025 1097 καὶ
1055 1058 1115 1098 τίς
1146 1058 1253 1108 ὑμῶν
1285 1056 1334 1097 ἂν
1371 1058 1582 1109 καταγνοίη

258 1142 332 1176 μου
356 1125 553 1175 τοσαύτην
576 1124 732 1175 μανίαν,
758 1122 788 1164 ὦ
813 1124 950 1176 ἄνδρες
982 1125 1177 1170 δικασταί,
1203 1124 1309 1165 ὥστε
1341 1124 1584 1174 τηλικούτων

259 1192 375 1233 ἕνεκα
394 1191 489 1244 πρὸς
508 1190 553 1232 τὸ
571 1194 731 1244 πρᾶγμα
749 1192 967 1243 τεκμηρίων
981 1190 1073 1241 ἄξια
1089 1190 1258 1232 θανάτου
1278 1189 1581 1242 διαπράξασθαι,
1605 1210 1642 1244 15

194 1264 236 1309 65
259 1260 323 1299 καὶ
365 1259 389 1299 ἃ
428 1258 513 1310 ε’μοὶ
555 1258 786 1311 φιλοτιμίαν
827 1258 984 1310 ἔφερεν,
1028 1256 1134 1298 ταῦτ’
1175 1258 1400 1310 ἀφανίζεινς
1453 1257 1500 1298 τὸ
1540 1259 1583 1298 δὲ

258 1325 416 1367 πάντων
442 1326 666 1367 δεινότατον
691 1324 736 1364 οὐ
761 1323 885 1376 δήπου
910 1341 956 1377 γε
979 1323 1156 1378 φήσαιεν
1173 1323 1222 1365 ἂν
1248 1326 1316 1376 ἐμὲ
1342 1324 1582 1365 κατασκευά-

258 1409 339 1433 σαι.
411 1392 456 1433 οὗ
480 1394 555 1445 γὰρ
579 1393 682 1445 ἔφθη
707 1408 773 1443 μοι
799 1390 1021 1443 συμβᾶσ’ἡ
1049 1392 1192 1446 ἀτυχία
1216 1392 1279 1432 καὶ
1305 1392 1428 1438 εὐθύς,
1447 1392 1584 1445 ὥσπερ

258 1459 434 1512 φυγάδος
462 1459 534 1511 ἤδη
563 1476 638 1511 μου
671 1460 783 1500 ὄντος
815 1460 878 1500 καὶ
912 1460 1183 1505 ἀπολωλότος,
1210 1459 1359 1499 τούτων
1387 1460 1492 1502 τινὲς
1518 1460 1584 1500 ἐπὶ

257 1527 301 1567 τὸ
326 1528 486 1568 οἰκίδιον
511 1526 696 1567 ἐλθόντες
720 1522 803 1578 (τὸ)
826 1528 868 1567 ἐν
892 1526 1000 1581 ἀγρῷ
1024 1526 1174 1578 νύκτωρ
1203 1526 1470 1580 ἐπεχείρησαν
1499 1529 1581 1566 δια·
1605 1543 1645 1566 20

258 1596 434 1646 φορῆσαι
468 1595 515 1633 τὰ
553 1594 726 1634 ἔνδοθεν·
775 1594 876 1633 οὕτω
914 1592 1058 1645 σφόδρ’
1097 1594 1204 1644 ὑμῶν
1242 1593 1305 1634 καὶ
1338 1596 1417 1634 τῶν
1453 1593 1583 1643 νόμων

258 1662 571 1713 κατεφρόνησαν.
647 1660 709 1700 καὶ
752 1664 873 1701 ταῦτα
911 1659 1005 1702 τοὺς
1045 1661 1210 1707 εἰδότας,
1250 1661 1320 1701 ε’ἀν
1358 1660 1581 1712 βούλησθε,

257 1731 465 1779 καλοῦμεν.

191 1802 237 1836 66
324 1797 469 1835 Πολλὰ
493 1795 524 1836 δ’
550 1795 654 1849 ἔχων
685 1795 747 1836 καὶ
776 1794 867 1835 ἀλλ’
899 1793 1102 1845 ἐπιδεῖξαι,
1128 1794 1153 1836 ἂ
1177 1794 1329 1836 τούτοις
1360 1795 1475 1835 ἐστὶν
1496 1796 1579 1835 δια-

256 1862 513 1914 πεπραγμένα
551 1863 613 1903 καὶ
650 1862 676 1903 ἃ
713 1864 815 1903 εἰσιν
852 1861 1107 1914 ἐψευσμένοι,
1146 1861 1268 1912 ἡδέως
1303 1863 1375 1912 μὲν
1411 1861 1459 1902 ἂν
1490 1862 1582 1913 ὑμῖν
1603 1879 1641 1911 ²5

255 1928 426 1981 λέγοιμι,
454 1929 587 1980 ἐπειδὴ
611 1929 645 1970 δ’
672 1928 746 1979 ἔξω
771 1931 840 1968 τοῦ
868 1928 1097 1981 πράγματος
1126 1927 1293 1979 νομίζετ’
1319 1927 1431 1975 εἶναι,
1457 1927 1578 1970 ἐάσω.

257 1995 533 2047 ἀναμνήσθητε
559 1995 591 2036 δ’
616 1997 776 2037 ἐκείνων
801 1996 865 2036 καὶ
889 1995 1105 2042 θεάσασθε,
1132 1995 1185 2038 ὦς
1207 1996 1344 2035 πολλὰ
1375 1996 1439 2036 καὶ
1464 1993 1579 2036 δίκαι’

257 2063 361 2116 ἔχων
390 2066 484 2115 πρὸς
516 2064 615 2114 ὑμᾶς
643 2064 739 2114 ἥκω.
810 2063 946 2114 ὥσπερ
974 2064 1049 2115 γὰρ
1079 2062 1168 2104 τοὺς
1205 2061 1447 2113 θεσμοθέτας
1484 2063 1578 2103 ἀνα-

257 2130 416 2181 κρίνετε,
459 2130 536 2182 ἐγὼ
574 2130 642 2171 τὸν
681 2129 800 2171 αὐτὸν
841 2130 989 2182 τρόπον
1029 2128 1197 2181 ἐμαυτὸν
1236 2130 1328 2181 ὑμῖν
1370 2131 1576 2182 ἀνακρινῶ.

296 2248 317 2278 3
341 2239 568 2280 διηρπάκεισαν
588 2240 696 2275 codd..
713 2249 801 2271 corr.
826 2238 961 2271 Dobree
1093 2249 1114 2278 5
1139 2239 1344 2271 συνέστασαν
1365 2239 1478 2270 Naber
1500 2239 1576 2270 coll.

256 2285 293 2320 ἐξ
311 2293 362 2323 59.
380 2284 424 2314 60
540 2283 561 2313 8
585 2284 632 2315 ὅτι
650 2282 674 2314 S
688 2283 712 2313 F
726 2283 756 2322 Q
772 2282 822 2314 D:
848 2284 898 2315 ὅτι
913 2283 946 2324 γ’
963 2282 995 2313 Α
1115 2293 1135 2322 9
1160 2282 1396 2323 ἐκκολάψαντες
1413 2283 1437 2314 S
1450 2282 1476 2313 F
1489 2282 1521 2321 Q
1536 2283 1578 2321 D,

253 2325 389 2358 Schoh:
413 2326 605 2367 ἐκκόψαντες
617 2325 658 2365 A,
672 2327 714 2358 cf.
730 2327 776 2357 lix
789 2327 831 2366 98
864 2352 875 2369 ‚
925 2337 962 2356 12
985 2325 1147 2367 περιόντες
1158 2326 1252 2358 codd.
1267 2326 1434 2366 plerique,
1448 2327 1488 2357 cs.
1506 2329 1578 2365 §33

257 2379 294 2407 13
319 2370 411 2402 ἕνεκα
433 2369 484 2400 Α;
513 2370 620 2402 ἕνεκεν
642 2376 721 2400 cett.
886 2380 922 2409 15
947 2370 1053 2402 ἕνεκεν
1069 2371 1166 2401 codd.
1337 2379 1374 2408 17
1399 2371 1531 2411 φήσειεν
1546 2369 1577 2408 Q

253 2423 296 2443 ρο
317 2411 389 2456 (τὸ)
402 2414 478 2445 add.
492 2411 590 2444 Blass
679 2423 719 2451 24
743 2414 947 2454 πεπραγμένα
960 2413 1119 2445 Aristeid.
1136 2412 1275 2453 (Waltz,
1289 2423 1320 2454 p.
1334 2415 1414 2452 371)
1427 2413 1483 2453 qui
1500 2423 1578 2444 mox

253 2456 344 2488 ἃοπ).
436 2457 478 2487 26
494 2455 654 2496 νομίζετε]
668 2456 912 2496 ὑπολαμβάνετε
925 2456 1086 2489 Aristeid.
1177 2456 1318 2497 ἐάσωμεν
1329 2456 1361 2487 Α
1451 2457 1493 2487 28
1513 2455 1578 2498 γὰρ

252 2509 316 2530 om.
333 2499 366 2530 A
493 2510 535 2540 29
557 2501 709 2541 ἀνακρινῶ
727 2499 861 2531 Dobrec
878 2512 883 2531 z
909 2501 1061 2542 ἀνακρίνω
1077 2501 1164 2540 vulg.
1187 2500 1274 2542 (sine
1290 2504 1430 2532 accentu
1448 2500 1488 2543 S)
