1742 2774
143 159 285 215 [1045]

244 543 286 578 23

140 801 284 857 [1046]

243 1187 288 1221 24

245 1730 286 1767 25

722 152 1235 209 [AIIMOEQENOTE]
1543 154 1632 209 [xm

308 258 430 310 κύριοι
454 256 679 312 χρημάτων,
701 257 797 297 ὥσθ’
825 257 1008 309 ἑκατέρου
1031 258 1190 310 τρίπους
1209 256 1422 304 ἀνάκειται,
1443 257 1630 310 ιικησάν-

306 343 384 366 των
410 325 537 366 αὐτῶν
554 324 749 365 Διονύσια
774 325 1060 378 χορηγούντων.
1127 325 1190 365 καὶ
1215 324 1260 364 οὐ
1285 327 1434 377 φθοιῶ·
1473 329 1533 366 δεῖ
1556 327 1633 379 γὰρ

306 392 396 434 τοὺς
415 392 602 444 εὐπόρους
621 392 840 445 χρησίμους
859 391 996 434 αὐτοὺς
1016 391 1205 445 παρέχειν
1229 395 1311 434 τοῖς
1328 393 1520 434 πολίταις.
1580 393 1632 434 σὺ

307 460 438 500 τοίνυν
464 458 592 510 δεῖξοι
617 462 792 512 χαλκοῦν
817 459 885 499 ἕια
910 476 983 510 μοι
987 476 1031 499 ον
1056 461 1111 501 εἰς
1136 476 1206 509 την
1222 460 1343 500 πόλιν
1368 459 1594 510 ἀνηλωκώς,
1611 461 1633 501 ὁ

307 529 377 568 τὰς
401 527 468 567 δύο
485 526 783 583 λῃτουργούσας
803 526 939 568 οὐσίας
959 526 1228 579 παρειληφώς.
1287 525 1381 567 ἀλλ’
1405 527 1450 567 οὐ
1479 527 1630 579 δείξεις·
1652 545 1670 579 5

307 594 627 646 ἀποκρύπτεσθαι
644 595 721 647 γὰρ
749 594 811 634 καὶ
844 594 1072 634 διαδύεσθαι
1097 595 1159 634 καὶ
1185 592 1315 634 πάντα
1345 597 1473 635 ποιεῖν
1507 594 1553 646 ἐξ
1578 596 1633 636 ὧν

305 661 356 712 μὴ
377 659 664 718 λῃτουργήσεις
683 661 858 701 τουτοισὶ
877 660 1113 712 μεμάθηκας.
1170 660 1262 701 ἀλλ’
1283 661 1360 713 ἐγὼ
1379 660 1493 712 δείξω
1514 661 1633 702 πόλλ’

307 728 532 778 ἀνηλωκώς,
551 729 571 767 ὁ
590 727 661 778 τὴν
678 729 819 780 μικρὰν
835 728 976 768 οὐσίαν
995 728 1242 780 παραλαβὼν
1258 730 1363 780 παρὰ
1387 732 1456 769 τοῦ
1474 745 1632 781 πατρος.

307 799 463 848 πρῶτον
489 795 531 835 δέ
563 811 630 846 μοι
664 794 733 835 τὸν
759 795 879 846 νόμον
911 796 1059 836 ἐκεῖνον
1090 794 1289 847 ἀνάγνωθι
1314 795 1384 836 τὸν
1412 795 1480 836 οὐκ
1510 798 1634 837 ἐῶντα

307 866 385 903 τῶν
422 864 465 902 ἐν
499 866 582 903 τοῖς
611 861 740 915 ἔργοις
776 862 889 903 οὐδὲν
926 863 1162 915 ἀποφαίνειν
1201 862 1263 902 καὶ
1290 862 1362 912 τὴν
1395 864 1632 915 πρόκλησιν,

308 930 443 970 ἔπειτα
475 931 545 972 τὰς
575 930 788 982 μαρτυρίας
817 929 867 971 ὡς
893 929 947 970 δύ’
985 931 1102 970 οἴκων
1137 929 1463 987 λῃτουργούντων
1499 931 1634 972 οὑτοσὶ

308 997 531 1039 Φαίνιππος
557 998 903 1049 κεκληρονόμηκεν.

603 1111 759 1141 ΝΟΜΟΣ.
809 1112 1053 1141 ΠΡΟΚΛΗΣΙΣ.
1104 1112 1328 1140 ΜΑΡΊἼΡΙΑΙ.

368 1173 444 1216 Εν
468 1175 590 1227 μόνον
626 1175 673 1216 ἄν
703 1193 762 1218 τις
796 1175 883 1229 ἔχοι
919 1173 1043 1225 δεῖξαι
1078 1176 1234 1217 τουτονὶ
1265 1177 1492 1218 Φαίνιππον
1516 1181 1634 1228 πεφι-

306 1242 572 1294 λοτιμημένον
595 1244 650 1285 εἷς
677 1244 789 1294 ὑμᾶς,
824 1242 961 1295 ἄνδρες
993 1244 1188 1283 δικασταί·
1228 1244 1473 1296 ἱπποτρόφος
1489 1244 1636 1296 ἀγαθός

307 1311 417 1351 ἐστιν
443 1310 506 1351 καὶ
526 1310 750 1363 φιλότιμος,
778 1309 847 1351 ἅτε
871 1309 956 1351 νέος
984 1310 1045 1351 καὶ
1068 1310 1261 1351 πλούσιος
1295 1310 1356 1350 καὶ
1382 1310 1544 1364 ἰσχυρὸς
1568 1311 1633 1352 ὤν.

306 1378 348 1418 τί
384 1377 522 1418 τούτου
557 1376 660 1430 μέγα
702 1382 885 1429 ο·ημεί“ον;
938 1378 1180 1428 ἀποδόμενος
1216 1377 1284 1418 τὸν
1325 1377 1635 1430 πολεμιστήριον

307 1445 430 1486 ἵππον
460 1444 738 1496 καταβέβηκεν
764 1444 842 1485 ἀπὸ
865 1448 943 1485 τῶν
972 1445 1116 1490 ἵππων,
1143 1444 1205 1484 καὶ
1234 1444 1318 1485 ἀντ’
1346 1445 1493 1486 ἐκείνου
1517 1445 1634 1498 ὄχημ’

307 1513 411 1567 αὑτῷ
443 1515 674 1562 τηλικοῦτος
710 1510 765 1552 ὢν
801 1512 979 1562 ἐώνηται,
1007 1513 1071 1552 ἵνα
1096 1510 1149 1563 μὴ
1177 1511 1276 1568 πεζῇ
1308 1512 1531 1563 πορεύηται·
1570 1529 1633 1552 το-

309 1579 456 1629 σαύτης
481 1579 593 1620 οὗτος
617 1581 765 1631 τρυφῆς
786 1580 874 1620 ε’στι
898 1579 1057 1629 μεστός.
1130 1578 1190 1619 καὶ
1223 1578 1325 1620 τοῦτ’
1353 1578 1636 1632 ἀπογέγραφέν

307 1664 386 1698 μοι,
414 1649 492 1686 τῶν
516 1648 558 1686 δὲ
580 1649 720 1697 κριθῶν
747 1647 809 1687 καὶ
833 1648 901 1687 τοῦ
921 1647 1026 1687 οἴνου
1054 1646 1116 1686 καὶ
1140 1649 1219 1687 τῶν
1244 1645 1381 1687 ἄλλων
1397 1650 1477 1687 τῶν
1500 1647 1544 1687 ἐκ
1567 1648 1636 1697 τῆς

308 1714 500 1767 ἐσχατιᾶς
523 1713 769 1766 γιγνομένων
785 1714 874 1754 οὐδὲ
899 1713 943 1754 τὸ
968 1712 1132 1755 δέκατον
1158 1712 1290 1766 μέρος.
1348 1712 1460 1764 ἄξιον
1475 1713 1637 1766 ἀφεῖναι

308 1784 376 1821 νῦν
413 1779 530 1820 αὐτόν
567 1781 691 1826 ἐστιν,
729 1780 862 1830 ἐπειδὴ
899 1779 1094 1833 χρήσιμος
1137 1781 1198 1820 καὶ
1240 1781 1453 1833 φιλότιμος
1491 1781 1554 1822 καὶ
1589 1787 1637 1838 τῇ

308 1846 423 1901 οὐσίᾳ
448 1848 583 1902 καὶτῷ
608 1847 780 1898 σώματι;
819 1851 972 1888 πολλοῦ
1001 1865 1046 1900 γε
1072 1847 1134 1888 καὶ
1158 1850 1228 1888 δεῖ.
1301 1851 1432 1888 καλῶν
1460 1846 1534 1900 γὰρ
1569 1849 1635 1888 κᾶ-

307 1916 440 1967 γαθῶν
464 1915 554 1954 ἐστι
576 1915 773 1955 δικαστῶν
798 1914 888 1957 τοὺς
906 1917 978 1965 μὲν
1001 1918 1078 1955 τῶν
1103 1918 1278 1956 πολιτῶν
1298 1914 1522 1961 ἐθελοντάς,
1544 1916 1637 1956 ὅταν

310 1982 520 2033 εὐπορῶσι,
546 1985 860 2037 λῃτουργοῦντας
887 1981 949 2023 καὶ
968 1982 1009 2022 ἐν
1034 1986 1116 2024 τοῖς
1139 1984 1380 2034 τριακοσίοις
1399 1984 1516 2023 ὄντας
1542 1983 1634 2022 ἀνα-

310 2048 460 2095 παύειν,
478 2049 573 2088 ὅταν
591 2048 732 2089 τούτου
752 2050 929 2100 δεόμενοι
949 2048 1214 2103 τυγχάνωσιν,
1233 2049 1323 2092 τοὺς
1339 2050 1383 2090 δὲ
1407 2049 1638 2100 νομίζοντας

310 2115 540 2161 ἀπολλύειν,
572 2116 667 2156 ὅταν
701 2117 756 2158 εἰς
788 2115 833 2157 τὸ
871 2117 1002 2157 κοινόν
1034 2134 1070 2157 τι
1107 2115 1406 2167 δαπανήσωσιν,
1436 2116 1549 2168 ἄγειν
1582 2118 1637 2159 εἷς

355 2235 377 2265 4
401 2223 471 2264 ἕνα]
493 2223 526 2256 ἓν
543 2224 566 2254 S
672 2235 690 2265 7
714 2225 899 2265 μεμαθηκώς
918 2225 960 2262 D,
982 2225 1059 2264 May
1077 2225 1153 2267 (γὰρ
1172 2230 1251 2256 ante
1269 2224 1417 2266 secluso)
1521 2235 1558 2264 15
1585 2226 1636 2258 ἄν·

311 2270 379 2308 δρες
397 2267 420 2298 S
435 2267 483 2299 D:
513 2267 536 2299 ὣ
554 2268 583 2299 ἀ.
601 2268 690 2307 vulg.
794 2271 833 2299 16
857 2270 906 2301 καὶ
925 2270 1095 2310 φιλότιμος
1111 2268 1191 2299 secl.
1212 2269 1418 2310 Rosenberg
1526 2270 1563 2300 18
1587 2271 1637 2301 ἱπ-

310 2310 393 2343 πέων
407 2311 439 2341 Α
574 2322 616 2342 20
639 2311 731 2344 οὗτος
747 2315 868 2353 τρυφῆς
891 2314 1021 2354 (τροφῆς
1039 2313 1078 2350 S)
1099 2315 1169 2344 ἐστι
1186 2312 1304 2352 μεστός
1321 2312 1344 2343 S
1357 2313 1386 2342 Α
1404 2324 1410 2342 :
1434 2325 1481 2353 τρ.
1499 2327 1531 2353 μ.
1545 2311 1636 2345 οὗτός

312 2355 402 2387 ἐστιν
417 2354 443 2385 F
455 2353 486 2393 Q
600 2365 642 2385 22
667 2357 751 2396 ἄξιον
769 2355 793 2386 S
808 2365 816 2385 ε
840 2356 925 2396 ἄξιόν
944 2369 983 2396 ’γε
1000 2356 1088 2394 vulg.
1203 2365 1244 2394 23
1268 2355 1426 2396 χρήσιμός
1443 2369 1481 2396 ’γε
1499 2357 1548 2388 καὶ
1567 2355 1592 2386 F
1605 2355 1636 2394 Q

311 2408 352 2437 24
377 2398 499 2437 σώματι
518 2397 563 2431 S:
588 2400 711 2439 σώματι
728 2399 864 2439 ’γέγονεν
880 2398 970 2438 vulg.
1086 2408 1127 2438 25
1153 2400 1322 2431 ἐθελοντὰς
1339 2397 1364 2429 S
1384 2399 1450 2438 (me
1469 2399 1572 2440 teste)
1592 2398 1634 2437 D,

311 2441 351 2472 cs.
372 2441 451 2472 xviii
468 2452 522 2481 99,
543 2442 623 2481 Lys.
643 2443 725 2472 xxix
742 2453 758 2481 4
774 2454 780 2474 ε
808 2442 978 2476 ἐθέλοντας
995 2442 1083 2482 vulg·
1210 2443 1251 2473 28
1276 2443 1354 2475 ὅταν
1371 2443 1414 2474 εἷς
1431 2444 1469 2475 τὸ
1485 2443 1588 2476 κοινόν
1604 2456 1635 2474 τι

311 2486 403 2517 codd.
420 2497 426 2520 ε
453 2487 469 2517 ὅ
482 2499 513 2519 τι
530 2487 568 2517 ἂν
585 2488 628 2520 εἰς
644 2488 682 2517 τὸ
699 2487 803 2517 κοινὸν
821 2486 927 2520 Cobet

1657 881 1696 903 10

1658 1264 1696 1295 15

1658 1601 1699 1623 20

1659 1936 1698 1968 25
