1763 2778
126 126 259 181 [1372]
692 122 1208 179 [ΔΙΙΜΟΣΘΕΝΟὙΣ]
1531 125 1607 180 [ux

280 214 391 256 ἐστὶν
419 215 466 271 τῇ
499 215 615 255 πόλει
641 215 730 267 περὶ
760 213 984 266 εὐσέβειαν,
1016 214 1142 266 ἐζήτει
1169 215 1242 266 τὴν
1269 221 1434 270 γυναῖκα
1462 217 1607 268 ταύτην

279 286 349 322 τοῦ
374 281 597 335 Θεογένους
621 282 706 332 ἥτις
734 281 793 332 ἦν,
823 282 884 323 καὶ
915 282 1144 336 ἐξήλεγχεν,
1174 283 1233 324 καὶ
1263 285 1354 336 περὶ
1382 288 1460 325 τῶν
1493 285 1607 336 ἱερῶν

280 349 467 401 πρόνοιαν
503 350 686 395 ἐποιεῖτο,
729 349 791 389 καὶ
829 349 986 400 ἐζημίου
1026 349 1093 390 τὸν
1134 350 1338 403 Θεογένην
1378 352 1458 392 ὅσα
1496 353 1608 403 κυρία

280 416 404 462 ἐστίν,
432 417 474 456 ἐν
498 415 703 471 ἀπορρήτῳ
736 418 777 457 δὲ
808 416 870 456 καὶ
903 418 966 456 διὰ
1000 418 1270 468 κοσμιότητος·
1307 417 1352 458 οὐ
1383 419 1458 471 γὰρ
1490 418 1604 459 αὐτο·

280 482 464 535 κράτορές
488 484 603 530 εἰσιν,
631 483 681 525 ὡς
711 481 758 523 ἂν
782 483 1021 534 βούλωνται,
1052 483 1274 534 Ἀθηναίων
1305 487 1392 525 τινὰ
1421 484 1605 526 κολάσαι.
1627 510 1645 542 5

215 567 254 600 81
278 548 503 603 γενομένων
525 552 568 590 δὲ
592 550 736 602 λόγων,
766 551 827 590 καὶ
850 554 1037 603 χαλεπῶς
1070 551 1270 604 φερούσης
1304 554 1373 602 τῆς
1399 553 1441 593 ἐν
1466 551 1606 608 Ἀρείῳ

279 616 392 672 πάγῳ
429 619 581 668 βουλῆς
617 617 678 657 καὶ
717 618 928 668 ζημιούσης
968 617 1037 658 τὸν
1079 618 1284 670 Θεογένην
1326 620 1386 660 ὅτι
1424 620 1608 670 τοιαύτην

280 683 429 735 ἔλαβεν
454 687 619 736 γυναῖκα
644 685 707 725 καὶ
732 684 876 734 ταύτην
897 685 1007 725 εἴασε
1031 687 1196 735 ποιῆσαι
1214 684 1263 725 τὰ
1290 687 1374 738 ἱερὰ
1391 687 1439 726 τὰ
1459 686 1607 739 ἄρρητα

279 752 376 803 ὑπὲρ
400 752 472 801 τῆς
485 751 653 797 πόλεως,
675 752 799 792 ἐδεῖτο
819 752 838 790 ὁ
859 750 1062 804 Θεογένης
1083 751 1264 793 ἱκετεύων
1285 752 1346 793 καὶ
1365 753 1605 804 ἀντιβολῶν,

278 817 409 870 λέγων
443 817 502 858 ὅτι
535 817 603 857 οὐκ
633 817 719 874 ᾔδει
750 819 924 871 Νεαίρας
952 818 1072 869 αὐτὴν
1109 819 1234 860 οὖσαν
1269 819 1476 872 θυγατέρα,
1513 819 1607 860 ἀλλ’
1630 837 1669 859 10

280 884 539 936 ἐξαπατηθείη
564 884 639 925 ὑπὸ
664 884 883 937 Στεφάνου,
910 885 962 928 ὡς
986 886 1102 926 αὐτοῦ
1128 884 1323 939 θυγατέρα
1343 886 1468 927 οὖσαν
1487 886 1608 938 αὐτὴν

278 951 500 1003 λαμβάνων
527 953 698 1004 γνησίαν
735 954 832 993 κατὰ
863 955 934 994 τὸν
963 953 1098 1004 νόμον,
1133 953 1194 994 καὶ
1229 954 1292 994 διὰ
1321 952 1393 1004 τὴν
1426 954 1607 1006 ἀπειρίαν

278 1023 357 1059 τῶν
386 1018 627 1072 πραγμάτων
657 1020 720 1060 καὶ
748 1019 820 1069 τὴν
855 1020 1022 1060 ἀκακίαν
1053 1020 1126 1071 τὴν
1150 1023 1290 1061 ἑαυτοῦ
1317 1024 1456 1061 τοῦτον
1484 1020 1603 1073 πάρε-

278 1089 370 1138 δρον
402 1085 626 1136 ποιήσαιτο,
660 1087 725 1127 ἵνα
756 1085 937 1143 διοικήσῃ
969 1087 1040 1137 τὴν
1074 1086 1213 1141 ἀρχήν,
1245 1087 1296 1131 ὡς
1330 1088 1467 1128 εὔνουν
1498 1090 1605 1135 ὄντα,

214 1163 257 1195 32
280 1154 342 1193 καὶ
362 1152 424 1193 διὰ
449 1156 563 1193 τοῦτο
583 1153 810 1204 κηδεύσειεν
830 1153 945 1208 αὐτῷ.
997 1154 1006 1170 ‘
1025 1155 1083 1195 ὅτι
1109 1157 1150 1195 δὲ
1167 1154 1176 1169 ’
1203 1155 1280 1207 ἔφη
1302 1157 1313 1173 ‘
1333 1154 1378 1195 οὐ
1394 1155 1604 1208 ψεύδομαι,
1629 1175 1666 1208 15

278 1219 438 1275 μεγάλῳ
475 1221 668 1275 τεκμηρίῳ
705 1221 768 1261 καὶ
805 1224 1016 1273 περιφανεῖ
1048 1220 1228 1272 ἐπιδείξω
1269 1223 1373 1273 ὑμῖν·
1420 1221 1492 1272 τὴν
1531 1223 1606 1275 γὰρ

278 1286 486 1341 ἄνθρωπον
521 1287 748 1340 ἀποπέμψω
781 1289 824 1328 ἐκ
856 1290 925 1339 τῆς
950 1288 1086 1335 οἰκίας,
1113 1289 1244 1339 ἐπειδὴ
1280 1289 1348 1329 οὐκ
1372 1288 1484 1330 ἔστιν
1509 1292 1604 1330 Στε-

280 1353 411 1407 φάνου
446 1354 621 1407 θυγάτηρ
662 1356 768 1395 ἀλλὰ
806 1356 994 1407 Νεαίρας.
1065 1355 1136 1396 κᾶν
1174 1359 1244 1403 μὲν
1279 1359 1401 1397 ταῦτα
1437 1355 1604 1406 ποιήσω,

120 1423 260 1478 [1373]
280 1420 351 1472 ἤδη
388 1421 523 1462 πιστοὶ
557 1423 648 1473 ὑμῖν
685 1423 808 1463 ὄντων
845 1424 881 1463 οἱ
917 1423 1033 1475 λόγοι
1069 1424 1105 1464 οἱ
1135 1423 1224 1475 παρ’
1259 1424 1352 1474 ἐμοῦ
1379 1423 1604 1476 λεγόμενοι,

280 1488 340 1529 ὅτι
372 1487 636 1539 ἐξηπατήθην·
675 1488 743 1530 ἐὰν
776 1491 818 1530 δὲ
851 1489 902 1540 μὴ
936 1488 1104 1540 ποιήσω,
1130 1489 1210 1530 τότ’
1240 1489 1313 1541 ἤδη
1341 1507 1390 1541 με
1420 1489 1606 1540 κολάζετε
1628 1505 1668 1528 20

215 1561 258 1604 83
281 1554 331 1596 ὡς
355 1554 528 1607 πονηρὸν
553 1557 648 1596 ὄντα
672 1556 736 1596 καὶ
762 1557 816 1599 εἷς
839 1556 929 1598 τοὺς
958 1556 1070 1599 θεοὺς
1102 1556 1357 1608 ἠσεβηκότα.’
1427 1558 1604 1611 ὑποσχο-

279 1620 398 1672 μένου
432 1624 472 1662 δὲ
505 1626 628 1663 ταῦτα
661 1626 730 1663 τοῦ
761 1622 984 1675 Θεογένους
1014 1625 1077 1664 καὶ
1111 1623 1309 1675 δεομένου,
1336 1623 1415 1674 ἅμα
1441 1625 1513 1674 μὲν
1538 1624 1604 1664 καὶ

280 1687 486 1739 ἐλεήσασα
515 1689 632 1730 αὐτὸν
658 1690 682 1741 ἡ
715 1691 757 1731 ἐν
789 1689 929 1745 Ἀρείῳ
955 1690 1068 1745 πάγῳ
1092 1690 1221 1742 βουλὴ
1255 1692 1318 1731 διὰ
1347 1690 1418 1741 τὴν
1443 1691 1607 1731 ἀκακίαν

279 1759 347 1795 τοῦ
382 1756 540 1807 τρόπου,
567 1756 647 1807 ἅμα
678 1759 721 1798 δὲ
754 1757 817 1797 καὶ
849 1756 1121 1808 ἐξηπατῆσθαι
1150 1763 1197 1814 τῇ
1222 1758 1387 1811 ἀληθείᾳ
1411 1757 1605 1810 ἡγουμένη

279 1821 354 1862 ὑπὸ
389 1826 458 1863 τοῦ
492 1822 713 1875 Στεφάνου,
750 1823 938 1878 ἐπέσχεν.
1009 1824 1060 1866 ὡς
1102 1826 1141 1864 δὲ
1186 1823 1332 1875 κατέβη
1369 1823 1415 1875 ἐξ
1452 1823 1606 1876 Ἀρείου
1628 1844 1667 1876 25

280 1888 408 1942 πάγου
445 1889 465 1928 ὁ
501 1890 717 1943 Θεογένης,
756 1890 868 1933 εὐθὺς
902 1889 972 1941 τήν
1008 1909 1051 1932 τε
1087 1891 1292 1943 ἄνθρωπον
1333 1890 1404 1941 τὴν
1440 1891 1607 1941 ταυτησὶ

281 1957 453 2008 Νεαίρας
478 1956 672 2010 θυγατέρα
697 1957 891 2009 ἐκβάλλει
915 1959 956 1998 ἐκ
981 1960 1050 2008 τῆς
1075 1959 1210 2004 οἰκίας,
1238 1958 1308 1999 τόν
1330 1974 1373 1999 τε
1399 1957 1606 2010 Στέφανον

279 2022 349 2063 τὸν
384 2022 690 2074 ἐξαπατήσαντα
719 2024 836 2066 αὐτὸν
864 2025 1019 2066 τουτονὶ
1047 2025 1260 2066 ἀπελαύνει
1289 2023 1366 2065 ἀπὸ
1398 2028 1466 2064 τοῦ
1492 2041 1606 2066 συνε-

280 2089 398 2142 δρίου.
469 2091 532 2132 καὶ
556 2093 678 2133 οὕτως
703 2092 925 2132 ἐπαύσαντο
952 2093 988 2133 οἱ
1011 2091 1292 2144 Ἀρεοπαγῖται
1317 2092 1512 2144 κρίνοντες
1537 2095 1606 2132 τὸν

281 2156 488 2209 Θεογένην
519 2159 582 2199 καὶ
606 2159 851 2211 ὀργιζόμενοι
884 2159 999 2214 αὐτῷ,
1027 2159 1090 2199 καὶ
1116 2159 1353 2212 συγγνώμην
1379 2159 1490 2212 εἶχον
1513 2158 1602 2210 ἐξα·
1626 2171 1666 2202 30

326 2275 363 2305 15
388 2266 584 2307 κηδεύσειεν]
611 2267 795 2300 κελεύσειεν
827 2268 851 2298 S
1008 2278 1047 2307 19
1070 2268 1145 2308 ἡμῖν
1176 2267 1202 2298 F
1312 2270 1458 2300 ἔστωσαν
1494 2267 1606 2306 codd.;

281 2310 381 2340 immo
397 2310 509 2348 ὄντων,
527 2311 568 2342 cs.
591 2310 832 2341 Meisterhans³
855 2321 925 2351 19¹·
949 2321 986 2350 14
1099 2322 1139 2350 27
1163 2325 1200 2343 τε
1217 2321 1282 2341 om.
1301 2310 1340 2342 S1
1463 2321 1505 2350 29
1529 2315 1607 2350 post

281 2353 461 2386 ἐπαύσαντο
478 2355 563 2384 duae
581 2354 713 2385 litterae
731 2354 762 2384 in
782 2354 806 2384 S
825 2365 940 2385 erasae
957 2360 991 2384 et
1012 2355 1217 2394 adscriptum
1235 2365 1253 2385 a
1278 2365 1319 2386 m.
1335 2359 1402 2385 ant.
1422 2353 1552 2393 signum
1571 2367 1603 2392 σ,

279 2397 331 2428 cui
351 2398 533 2436 respondet
551 2398 583 2427 in
602 2408 668 2435 mg.
686 2399 766 2438 μετὰ
782 2398 837 2430 δύο
854 2398 965 2438 φύλλα
986 2399 1058 2430 ἔνθα
1074 2399 1112 2430 τὸ
1130 2411 1162 2430 cr.
1183 2399 1305 2428 deinde
1323 2399 1472 2434 βελτίους
1498 2398 1531 2439 (ᾗ
1547 2398 1605 2439 89)

280 2450 386 2479 usque
404 2441 445 2471 ad
462 2441 610 2482 ἀρίστους
630 2442 661 2483 (ξ
683 2443 758 2482 107)
777 2442 830 2471 hic
848 2442 975 2472 inserta
1064 2454 1289 2482 αρεοπαγειται
1307 2441 1346 2473 Sl
