1763 2778
138 99 272 155 [1417]
696 99 748 155 [Δ
762 106 797 143 H
810 105 1070 144 ΜΟΣΘΕΝ
1083 100 1216 157 ow]
1544 101 1622 157 [m

295 205 520 243 πεισθεῖσιν
556 202 757 255 ὠφέλειαν
791 204 853 244 καὶ
890 203 1004 254 τιμὴν
1041 203 1298 255 προσάπτειν·
1349 203 1411 244 καὶ
1446 205 1515 246 τὰς
1549 206 1622 254 μὲν

295 270 383 321 περὶ
419 273 497 310 τῶν
532 269 668 310 ἄλλων
702 271 850 321 κρίσεις
881 270 953 320 τὴν
985 272 1176 321 αἴσθησιν
1204 269 1253 321 ἣν
1283 271 1426 323 ἔχομεν
1463 274 1618 321 δηλοῦν,

294 336 363 378 τὰς
399 339 441 377 δὲ
470 340 547 377 τῶν
581 336 897 387 ἐπιτηδευμάτων
925 336 1098 389 αἱρέσεις
1127 336 1198 387 τὴν
1230 338 1328 387 ὅλην
1362 338 1487 389 φύσιν
1511 337 1621 388 ἡμῶν

295 403 530 454 δοκιμάζειν.
600 405 643 444 ἐν
675 405 733 446 οἷς
766 403 846 453 ἅμα
880 405 1021 456 κρίνων
1054 403 1167 446 αὐτὸς
1205 403 1463 455 κριθήσεσθαι
1498 421 1622 456 προσ·

296 471 391 509 δόκα
414 472 520 522 παρὰ
540 473 676 517 πᾶσιν,
705 471 800 521 κάμὲ
826 470 894 511 τὸν
920 471 1041 512 οὕτως
1066 470 1371 522 ἐγκωμιάσαντά
1396 470 1433 510 σ’
1459 471 1621 522 ἑτοίμως
1641 483 1658 514 5

233 545 276 582 54
296 538 339 577 ἐν
363 537 486 589 ἆγῶνι
509 536 752 589 γενήσεσθαι
776 540 844 588 τῆς
871 540 945 588 σῆς
970 538 1212 588 δοκιμασίας.
1274 536 1322 578 δι’
1347 538 1371 578 ἃ
1395 541 1455 578 δεῖ
1472 555 1519 578 σε
1544 542 1622 579 τῶν

297 604 467 644 ἐπαίνων
491 602 602 654 ἄξιον
629 604 729 644 εἶναι
753 602 923 654 δόξαντα
948 606 1010 645 καὶ
1036 606 1104 655 ἐμὲ
1129 607 1198 655 τῆς
1224 606 1297 655 σῆς
1322 605 1460 656 φιλίας
1485 605 1618 646 ἀνεπι-

295 672 458 721 τίμητον
495 671 668 723 ἀφεῖναι.
741 671 815 725 οὐχ
849 672 970 713 οὕτως
1003 671 1035 711 δ’
1064 671 1112 711 ἄν
1146 689 1193 712 σε
1221 671 1428 723 προθύμως
1455 673 1518 712 ἐπὶ
1550 671 1622 722 τὴν

297 738 548 790 φιλοσοφίαν
585 737 843 790 παρεκάλουν,
877 739 910 779 εἰ
940 737 992 788 μὴ
1025 740 1094 789 τῆς
1129 741 1201 789 μὲν
1238 738 1388 780 εὐνοίας
1423 739 1491 789 τῆς
1528 739 1622 790 ἐμῆς

295 807 432 844 τοῦτον
465 804 512 844 ἄν
545 821 611 845 σοι
640 804 860 845 κάλλιστον
891 805 1029 857 ἔρανον
1064 806 1305 858 εἰσενεγκεῖν
1334 804 1450 860 ᾤμην,
1476 805 1548 855 τὴν
1580 807 1622 846 δὲ
1643 824 1683 847 10

296 872 414 912 πόλιν
448 871 578 923 ἑώρων
612 873 674 911 διὰ
698 874 771 922 μὲν
799 872 966 924 ἀπορίαν
990 876 1068 912 τῶν
1099 876 1230 913 καλῶν
1264 873 1446 924 κάγαθῶν
1470 873 1621 924 ἀνδρῶν

295 942 378 980 τοῖς
423 942 615 992 Τυχοῦσιν
660 938 854 980 πολλάκις
900 938 1121 992 χρωμένην,
1162 941 1225 979 διὰ
1271 941 1313 980 δὲ
1359 941 1430 981 τὰς
1475 939 1623 980 τούτων

296 1006 486 1057 ἁμαρτίας
526 1005 645 1055 αὐτὴν
691 1009 775 1048 ταῖς
820 1007 1028 1058 μεγίσταις
1069 1007 1247 1059 ἀτυχίαις
1294 1007 1621 1058 περιπίπτουσαν.

234 1077 273 1115 55
296 1071 345 1112 ἵν’
385 1073 453 1112 οὖν
493 1072 516 1123 ἡ
554 1075 625 1124 μὲν
660 1073 727 1124 τῆς
765 1073 838 1124 σῆς
875 1074 1026 1125 ἀρετῆς,
1066 1073 1116 1114 σὺ
1153 1076 1195 1114 δὲ
1229 1076 1306 1114 τῶν
1342 1075 1446 1125 παρὰ
1481 1074 1624 1124 ταύτης

295 1143 417 1190 τιμῶν
443 1139 687 1195 ἀπολαύσῃς,
714 1140 1006 1192 προθυμότερόν
1032 1157 1097 1181 σοι
1122 1139 1486 1192 παρεκελευσάμην.
1559 1140 1622 1180 καὶ
1645 1160 1681 1192 15

296 1205 370 1259 γὰρ
400 1205 479 1246 οὐδ’
513 1207 577 1247 ἐπὶ
613 1207 679 1246 σοὶ
710 1207 853 1258 νομίζω
890 1206 1134 1260 γενήσεσθαι
1162 1207 1228 1258 ζῆν
1261 1207 1312 1250 ὡς
1337 1208 1489 1260 ἔτυχεν,
1517 1208 1623 1248 ἀλλὰ

296 1271 535 1324 προστάξειν
568 1290 633 1314 σοι
665 1273 736 1324 τὴν
769 1275 888 1314 πόλιν
919 1278 998 1314 τῶν
1030 1275 1148 1325 αὑτῆς
1176 1291 1214 1315 τι
1245 1278 1417 1320 διοικεῖν,
1447 1274 1508 1314 καὶ
1541 1275 1622 1329 ὅσῳ

296 1339 366 1390 τὴν
393 1340 516 1392 φύσιν
545 1340 865 1393 ἐπιφανεστέραν
890 1341 1008 1394 ἔχεις,
1034 1342 1211 1396 τοσούτῳ
1231 1341 1420 1393 μειζόνων
1437 1340 1624 1392 ἀξιώσειν

297 1407 361 1447 καὶ
398 1409 541 1448 θᾶττον
577 1406 858 1458 βουλήσεσθαι
895 1408 1033 1461 πεῖράν
1077 1425 1150 1449 σου
1190 1409 1429 1459 λαμβάνειν.
1500 1408 1623 1449 καλὸν

298 1474 365 1514 οὖν
391 1474 711 1526 παρεσκευάσθαι
735 1474 806 1525 τὴν
831 1475 1003 1527 γνώμην,
1032 1476 1095 1516 ἵνα
1118 1475 1170 1526 μὴ
1191 1476 1280 1517 τότε
1304 1479 1552 1531 πλημμελῇς.
1644 1489 1683 1512 20

234 1546 278 1590 56
364 1544 491 1581 Τοῦτο
515 1544 588 1592 μὲν
613 1542 681 1582 οὖν
714 1541 807 1593 ἐμὸν
839 1541 885 1593 ἦν
922 1542 1051 1595 ἔργον,
1087 1544 1211 1583 εἰπεῖν
1246 1542 1271 1583 ἅ
1306 1559 1373 1583 σοι
1403 1541 1623 1595 συμφέρειν

298 1608 464 1660 ἡγοῦμαι
507 1611 745 1662 πεπρᾶχθαι,
795 1612 870 1649 σόν
918 1611 959 1650 δὲ
1000 1610 1306 1660 βουλεύσασθαι
1347 1610 1435 1661 περὶ
1462 1607 1622 1649 αὐτῶν.

297 1674 490 1726 προσήκει
509 1678 551 1716 δὲ
575 1676 639 1716 καὶ
663 1676 752 1717 τοὺς
776 1676 922 1717 ἄλλους
947 1676 1036 1718 τοὺς
1063 1677 1270 1727 ζητοῦντας
1295 1678 1444 1717 οἰκείως
1464 1675 1560 1727 πρὸς
1577 1677 1624 1716 σὲ

137 1741 273 1797 [1418]
297 1745 519 1783 διακεῖσθαι
542 1743 594 1793 μὴ
614 1744 682 1785 τὰς
707 1744 963 1785 ἐπιπολαίους
988 1743 1131 1794 ἡδονὰς
1151 1744 1213 1783 καὶ
1228 1745 1433 1795 διατριβὰς
1452 1743 1621 1796 ἀγαπᾶν,

296 1807 386 1859 μηδ’
413 1809 476 1850 ἐπὶ
500 1810 643 1851 ταύτας
668 1812 969 1862 προκαλεῖσθαι,
989 1811 1095 1850 ἀλλὰ
1112 1814 1349 1863 φιλοπονεῖν
1371 1810 1433 1850 καὶ
1459 1812 1624 1850 σκοπεῖν
1646 1830 1683 1862 25

299 1876 406 1917 ὅπως
438 1875 506 1916 τὸν
532 1876 605 1917 σὸν
631 1878 725 1927 βίον
751 1878 802 1919 ὡς
826 1878 1106 1929 λαμπρότατον
1141 1876 1476 1928 καταστήσουσιν·
1513 1876 1627 1916 αὐτοί

300 1959 342 1982 τε
358 1941 433 1994 γὰρ
458 1944 579 1985 οὕτως
598 1943 646 1984 ἂν
661 1943 824 1995 μάλιστ’
842 1946 1067 1984 ἐπαινοῖντο
1083 1946 1146 1985 καὶ
1164 1945 1228 1984 σοὶ
1248 1945 1449 1984 πλείστων
1466 1944 1624 1996 ἀγαθῶν

237 2025 279 2060 57
300 2010 417 2049 αἴτιοι
450 2009 642 2062 γένοιντο.
712 2010 919 2064 μέμφομαι
954 2013 1027 2062 μὲν
1063 2012 1132 2051 οὖν
1164 2011 1252 2052 οὐδὲ
1282 2014 1351 2052 νῦν
1384 2010 1524 2051 οὐδένα
1547 2014 1624 2050 τῶν

300 2076 366 2116 σοὶ
392 2077 707 2127 πλησιαζόντων·
747 2078 808 2118 καὶ
841 2077 917 2131 γάρ
945 2095 1012 2129 μοι
1043 2081 1151 2119 δοκεῖ
1183 2081 1251 2128 τῆς
1285 2078 1412 2128 ἄλλης
1445 2077 1625 2134 εὐτυχίας

347 2194 366 2223 3
391 2185 423 2217 δὲ
441 2185 474 2215 ἰη
495 2185 518 2216 S
536 2196 668 2216 erasum
801 2189 823 2217 6
846 2187 885 2219 δι’
904 2187 922 2219 ἃ
939 2186 962 2217 S
975 2186 1004 2225 Q
1017 2197 1049 2217 r:
1074 2188 1120 2219 διὸ
1137 2187 1226 2226 vulg.
1317 2200 1354 2219 σε
1379 2186 1504 2218 SY¹r:
1529 2187 1569 2219 σε’
1588 2200 1624 2218 τε

299 2229 387 2267 vulg.
481 2239 496 2267 7
523 2229 601 2261 εἶναι
618 2240 683 2260 om.
704 2240 720 2259 r
817 2231 837 2260 8
862 2232 985 2271 ἀφεῖναι
1003 2231 1124 2270 scripsi
1141 2242 1147 2261 :
1172 2231 1248 2263 εἶναι
1266 2232 1364 2262 codd.
1381 2242 1388 2262 ε
1414 2233 1515 2262 ποιεῖν
1529 2229 1625 2260 Blass

299 2283 321 2311 9
343 2273 585 2313 παρεκαλοῦμεν
603 2272 626 2303 S
642 2273 707 2311 FQ
830 2284 867 2312 13
892 2273 1058 2315 ἁμαρτίας]
1078 2275 1201 2314 ἀδοξίας
1219 2274 1308 2315 1)·γρ.
1424 2285 1462 2313 19
1485 2287 1542 2306 σου
1558 2284 1623 2305 om.

301 2314 343 2345 Y¹
361 2326 376 2345 r
388 2315 418 2345 D
529 2327 571 2346 20
594 2316 845 2357 παρεσκευάσθαι
863 2319 912 2349 καὶ
930 2318 1149 2358 γεγυμνάσθαι
1165 2320 1225 2356 τὴν
1243 2318 1272 2347 D
1391 2328 1428 2348 21
1456 2320 1551 2349 τοῦτο
1566 2317 1626 2356 μὲν

301 2359 434 2398 scripsi,
453 2360 492 2390 cf.
508 2359 663 2391 Prooem.
677 2360 735 2390 viii
756 2370 766 2388 1
789 2372 795 2390 :
819 2362 857 2392 τὸ
872 2360 932 2399 μὲν
949 2362 1065 2392 ςοάἀ,ε
1089 2363 1106 2393 ὃ
1122 2375 1180 2401 μεν
1193 2366 1227 2392 et
1246 2371 1321 2392 mox
1337 2361 1515 2402 πέπρακται
1527 2361 1626 2391 Blass

302 2412 342 2432 22
368 2402 440 2443 σὸν]
456 2416 532 2434 οσον
549 2403 573 2433 S
684 2413 725 2442 24
747 2405 791 2443 μὴ
807 2414 869 2434 om.
889 2403 927 2435 S·
1044 2414 1084 2444 27
1109 2418 1145 2436 τε
1165 2415 1230 2436 om.
1250 2403 1288 2436 S¹
