1763 2778
125 160 186 216 Lx]
606 165 960 203 ΕΠΙΤΑΦΙΟΣ
1469 158 1611 215 [1390]

125 263 195 305 τὸν
240 263 418 317 παρόντα
462 264 609 318 χρόνον
654 265 793 317 γενεᾶς
836 264 1034 316 πρόγονοι,
1077 265 1139 304 καὶ
1177 262 1341 315 πατέρες
1383 263 1446 304 καὶ

125 330 273 372 τούτων
305 329 437 371 ἐπάνω
473 333 542 373 τὰς
575 331 844 383 προσηγορίας
881 331 1054 384 ἔχοντες,
1082 332 1143 373 αἶς
1179 330 1253 371 ὑπὸ
1290 334 1367 371 τῶν
1404 331 1446 370 ἐν

125 398 232 451 γένει
255 398 522 450 γνωρίζονται,
543 397 737 448 ἠδίκησαν
761 400 833 449 μὲν
859 397 998 438 οὐδένα
1011 397 1166 438 ’πώποτ’
1183 396 1446 447 οὔθ’“Ελλην’

125 465 215 506 οὔτε
237 464 462 517 βάρβαρον,
481 463 572 505 ἀλλ’
587 465 763 518 ὑπῆρχεν
782 465 912 506 αὐτοῖς
931 464 1029 517 πρὸς
1049 463 1176 505 ἅπασι
1198 468 1282 506 τοῖς
1306 464 1447 506 ἄλλοις

87 545 104 576 5
127 535 262 574 καλοῖς
289 532 474 585 κάγαθοῖς
502 533 563 572 καὶ
583 530 844 574 δικαιοτάτοις
865 532 979 579 εἶναι,
1003 532 1238 583 ἀμυνόμενοι
1255 534 1297 572 δὲ
1314 534 1448 571 πολλὰ
1470 526 1613 581 [1391]

126 600 190 640 καὶ
225 600 327 640 καλὰ
363 598 636 651 διεπράξαντο.
709 600 770 639 καὶ
808 601 885 651 γὰρ
918 598 986 639 τὸν
1011 598 1240 650 Ἀμαζόνων
1277 598 1448 650 στρατὸν
1469 607 1488 640 8

126 665 280 707 ἐλθόντ’
307 665 528 718 ἐκράτησαν
563 667 684 708 οὕτως
721 665 816 705 ὥστ’
849 664 923 716 ἔξω
950 665 1127 708 Φάσιδος
1154 668 1354 718 ἐκβαλεῖν,
1387 666 1449 706 καὶ

124 732 192 774 τὸν
218 733 434 784 Εὐμόλπου
458 734 521 774 καὶ
546 737 624 774 τῶν
648 737 811 774 πολλῶν
844 732 979 773 ἄλλων
1009 734 1160 774 στόλον
1184 732 1229 773 οὐ
1251 733 1373 784 μόνον
1407 734 1449 773 ἐκ

125 802 194 851 τῆς
219 801 377 847 οἰκείας,
403 801 510 841 ἀλλὰ
537 801 599 841 καὶ
629 802 672 840 ἐκ
701 802 770 850 τῆς
803 803 879 840 τῶν
912 800 1049 840 ἄλλων
1075 799 1286 850 Ἑλλήνων
1318 800 1449 853 χώρας

67 885 106 907 10
125 866 341 918 ἐξήλασαν,
367 867 432 908 οὓς
458 869 494 908 οἱ
519 866 593 919 πρὸ
619 867 727 918 ἡμῶν
752 868 948 909 οἰκοῦντες
975 867 1070 919 πρὸς
1100 867 1273 920 ἑσπέραν
1307 866 1448 908 πάντες

126 933 208 975 οὔθ’
233 934 447 986 ὑπέμειναν
474 934 553 974 οὔτ’
580 933 826 985 ἐδυνήθησαν
852 938 1043 975 κωλῦσαι.
1097 934 1159 974 καὶ
1183 934 1260 985 μὴν
1285 934 1347 974 καὶ
1371 938 1449 974 τῶν

125 1000 371 1054 ζΗρακλέους
393 1003 556 1048 παίδων,
585 1000 628 1044 ὃς
661 1001 750 1043 τοὺς
777 1001 930 1043 ’ἄλλους
954 1001 1114 1056 ἔσῳζεν,
1143 1003 1317 1054 σωτῆρες
1352 1001 1446 1041 ὠνο-

124 1068 353 1120 μάσθησαν,
377 1067 479 1119 ἡνίκ’
504 1067 629 1119 ἦλθον
655 1070 709 1110 εἰς
733 1067 848 1118 τήνδε
873 1068 945 1118 τὴν
970 1071 1045 1122 γῆν
1071 1068 1206 1115 ἱκέται,
1234 1068 1450 1120 φεύγοντες

127 1135 348 1188 Εὐρυσθέα.
421 1137 483 1176 καὶ
509 1136 604 1188 πρὸς
632 1138 731 1176 πᾶσι
756 1136 907 1177 τούτοις
934 1136 994 1175 καὶ
1020 1139 1186 1177 πολλοῖς
1216 1135 1356 1177 ἄλλοις
1389 1135 1451 1175 καὶ

68 1218 104 1250 ¹5
126 1206 261 1245 καλοῖς
299 1203 427 1256 ἔργοις
467 1202 517 1243 τὰ
555 1207 634 1244 τῶν
677 1202 970 1256 κατοιχομένων
1009 1202 1139 1254 νόμιμ’
1176 1202 1220 1243 οὐ
1257 1206 1452 1254 περιεῖδον

124 1271 378 1323 ὑβριζόμενα,
417 1271 484 1312 ὅτε
521 1270 610 1312 τοὺς
652 1270 737 1311 ἕπτ’
776 1270 841 1311 ἐπὶ
886 1269 1030 1320 Θήβας
1074 1269 1238 1311 θάπτειν
1281 1270 1452 1310 ἐκώλυεν

128 1336 278 1390 Κρέων.
347 1341 426 1379 τῶν
466 1340 539 1390 μὲν
577 1338 644 1378 οὖν
684 1338 738 1380 εἰς
779 1338 924 1389 μύθους
963 1336 1286 1389 ἀνενηνεγμένων
1326 1337 1492 1388 ἔργων9

126 1404 262 1446 πολλὰ
286 1406 522 1456 παραλιπὼν
552 1405 703 1446 τούτων
737 1403 1003 1456 ἐπεμνήσθην,
1029 1405 1085 1445 ὧν
1122 1405 1243 1445 οὕτως
1281 1404 1451 1444 ἕκαστον

126 1471 378 1526 εὐσχήμονας
419 1472 483 1512 καὶ
519 1472 696 1514 πολλοὺς
737 1472 825 1525 ἔχει
858 1472 1005 1523 λόγους
1042 1472 1147 1512 ὥστε
1185 1471 1247 1511 καὶ
1283 1470 1372 1512 τοὺς
1409 1471 1451 1511 ἐν

67 1562 108 1585 20
125 1538 280 1591 μέτροις
318 1540 380 1580 καὶ
414 1539 504 1581 τοὺς
532 1543 610 1579 τῶν
641 1538 841 1594 ᾀδομένων
874 1538 1039 1589 ποιητὰς
1069 1539 1132 1579 καὶ
1163 1538 1339 1580 πολλοὺς
1374 1541 1452 1578 τῶν

128 1606 396 1659 συγγραφέων
418 1606 630 1648 ὑποθέσεις
655 1607 846 1647 τάκείνων
875 1606 974 1659 ἔργα
1003 1609 1073 1657 τῆς
1106 1607 1232 1645 αὑτῶν
1262 1607 1452 1656 μουσικῆς

127 1676 381 1724 πεποιῆσθαι·
418 1674 442 1714 ἃ
466 1676 508 1714 δὲ
532 1679 579 1730 τῇ
604 1676 676 1724 μὲν
699 1671 792 1728 ἀξίᾳ
815 1678 892 1713 τῶν
918 1673 1045 1725 ἔργων
1067 1672 1181 1713 οὐδέν
1200 1674 1287 1712 ἐστι
1305 1672 1452 1712 τούτων

127 1739 289 1788 ἐλάττω,
315 1745 367 1796 τῷ
404 1739 439 1781 δ’
461 1740 701 1793 ὑπογυώτερ’
725 1740 826 1782 εἶναι
852 1744 935 1782 τοῖς
964 1741 1124 1794 χρόνοις
1149 1740 1255 1780 οὔπω
1281 1742 1449 1790 μεμυθο-

125 1807 307 1860 λόγηται,
342 1807 422 1848 οὐδ’
453 1808 510 1850 εἰς
536 1807 608 1858 τὴν
634 1807 810 1859 ἡρωϊκὴν
843 1808 1059 1857 ἐπανῆκται
1087 1806 1212 1857 τάξιν,
1247 1805 1354 1847 ταῦτ’
1378 1805 1450 1856 ἤδη

66 1884 104 1917 25
124 1873 241 1925 λέξω.
315 1876 457 1916 ἐκεῖνοι
482 1874 550 1916 τὸν
577 1874 622 1926 ἐξ
645 1874 803 1925 ἁπάσης
832 1877 902 1925 τῆς
925 1873 1070 1917 Ἀσίας
1100 1875 1252 1914 στόλον
1285 1873 1452 1914 ἐλθόντα
1476 1878 1519 1903 10

124 1941 238 1992 μόνοι
274 1942 333 1984 δὶς
368 1941 564 1994 ἠμύναντο
601 1943 663 1984 καὶ
696 1944 793 1983 κατὰ
825 1944 901 1994 γῆν
931 1943 994 1983 καὶ
1023 1940 1123 1982 κατὰ
1148 1940 1361 1986 θάλατταν,
1390 1939 1453 1980 καὶ

125 2009 188 2048 διὰ
212 2012 289 2049 τῶν
315 2010 425 2051 ἰδίων
449 2010 637 2051 κινδύνων
664 2012 794 2060 κοινῆς
821 2009 1016 2061 σωτηρίας
1036 2012 1136 2049 πᾶσι
1154 2006 1452 2058 τοῖς“Ελλησιν

167 2117 190 2148 6
212 2119 295 2150 καλὰ
307 2118 382 2158 SY,
397 2120 440 2150 cf.
454 2119 535 2159 Lys.
555 2119 577 2150 ii
592 2130 645 2159 20,
659 2119 743 2151 Plat.
759 2118 894 2150 Menex.
909 2129 974 2158 239
987 2117 1019 2149 A
1037 2130 1044 2149 :
1069 2118 1198 2158 λαμπρὰ
1213 2116 1304 2156 vulg.
1321 2115 1450 2158 (Blass)

123 2161 196 2202 τὸν]
213 2165 279 2194 τῶν
295 2162 320 2193 S
451 2165 471 2193 8
496 2169 573 2204 post
589 2164 759 2202 Εὐμόλπου
775 2164 827 2194 καὶ
843 2164 919 2194 add.
937 2165 1069 2204 Θρᾳκῶν
1080 2163 1130 2194 καὶ
1143 2161 1244 2192 Blass
1255 2160 1331 2192 coll.
1348 2160 1449 2192 Isocr.

125 2203 159 2234 iv
173 2205 217 2235 68
305 2210 371 2239 τῶν
386 2211 518 2240 πολλῶν
534 2207 559 2239 S
574 2219 581 2239 ε
603 2209 663 2240 τὸν
677 2210 810 2240 πολλῶν
826 2207 857 2238 Y
872 2218 879 2237 :
902 2210 1036 2239 πολλῶν
1050 2206 1140 2245 vulg.
1275 2215 1296 2243 9
1320 2205 1369 2235 καὶ
1386 2214 1450 2235 om.

124 2246 151 2278 F
166 2247 196 2286 Q
355 2261 395 2281 10
415 2250 549 2291 πάντες]
569 2265 614 2283 πα
629 2251 662 2281 in
680 2251 715 2281 iii
737 2251 799 2281 litt.
822 2260 887 2282 ras.
912 2251 945 2281 in
969 2251 994 2282 S
1152 2259 1187 2279 11
1214 2248 1277 2280 οὔθ’
1300 2247 1453 2278 Reiske:

125 2291 198 2323 οὐδὲ
213 2293 310 2326 codd.
422 2294 582 2335 κωλῦσαι]
600 2296 780 2326 καταλῦσαι
798 2294 822 2325 S
835 2294 866 2324 Y
1024 2303 1061 2332 17
1087 2291 1272 2332 ἆνηγμένων
1289 2291 1454 2322 Schaefer

128 2336 168 2365 18
184 2339 370 2377 παραλιπὼν
385 2337 425 2369 S¹
441 2338 530 2377 vulg.
549 2350 556 2369 :
580 2345 783 2377 παραλειπων
799 2337 823 2369 S
835 2347 900 2368 rec.
975 2347 1081 2376 19—20
1099 2338 1133 2367 ἐν
1148 2336 1275 2376 μέτροις
1291 2334 1452 2372 Sykutris

125 2378 199 2409 coll.
222 2380 321 2411 Isocr.
339 2381 374 2411 ix
399 2391 460 2411 11:
485 2381 657 2421 ἐμμέτρους
677 2380 826 2421 (μετρους
850 2381 884 2411 in
909 2391 973 2413 ras.
992 2380 1031 2417 S)
1050 2381 1167 2411 codd.:
1200 2382 1265 2411 τῶν
1289 2377 1452 2419 ἐμμέτρων

124 2422 211 2454 coni.
228 2422 328 2454 Blass
387 2435 406 2454 2
429 2435 449 2455 2
473 2424 565 2457 ἃοηι,
579 2423 618 2456 Sl
708 2434 750 2463 23
773 2425 976 2464 ὑπογυώτερα
991 2424 1016 2455 S
1027 2424 1156 2455 corr.Y
1169 2422 1199 2461 Q
1214 2433 1221 2453 ι
1246 2421 1451 2463 ὑπο-γυαντέρω

81 2477 85 2481 ·
125 2464 186 2496 Sl:
211 2466 420 2510 ὑπογυιότερα
434 2467 526 2508 vulg.
615 2477 657 2509 24
679 2467 783 2510 τάξιν]
801 2469 897 2510 φύσιν
915 2468 941 2498 F
957 2477 1041 2499 corr.
1060 2467 1091 2498 Y
1104 2477 1186 2498 corr.
1205 2465 1236 2504 Q

193 2533 279 2554 uhu
1322 2519 1365 2550 22
