1742 2774
110 117 248 171 [1028]
724 109 1211 156 ΔΗΜΟΣΘΕΝΟὙΣ
1518 114 1592 169 [xm

227 234 246 258 2
268 214 375 268 ἔχειν
400 211 422 265 ἦ
447 214 551 267 μίκρ’
578 215 811 256 ἐλαττωθεὶς
837 215 1066 270 ἀνέχεσθαι·
1103 221 1171 258 νῦν
1197 217 1229 257 ’δ’
1263 219 1344 272 ὅσῳ
1376 219 1592 271 πραότερον

269 282 346 334 ἐγὼ
373 283 434 322 καὶ
460 282 837 335 φιλανθρωπότερον
862 282 984 338 τούτῳ
1010 284 1259 336 διελεγόμην,
1287 286 1463 340 τοσούτῳ
1488 289 1589 337 μᾶλ-

269 349 342 390 λόν
366 366 439 400 μου
465 349 714 401 κατεφρόνει.
786 350 848 390 καὶ
882 354 950 391 νῦν
979 351 1188 391 κινδυνεύω
1212 355 1284 403 μὲν
1311 352 1424 392 οὐδὲν
1450 354 1590 404 ὁμοίως

268 416 391 471 τούτῳ
433 416 530 468 πρὸς
572 417 726 457 τουτονὶ
764 416 834 457 τὸν
876 417 995 469 ἀγῶν’
1041 418 1162 472 ἔχειν,
1214 418 1305 459 ἀλλ’
1353 419 1466 461 οὗτος
1519 423 1591 472 μὲν

266 484 408 537 ῥᾳδίως
434 483 546 537 φέρει
570 483 764 526 πολλάκις
784 484 1007 536 εἰθισμένος
1033 485 1185 526 ἐνταῦθ’
1206 487 1260 528 εἰς
1278 488 1376 537 ὑμᾶς
1395 487 1588 539 παριέναι,
1611 508 1628 539 5

267 551 345 603 ἐγὼ
387 551 422 591 δ’
463 550 558 591 αὐτὸ
597 555 712 591 τοῦτο
750 555 966 605 φοβοῦμαι,
1008 552 1062 604 μὴ
1111 554 1173 593 διὰ
1215 553 1288 603 τὴν
1324 554 1503 606 ἀπειρίαν
1545 555 1590 595 οὐ

267 620 417 668 δυνηθῶ
452 620 631 668 δηλῶσαι
667 618 756 671 περὶ
796 623 874 660 τῶν
914 619 1156 672 πραγμάτων
1194 621 1299 672 ὑμῖν·
1337 622 1441 672 ὅμως
1477 621 1522 669 δ’,
1560 620 1590 662 ὦ

266 683 403 737 ἄνδρες
428 686 623 732 δικασταί,
649 685 872 739 προσέχετε
897 686 965 727 τὸν
988 690 1093 728 νοῦν.

224 769 243 802 3
335 753 585 794 Πολύευκτος
621 754 695 805 γὰρ
732 752 779 803 ἣν
814 769 875 797 τις
906 752 1115 805 Θριάσιος,
1153 753 1197 795 ὃν
1232 756 1331 797 ἴσως
1367 755 1447 796 οὐδ’
1483 757 1590 807 ὑμῶν

265 835 368 860 τινες
405 819 631 871 ἀγνοοῦσιν.
703 819 814 861 οὗτος
851 820 871 859 ὁ
906 821 1168 868 Πολύευκτος,
1208 822 1340 873 ἐπειδὴ
1376 822 1444 862 οὐκ
1486 821 1590 873 ἦσαν
1613 845 1650 868 10

265 886 367 941 αὐτῷ
401 889 536 928 παῖδες
568 886 740 939 ἄρρενες,
771 891 940 928 ποιεῖται
973 887 1184 941 Λεωκράτη
1210 888 1280 929 τὸν
1315 889 1493 942 ἀδελφὸν
1521 892 1590 941 τῆς

266 955 404 993 ἑαυτοῦ
439 955 633 1005 γυναικός.
705 955 836 995 οὐσῶν
872 954 906 994 δ’
941 955 1043 1010 αὐτῷ
1080 956 1148 995 δύο
1187 955 1408 1009 θυγατέρων
1445 957 1487 997 ἐκ
1522 959 1590 1008 τῆς

263 1024 331 1060 τοῦ
354 1020 612 1073 Λεωκράτους
643 1022 834 1075 ἀδελφῆς,
860 1021 933 1072 τὴν
963 1025 1035 1074 μὲν
1065 1022 1340 1075 πρεσβυτέραν
1363 1024 1451 1074 ἐμοὶ
1475 1025 1588 1064 δίδω-

265 1104 331 1128 σιν
368 1089 430 1128 καὶ
467 1087 757 1140 τετταράκοντα
786 1092 888 1141 μνᾶς
925 1093 1081 1142 προῖκα,
1119 1089 1190 1140 τὴν
1225 1092 1266 1131 δὲ
1303 1090 1495 1143 νεωτέραν
1537 1095 1590 1146 τῷ

120 1200 164 1226 10
223 1152 500 1207 4Λεωκράτει.
570 1156 719 1196 τούτων
765 1155 799 1196 δ’
847 1157 970 1199 οὕτως
1016 1157 1205 1210 ἐχόντων,
1240 1160 1437 1210 διαφορᾶς
1475 1175 1649 1213 yae-15

101 1188 114 1241 [
168 1188 241 1242 29]
262 1221 380 1272 μένης
405 1226 457 1277 τῷ
484 1222 723 1278 Πολυεύκτῳ
750 1227 851 1277 πρὸς
875 1223 946 1264 τὸν
973 1223 1199 1275 Λεωκράτη,
1228 1225 1315 1277 περὶ
1348 1225 1393 1276 ἧς
1417 1225 1486 1266 οὐκ
1516 1224 1589 1265 οἶδ’

263 1289 285 1328 ὅ
321 1305 358 1329 τι
395 1291 456 1329 δεῖ
485 1291 636 1342 λέγειν,
668 1291 919 1343 ἀφελόμενος
950 1291 971 1331 ὁ
1009 1292 1258 1332 Πολύευκτος
1294 1291 1366 1342 τὴν
1394 1292 1590 1344 θυγατέρα

264 1356 402 1396 δίδωσι
437 1358 611 1411 Σπουδίᾳ
647 1359 800 1413 τουτῳί.
869 1360 969 1409 μετὰ
1003 1360 1045 1399 δὲ
1082 1358 1188 1398 ταῦτ’
1218 1358 1430 1411 ἠγανάκτει
1461 1356 1532 1410 (θ’)
1567 1359 1589 1399 ὁ

262 1422 510 1475 Λεωκράτης,
556 1426 618 1465 καὶ
661 1427 770 1467 δίκας
813 1425 1014 1478 ἐλάγχανε
1055 1426 1293 1481 Πολυεύκτῳ
1342 1428 1404 1467 καὶ
1451 1426 1589 1481 τουτῳὶ

264 1492 452 1545 Σπουδίᾳ,
479 1492 543 1532 καὶ
579 1493 667 1544 περὶ
704 1491 864 1533 πάντων
886 1492 1144 1545 ἠναγκάζοντ’
1171 1494 1226 1535 εἰς
1253 1494 1379 1546 λόγον
1397 1495 1586 1534 καθίστα·
1610 1518 1650 1541 20

265 1560 371 1598 σθαι.
404 1559 466 1598 καὶ
483 1557 528 1599 τὸ
544 1563 773 1600 τελευταῖον
790 1560 1042 1611 διελύθησαν,
1062 1559 1127 1612 ἐφ’
1148 1558 1218 1615 ᾇτε
1239 1559 1504 1612 κομισάμενον
1518 1559 1588 1601 τὸν

263 1624 499 1677 Λεωκράτην
535 1625 633 1677 ἅπερ
671 1626 719 1676 ’ἦν
756 1628 810 1669 εἰς
838 1627 910 1677 τὴν
945 1628 1085 1668 οὐσίαν
1121 1627 1459 1680 εἰσενηνεγμένος,
1491 1626 1589 1678 μήτε

265 1692 454 1733 κακόνουν
480 1693 578 1733 εἶναι
598 1697 649 1748 τῷ
673 1694 924 1748 Πολυεύκτῳ,
945 1699 1025 1735 τῶν
1039 1711 1081 1734 τε
1102 1693 1198 1747 πρὸς
1218 1694 1420 1745 ἀλλήλους
1444 1696 1588 1747 ἐγκλη-

222 1757 395 1811 5μιίτων
442 1759 703 1813 ἀπηλλάχθαι
750 1760 920 1801 πάντων.
991 1763 1097 1802 τίνος
1140 1761 1206 1801 οὖν
1254 1761 1358 1814 ἕνεχ’
1405 1763 1507 1812 ὑμῖν,
1558 1760 1587 1802 ὦ

262 1824 400 1877 ἄνδρες
437 1827 632 1872 δικασταί,
671 1827 777 1867 ταῦτ’
815 1828 943 1874 εἶπον,·
983 1829 1043 1867 ὅτι
1080 1828 1150 1878 την
1182 1828 1310 1880 προῖκ’
1339 1828 1383 1868 οὐ
1421 1828 1585 1880 κομισά-
1610 1849 1647 1878 25

260 1909 377 1943 μενος
414 1891 587 1939 ἅπασαν,
626 1893 719 1934 ἀλλ’
755 1895 1076 1947 ὑπολειφθεισῶν
1118 1896 1261 1948 χιλίων
1299 1898 1485 1948 δραχμῶν
1526 1896 1588 1936 καὶ

262 1960 588 2012 ὁμολογηθεισῶν
616 1962 842 2012 ἀπολαβεῖν
875 1963 970 2002 ὅταν
1003 1962 1256 2003 Πολύευκτος
1286 1962 1478 2020 ἀποθάνῃ,
1514 1964 1588 2005 ἕως

259 2027 331 2077 μὲν
368 2027 389 2066 ὁ
412 2026 646 2079 Λεωκράτης
687 2027 735 2078 ἦν
778 2029 1022 2079 κληρονόμος
1062 2033 1140 2069 τῶν
1184 2029 1449 2077 Πολυεύκτου,
1492 2029 1588 2083 πρὸς

308 2145 328 2173 3
353 2136 520 2167 κινδυνεύω
531 2136 587 2172 μὲν
601 2136 720 2168 Wolf:
744 2137 962 2177 κινδυνεύομεν
973 2139 1080 2176 codd.‚
1099 2138 1225 2168 Reiske
1236 2139 1340 2179 τούτῳ
1352 2150 1430 2170 mox
1443 2140 1586 2172 secluso.

261 2178 487 2217 adstipulatur
505 2179 604 2210 Blass
623 2181 695 2212 coll.
716 2179 801 2211 Isae.
822 2181 831 2210 i
848 2183 868 2210 6
957 2182 1061 2214 0135&st
1081 2184 1142 2223 οὐχ
1159 2183 1189 2211 Α
1332 2193 1350 2221 5
1376 2182 1516 2225 παριέναι
1532 2183 1563 2213 Α
1580 2194 1588 2214 :

261 2235 401 2262 παρειναι
419 2223 442 2253 S
457 2234 466 2254 .·
492 2223 624 2255 εἰσιέναι
641 2223 666 2253 F
682 2223 712 2262 Q
728 2224 757 2254 D
872 2234 907 2254 11
935 2230 968 2255 et
990 2227 1028 2255 16
1043 2226 1212 2266 Λεωκράτη
1230 2226 1253 2256 S
1269 2226 1304 2256 F¹
1322 2225 1353 2256 D
1369 2236 1376 2257 :
1401 2226 1588 2267 Λεωκράτην

261 2264 292 2294 Α
308 2265 333 2294 F
351 2275 433 2297 corr.
564 2276 601 2296 12
628 2268 764 2299 εἰιαυτοῦ
783 2267 825 2297 ΑῙ
956 2277 992 2306 14
1016 2272 1061 2309 τῷ
1079 2279 1143 2299 om.
1163 2269 1230 2308 FQ
1358 2279 1394 2308 17
1420 2271 1436 2302 ὅ
1452 2270 1495 2310 τι]
1513 2272 1544 2301 εἴ
1555 2283 1587 2302 τι

264 2307 379 2339 Nabcr
468 2311 506 2339 18
532 2315 565 2339 et
586 2320 624 2349 19
639 2311 744 2351 τούτῳ
761 2311 872 2347 codd.,
892 2321 977 2342 corr.
1000 2311 1094 2342 Blass
1188 2314 1224 2342 18
1247 2312 1308 2355 (θ’)
1325 2314 1398 2344 add.
1418 2313 1524 2352 B1ass,
1544 2313 1585 2344 cf.

263 2352 333 2382 xliv
354 2363 392 2391 19
472 2362 514 2383 20
538 2352 756 2393 ἠναγκάζοντο
775 2354 798 2383 S
811 2355 839 2383 A
856 2366 862 2384 :
887 2354 1067 2395 ἠνάγκαζεν
1087 2356 1109 2384 F
1123 2355 1153 2394 Q
1169 2356 1197 2385 D
1267 2367 1306 2385 22
1330 2356 1498 2398 Λεωκράτη
1516 2357 1540 2387 S
1555 2356 1585 2386 D

264 2405 304 2434 23
328 2398 371 2435 τῷ
387 2406 448 2426 om.
468 2394 499 2425 A
631 2407 670 2434 24
696 2398 803 2428 ἕνεκεν
821 2398 844 2427 S
856 2397 886 2436 Q
900 2398 929 2426 D
1085 2401 1125 2428 26
1150 2404 1227 2439 post
1245 2402 1494 2441 ὑπολειφθεισῶν
1509 2401 1585 2432 add·

261 2453 312 2479 μοι
331 2439 361 2468 Λ
378 2451 385 2469 ;
412 2449 476 2470 om.
498 2443 575 2469 cett.
