1763 2778
165 132 253 187 Lvn]
528 134 687 172 ΠΡΟΣ
726 133 1140 171 ΕΥΒΟΎΛΙΔΗΝ
1513 127 1642 183 [1317]

166 234 420 276 ολωλέκασιν
458 234 519 275 καὶ
557 230 785 288 σεσῴκασιν
820 230 922 272 ἕνεκ’
959 232 1158 283 ἀργυρίου.
1229 230 1314 270 ἐπεὶ
1352 230 1414 270 καὶ
1448 228 1493 269 τὸ

166 303 356 355 πρότερον
391 300 480 354 (ἐρῶ
517 300 549 342 δ’
586 301 640 342 εἰς
678 299 768 340 αὐτὸ
798 298 842 339 τὸ
875 298 1034 351 πρᾶγμ’,
1061 296 1091 338 ὦ
1117 297 1253 349 ἄνδρες
1278 296 1494 348 Ἀθηναῖοι)

167 373 378 423 δημαρχῶν
409 369 430 409 ὁ
460 368 709 419 Εὐβουλίδου
742 365 880 419 πατήρ,
915 366 1049 417 ὥσπερ
1086 365 1208 410 εἶπον,
1243 363 1489 415 Ἀντίφιλος,

166 436 346 491 τεχνάζει
370 436 618 488 βουλόμενος
641 432 746 486 παρά
771 450 888 474 τινων
921 436 1066 483 λαβεῖν
1099 431 1297 483 ἀργύριον,
1327 432 1388 471 καὶ
1414 431 1490 483 ἔφη

128 520 146 551 5
166 503 211 545 τὸ
245 503 376 544 κοινὸν
408 505 673 555 γραμματεῖον
706 500 973 546 ἀπολωλέναι,
1001 498 1096 538 ὥστ’
1127 498 1262 539 ἔπεισε
1294 499 1490 550 διαψηφί-

167 573 318 611 σασθαι
342 569 432 612 τοὺς
449 569 730 620 Ἁλιμουσίους
754 568 844 619 περὶ
879 569 1017 612 αὐτῶν,
1047 566 1108 606 καὶ
1140 569 1368 617 κατηγορῶν
1401 564 1494 605 δέκα

167 642 246 679 τῶν
270 641 450 689 δημοτῶν
479 635 686 687 ἐξέβαλεν,
715 634 781 677 οὓς
814 634 990 676 ἅπαντας
1016 633 1122 684 πλὴν
1147 635 1234 675 ἑνὸς
1262 631 1494 683 κατεδέξατο

167 704 212 746 τὸ
236 703 499 756 δικαστήριον.
573 704 634 744 καὶ
659 706 780 743 ταῦτα
804 701 948 744 πάντες
972 703 1113 742 ’ίσασιν
1143 702 1179 740 οἱ
1213 700 1492 751 πρεσβύτεροι.

168 776 322 813 πολλοῦ
344 771 381 825 γ’
405 771 515 812 ἔδεόν
539 787 647 812 τινας
668 772 948 822 ἐγκαταλιπεῖν
973 772 1051 808 τῶν
1069 767 1121 819 μὴ
1143 767 1376 817 Ἀθηναίων,
1397 767 1495 807 ὅπου
1513 775 1556 810 61

111 859 150 881 10
170 840 232 881 καὶ
273 838 362 882 τοὺς
399 840 513 880 ὄντας
554 838 720 879 πολίτας
764 835 1044 887 συνιστάμενοι
1088 834 1299 886 ἐξέβαλον,
1345 833 1410 875 οὓς
1450 833 1495 874 τὸ

168 906 423 959 δικαστήριον
466 904 709 956 κατεδέξατο.
783 904 847 946 καὶ
890 902 943 944 ὣν
984 902 1125 956 ἐχθρὸς
1167 906 1220 957 τῷ
1260 903 1338 956 ἐμῷ
1377 901 1495 953 πατρὶ

167 973 250 1015 τότ’
265 974 310 1015 οὐ
327 974 450 1026 μόνον
468 973 512 1013 οὐ
535 973 821 1025 κατηγόρησεν,
844 970 934 1012 ἀλλ’
955 971 1042 1011 οὐδὲ
1063 970 1135 1020 τὴν
1160 972 1305 1022 ψῆφον
1330 969 1495 1021 ἤνεγκεν

169 1041 220 1084 ὡς
243 1041 311 1082 οὐκ
338 1041 385 1092 ἦν
404 1040 626 1091 Ἀθηναῖος.
685 1043 737 1094 τῷ
762 1043 876 1078 τοῦτο
903 1041 1044 1088 δῆλον;
1078 1038 1138 1077 ὄτι
1164 1036 1335 1077 ἁπάσαις
1362 1035 1495 1086 ἔδοξεν

167 1109 337 1160 δημότης
362 1108 475 1149 εἶναι.
547 1107 608 1147 καὶ
633 1107 673 1147 τί
695 1109 756 1147 δεῖ
779 1106 867 1158 περὶ
892 1109 969 1146 τῶν
999 1104 1179 1157 πατέρων
1209 1103 1363 1156 λέγειν,·
1402 1102 1495 1143 ἀλλ’

110 1191 146 1223 15
169 1176 421 1228 Εὐβουλίδης
457 1174 572 1216 αὐτὸς
610 1175 758 1220 οὑτοσί,
796 1172 897 1225 ἡνίκ’
935 1172 1160 1224 ἐνεγράφην
1194 1172 1273 1223 ἐγὼ
1306 1170 1369 1211 καὶ
1401 1170 1491 1220 ὀμό-
1516 1170 1648 1225 [1318]

168 1260 312 1285 σαντες
349 1244 385 1284 οἱ
422 1243 585 1294 δημόται
620 1242 778 1283 δικαίως
815 1240 961 1282 πάντες
998 1239 1085 1291 περὶ
1124 1240 1218 1290 ἐμοῦ
1253 1237 1323 1288 τὴν
1353 1239 1496 1289 ψῆφον

167 1310 326 1363 ἔφερον,
347 1310 435 1351 οὔτε
461 1309 734 1361 κατηγόρησεν
759 1306 839 1349 οὔτ’
859 1308 1041 1348 ἐναντίαν
1060 1306 1130 1356 τὴν
1149 1308 1293 1358 ψῆφον
1319 1304 1497 1356 ἤνεγκεν·

170 1378 233 1418 καὶ
268 1379 343 1431 γὰρ
379 1378 546 1418 ἐνταῦθα
581 1375 703 1417 πάλιν
740 1377 809 1426 ἐμὲ
842 1374 988 1417 πάντες
1021 1374 1279 1426 ἐψηφίσαντο
1312 1372 1497 1423 δημότην.

170 1445 232 1486 καὶ
258 1446 295 1486 εἴ
316 1446 445 1498 φασίν
469 1461 517 1496 με
541 1447 655 1485 τοῦτο
679 1444 914 1496 ψεύδεσθαι,
936 1442 1001 1483 ἐπὶ
1026 1445 1094 1481 τοῦ
1119 1442 1212 1492 ἐμοῦ
1230 1441 1369 1481 ὕδατος
1388 1440 1498 1480 ὅστις

110 1531 147 1552 20
168 1513 359 1564 βούλεται
401 1512 550 1552 τούτων
590 1511 777 1551 τάναντία
820 1508 1120 1561 μαρτυρησάτω.
1207 1509 1239 1548 εἰ
1281 1508 1425 1552 τοίνυν,
1470 1503 1499 1545 ὦ
1519 1512 1566 1547 62

168 1579 306 1631 ἄνδρες
329 1579 544 1630 Ἀθηναῖοι,
566 1581 678 1618 τοῦτο
705 1581 888 1618 δοκοῦσιν
914 1577 1022 1616 οὗτοι
1046 1575 1180 1628 λέγειν
1199 1573 1361 1627 μάλιστ’
1384 1575 1498 1626 ἰσχυ-

168 1647 254 1700 ρόν,
281 1646 332 1689 ὡς
362 1645 679 1699 ἀπεψηφίσαντό
710 1662 783 1696 μου
817 1648 884 1686 νῦν
921 1646 956 1684 οἱ
994 1644 1171 1694 δημόται,
1212 1642 1288 1694 ἐγὼ
1323 1639 1501 1693 τετράκις

171 1713 399 1754 ἐπιδεικνύω
438 1714 640 1765 πρότερον,
680 1711 740 1752 ὅθ’
779 1711 899 1753 ὁσίως
943 1710 1033 1751 ἄνευ
1073 1709 1308 1751 συστάσεως
1347 1708 1499 1760 ἐψηφί-

173 1798 309 1828 σαντο,
334 1781 396 1822 καὶ
415 1783 483 1832 ἐμὲ
503 1781 566 1821 καὶ
586 1779 654 1820 τὸν
674 1778 823 1832 πατέρα
843 1779 1013 1830 δημότας
1034 1779 1161 1818 αὑτῶν
1188 1776 1288 1817 εἶναι
1312 1779 1499 1828 ψηφισα-

115 1866 152 1897 25
172 1847 324 1900 μένους,
352 1852 506 1900 πρῶτον
529 1846 602 1899 μέν
631 1864 677 1900 γε
702 1850 771 1887 τοῦ
790 1846 936 1898 πατρὸς
957 1843 1278 1896 δοκιμασθέντος,
1301 1842 1369 1884 εἶτ’
1391 1844 1498 1893 ἐμοῦ,

173 1915 243 1956 εἶτ’
282 1917 324 1956 ἐν
361 1921 409 1972 τῇ
450 1914 622 1968 προτέρᾳ
663 1914 919 1966 διαψηφίσει,
963 1911 1020 1952 ὅτ’
1063 1911 1270 1963 ἠφάνισαν
1311 1910 1418 1950 οὗτοι
1455 1909 1501 1950 τὸ

172 1986 451 2035 γραμματεῖον·
488 1981 532 2022 τὸ
557 1983 599 2022 δὲ
623 1984 848 2022 τελευταῖον
869 1980 1146 2032 προκρίναντες
1166 1980 1234 2029 ἐμὲ
1254 1975 1501 2030 ἐψηφίσαντ’

173 2050 216 2090 ἐν
247 2053 330 2091 τοῖς
362 2048 659 2102 εὐγενεστάτοις
693 2050 936 2099 κληροῦσθαι
961 2052 1029 2096 τῆς
1061 2046 1277 2099 ἱερωσύνης
1302 2045 1354 2100 τῷ
1376 2043 1498 2097 Ἱ-Ιρα-

175 2120 271 2158 κλεῖ.
346 2116 409 2157 καὶ
433 2120 553 2157 ταῦτα
576 2115 706 2156 πάντα
730 2114 1032 2166 μεμαρτύρηται.

114 2203 155 2235 30
242 2185 290 2223 Εἰ
326 2185 369 2224 δὲ
404 2186 464 2224 δεῖ
489 2182 560 2233 τὴν
598 2183 818 2235 δημαρχίαν
854 2180 1002 2232 λέγειν,
1035 2178 1082 2219 δι’
1115 2178 1164 2229 ἣν
1194 2177 1408 2231 ὠργίζοντό
1436 2182 1503 2228 μοί
1522 2185 1565 2228 63

218 2302 237 2331 5
261 2292 513 2333 διαψηφίσασθαι
529 2302 594 2323 om.
617 2291 640 2322 S
794 2291 815 2320 6
840 2292 1026 2330 κατηγορῶν
1043 2299 1108 2319 om.
1132 2287 1163 2318 A
1315 2298 1336 2327 9
1360 2287 1390 2328 ’γ’
1417 2288 1504 2319 ἔδεον

176 2335 306 2367 Reiske
324 2347 331 2366 :
354 2348 394 2377 γε
417 2335 488 2367 δέον
510 2335 535 2366 S
548 2335 573 2365 F
587 2335 617 2365 D
634 2347 640 2366 ε
665 2348 704 2375 ’γε
729 2334 836 2366 δέουσι
851 2333 884 2363 Α
992 2332 1097 2373 τινας]
1119 2345 1176 2364 τας
1193 2331 1243 2370 Sl,
1263 2342 1347 2362 corr.
1367 2331 1439 2361 ead.
1458 2340 1500 2360 m.

178 2389 216 2417 13
233 2379 384 2420 ἁπάσαις]
397 2378 515 2411 ἅπασιν
525 2379 659 2419 Taylor,
677 2379 779 2409 immo
796 2381 865 2410 ταῖς
878 2377 995 2417 ψήφοις
1008 2376 1275 2406 subaudiendum
1359 2384 1400 2411 23
1426 2373 1502 2405 στά-

176 2422 298 2455 σεωςΑ
387 2424 428 2453 26
445 2424 630 2463 διαψηφίσει
640 2422 756 2452 Wolf:
781 2421 950 2462 δοκιμασίᾳ
965 2419 996 2448 Α
1011 2431 1018 2449 :
1042 2419 1222 2459 διαδικασίᾳ
1240 2418 1265 2449 S
1278 2418 1365 2455 vulg.
1382 2417 1397 2454 ;“
1415 2417 1503 2446 idem

177 2476 257 2540 υςιές
272 2466 367 2496 verbi
384 2469 564 2499 διαδικασία
597 2466 624 2497 Ι.
649 2468 708 2499 G.²
738 2474 831 2504 1237,
850 2464 914 2495 nisi
932 2463 1044 2504 potius
1061 2463 1104 2493 ad
1123 2462 1295 2494 orationes
1313 2462 1391 2491 hinc
1412 2459 1503 2490 illinc

177 2510 221 2540 ha
246 2510 309 2541 itas
327 2509 456 2540 referas
