1763 2778
172 126 262 180 Lvn]
521 129 683 167 ΠΡΟΣ
733 126 1144 165 ΕΎΒΟΎΛΙΔΙΙΝ
1520 126 1663 180 [1299]

170 245 238 281 μοι
260 227 307 269 τὸ
329 230 401 280 μὲν
428 227 511 268 καθ’
536 227 648 278 ἡμᾶς,
676 224 706 266 ὦ
730 226 867 278 ἄνδρες
891 227 1085 273 δικασταί,
1114 225 1175 266 καὶ
1208 225 1252 266 τὸ
1285 225 1499 279 προσήκειν
1519 239 1538 262 2

170 312 239 348 μοι
259 297 328 345 τῆς
361 295 529 340 πόλεως,
561 297 718 346 θαρρεῖν
753 293 814 333 καὶ
848 294 1002 334 πολλὰς
1036 294 1144 346 ἔχειν
1177 294 1341 334 ἐλπίδας
1371 297 1499 335 καλῶς

172 363 442 416 ἀγωνιεῖσθαι,
481 362 549 402 τὸν
589 360 722 414 καιρὸν
746 363 789 401 δὲ
820 361 882 401 καὶ
913 359 958 400 τὸ
992 359 1242 412 παρωξύνθαι
1278 360 1348 411 τὴν
1381 361 1500 401 πόλιν

171 433 268 483 πρὸς
291 431 361 471 τὰς
387 430 664 482 ἀποψηφίσεις
689 430 924 480 φοβεῖσθαι·
962 431 1126 468 πολλῶν
1151 428 1226 479 γὰρ
1260 426 1499 479 ἐξεληλαμέ-

133 509 151 541 5
172 513 250 538 νων
275 497 432 539 δικαίως
455 497 497 536 ἐκ
522 495 680 537 πάντων
703 499 782 536 τῶν
806 493 950 546 δήμων,
980 493 1398 547 συγκεκοινωνήκαμεν
1429 498 1499 546 τῆς

173 563 288 614 δόξης
311 563 454 614 ταύτης
478 564 514 604 οἱ
540 561 938 613 κατεστασιασμένοι,
972 562 1034 602 καὶ
1060 561 1154 614 πρὸς
1187 561 1255 612 τὴν
1290 561 1373 602 κατ’
1402 563 1499 602 ἐκεί·

172 648 250 672 νων
288 631 429 676 αἰτίαν,
465 630 509 671 οὐ
542 629 639 683 πρὸς
670 630 714 670 τὸ
745 629 827 669 καθ’
858 628 974 669 αὑτὸν
1012 629 1178 669 ἕκαστος
1213 629 1497 681 ἀγωνιζόμεθα,

171 697 269 738 ὥστ’
293 697 340 749 ἐξ
361 697 534 750 ἀνάγκης
557 696 683 749 μέγαν
707 697 799 748 ἡμῖν
824 696 924 737 εἶναι
948 696 1017 736 τὸν
1038 696 1185 748 φόβον.
1235 696 1280 736 οὐ
1302 696 1380 748 μὴν
1394 696 1500 736 ἀλλὰ
1521 707 1541 741 3

174 766 310 818 καίπερ
340 765 489 805 τούτων
512 766 635 806 οὕτως
656 764 843 818 ἐχόντων,
871 764 894 803 ἃ
919 764 1061 814 νομίζω
1087 763 1175 815 περὶ
1200 763 1349 804 τούτων
1375 763 1501 804 αὐτῶν

117 851 153 872 10
173 836 328 885 πρῶτον
353 831 451 873 εἶναι
477 833 619 877 δίκαια,
648 832 721 884 ἐρῶ
746 831 842 883 πρὸς
867 831 979 882 ὑμᾶς.
1051 831 1129 883 ἐγὼ
1155 832 1230 883 γὰρ
1260 832 1390 882 οἴομαι
1420 833 1501 871 δεῖν
1523 828 1668 884 [1300]

171 900 269 951 ὑμᾶς
305 902 388 941 τοῖς
413 901 487 951 μὲν
513 897 840 952 ἐξελεγχομένοις
874 897 1000 948 ξένοις
1026 897 1139 938 οῧσιν
1168 900 1440 951 χαλεπαίνειν,
1468 899 1501 938 εἶ

171 965 268 1018 μήτε
306 967 516 1008 πείσαντες
553 966 651 1017 μήτε
689 965 892 1016 δεηθέντες
930 966 1036 1016 ὑμῶν
1067 964 1195 1019 λάθρᾳ
1229 964 1290 1005 καὶ
1319 966 1391 1019 βίᾳ
1424 968 1501 1005 τῶν

172 1033 371 1086 ὑμετέρων
396 1035 508 1086 ἱερῶν
536 1034 598 1074 καὶ
625 1036 765 1074 κοινῶν
795 1037 994 1085 μετεῖχον,
1022 1036 1104 1074 τοῖς
1137 1032 1170 1071 δ’
1195 1032 1415 1085 ἠτυχηκόσι
1440 1032 1501 1072 καὶ

173 1100 396 1142 δεικνύουσι
420 1102 586 1142 πολίτας
611 1102 727 1142 ὄντας
759 1099 898 1141 αὐτοὺς
922 1102 1087 1151 βοηθεῖν
1118 1099 1180 1139 καὶ
1215 1097 1361 1153 σῴζειν,
1390 1100 1499 1139 ἐνθυ-

116 1184 151 1216 15
171 1167 386 1220 μουμένους
410 1169 470 1208 ὅτι
495 1166 653 1208 πάντων
677 1167 927 1219 οἰκτρότατον
961 1166 1085 1208 πάθος
1116 1166 1208 1217 ἡμῖν
1241 1166 1289 1206 ἂν
1323 1167 1501 1217 συμβαίη

172 1239 254 1276 τοῖς
277 1234 535 1286 ἠδικημένοις,
560 1236 593 1275 εἰ
611 1238 689 1275 τῶν
713 1234 1005 1285 λαμβανόντων
1025 1235 1136 1284 δίκην
1155 1235 1262 1274 ὄντες
1279 1232 1326 1273 ἂν
1346 1234 1501 1273 δικαίως

171 1301 412 1353 μεθ”ὑμῶν,
445 1303 486 1342 ἐν
523 1305 603 1343 τοῖς
636 1304 788 1342 διδοῦσι
818 1302 1027 1354 γενοίμεθα
1059 1301 1120 1340 καὶ
1151 1300 1502 1351 συναδικηθείημεν

173 1371 237 1410 διὰ
264 1368 335 1420 τὴν
369 1372 437 1409 τοῦ
472 1368 700 1421 πράγματος
740 1367 874 1421 ὀργήν.
945 1367 1049 1423 ᾤμην
1086 1370 1158 1419 μὲν
1196 1368 1264 1408 οὖν
1304 1367 1433 1420 ἔγωγ’,
1472 1366 1544 1412 334

172 1436 310 1489 ἄνδρες
332 1437 527 1483 δικασταί,
547 1434 762 1488 προσήκειν
784 1435 1025 1491 Εὐβουλίδῃ,
1049 1435 1110 1475 καὶ
1130 1437 1253 1475 πᾶσιν
1273 1434 1304 1474 δ’
1324 1435 1414 1474 ὅσοι
1434 1438 1503 1475 νῦν

113 1519 152 1541 20
171 1503 236 1545 ἐπὶ
260 1507 345 1546 ταῖς
380 1504 692 1556 ἀποψηφίσεσιν
726 1506 1023 1555 κατηγοροῦσιν,
1055 1501 1117 1542 ὅσ’
1153 1504 1292 1543 ἴσασιν
1329 1502 1503 1554 ἀκριβῶς

170 1569 307 1624 λέγειν
346 1570 408 1611 καὶ
445 1572 638 1622 μηδεμίαν
679 1569 897 1622 προσάγειν
936 1568 1057 1619 ἀκοὴν
1089 1568 1186 1621 πρὸς
1221 1568 1291 1610 τὸν
1326 1572 1503 1609 τοιοῦτον

173 1638 321 1691 ἀγῶνα.
393 1639 492 1678 οὕτω
516 1639 592 1691 γὰρ
616 1637 721 1678 τοῦτ’
745 1637 882 1678 ἄδικον
905 1637 967 1676 καὶ
993 1637 1153 1689 σφόδρα
1177 1635 1301 1676 πάλαι
1318 1635 1500 1688 κέκριται,

174 1704 270 1745 ὥστ’
297 1705 385 1746 οὐδὲ
401 1709 612 1758 μαρτυρεῖν
637 1704 759 1755 ἀκοὴν
785 1707 905 1745 ἐῶσιν
930 1705 966 1744 οἱ
987 1704 1110 1755 νόμοι,
1130 1702 1208 1743 οὐδ’
1227 1703 1290 1744 ἐπὶ
1306 1707 1386 1744 τοῖς
1402 1702 1503 1744 πάνυ

174 1772 344 1824 φαύλοις
373 1771 633 1825 ἐγκλήμασιν,
662 1772 834 1813 εἰκότως·
869 1772 968 1812 ὅπου
1000 1773 1074 1824 γὰρ
1113 1770 1256 1811 εἰδέναι
1291 1772 1394 1811 τινὲς
1429 1769 1501 1821 ἤδη

115 1856 152 1887 25
174 1838 379 1892 φήσαντες
402 1843 564 1892 ψευδεῖς
589 1839 812 1892 ἐφάνησαν,
841 1842 922 1880 πῶς
948 1838 971 1877 ά
996 1855 1041 1891 γε
1077 1836 1165 1889 μηδ’
1199 1838 1314 1879 αὐτὸς
1349 1836 1454 1877 οἶδεν
1483 1837 1503 1875 ὁ

172 1905 317 1959 λέγων,
344 1905 536 1959 προσήκει
553 1907 832 1953 πιστεύεσθαι,
851 1906 959 1947 ἀλλὰ
984 1905 1060 1956 μὴν
1087 1906 1184 1945 ὅπου
1208 1922 1253 1957 γε
1272 1903 1361 1955 μηδ’
1385 1904 1501 1945 ὑπεύ-
1525 1915 1541 1952 5

175 1975 293 2014 θυνον
319 1972 548 2014 καθιστάνθ’
572 1973 712 2014 ἑαυτὸν
738 1972 907 2024 ἔξεστιν,
930 1971 978 2013 δι’
997 1973 1051 2013 ὧν
1076 1971 1124 2013 ἂν
1148 1973 1315 2012 ἀκοῦσαι
1347 1988 1405 2012 τις
1431 1976 1501 2027 φῇ,

173 2039 374 2092 βλάπτειν
414 2039 576 2092 μηδένα,
616 2045 696 2082 πῶς
739 2040 989 2094 ἀνυπευθύνῳ
1029 2057 1076 2092 γε
1112 2039 1273 2091 λέγοντι
1311 2037 1503 2090 προσήκει

174 2108 375 2149 πιστεύειν
399 2109 516 2159 ὑμᾶς;
555 2108 686 2158 ἐπειδὴ
712 2109 843 2148 τοίνυν
875 2107 987 2148 οὗτος
1019 2107 1128 2147 εἰδὼς
1153 2106 1242 2148 τοὺς
1275 2105 1415 2156 νόμους
1442 2104 1503 2144 καὶ

114 2189 155 2222 30
173 2177 330 2226 μᾶλλον
355 2172 377 2225 ἢ
413 2177 625 2227 προσῆκεν,
654 2176 794 2216 ἀδίκως
825 2175 886 2214 καὶ
919 2176 1206 2215 πλεονεκτικῶς
1234 2172 1305 2222 τὴν
1340 2188 1504 2224 κατηγο-

226 2292 239 2312 1
267 2282 348 2322 ἡμῖὶς
365 2281 550 2314 Schaefer:
575 2283 652 2322 ὑμᾶς
669 2282 764 2312 codd.
914 2290 932 2318 3
957 2284 1141 2321 παροξυνθαι
1160 2279 1184 2310 S
1336 2288 1373 2317 13
1398 2277 1502 2318 ἱερῶν]

177 2340 203 2358 ιε
221 2325 255 2356 in
274 2336 338 2356 ras.
358 2326 390 2355 iv
406 2326 468 2356 litt.
487 2326 511 2356 S
648 2327 686 2355 16
709 2328 776 2357 τοῖς
793 2324 992 2362 ἠδικημένοις
1009 2323 1087 2354 secl.
1113 2322 1316 2360 Rosenberg
1413 2321 1503 2352 ὄντες

176 2368 208 2398 Α
223 2369 263 2406 Ι),
281 2369 387 2400 Bekk.
403 2369 536 2399 Anecd.
558 2370 628 2398 128.
651 2379 712 2407 19:
737 2370 791 2400 ὅτε
809 2368 833 2398 S
846 2368 870 2397 F
886 2367 916 2405 Q
1049 2367 1173 2398 δικαίως
1190 2367 1229 2397 ἂν
1248 2365 1353 2395 Bekk.
1374 2363 1501 2393 Anecd·

178 2422 221 2442 20
246 2412 311 2453 ἐπὶ]
330 2414 363 2444 ἐν
378 2411 410 2441 A
513 2413 760 2453 ἆποψηφήσεσιν
778 2411 802 2442 S
944 2420 983 2448 27
1008 2424 1038 2441 τι
1055 2409 1086 2438 Α
1226 2410 1267 2438 28
1290 2409 1328 2439 ἂν
1346 2407 1502 2446 ὑπευθύνῳ

178 2454 282 2485 SAF
369 2469 407 2496 ’γε
425 2455 572 2497 λέγοντι]
592 2456 623 2495 ’γ’
642 2455 709 2486 ὕντι
726 2454 758 2483 Α
891 2463 933 2492 29
956 2454 1006 2484 καὶ
1023 2462 1086 2483 om.
1103 2451 1135 2482 A
