1763 2778
178 125 279 180 xm]
524 130 687 167 ΚΑΤΑ
736 129 1078 167 ΣΤΕΦΑΝΟΤ
1125 130 1155 166 Β
1525 122 1657 177 [1130]

179 227 429 283 παρέχονται.
492 227 536 267 οὐ
559 229 635 280 γὰρ
658 226 707 268 ἂν
732 226 888 277 εἰδείηθ’
914 228 1022 278 ὑμεῖς
1047 227 1114 267 εἴτ’
1143 227 1253 267 ἐστὶν
1273 228 1398 278 ἀληθῆ
1426 229 1503 268 εἴτε

178 298 307 348 ψευδῆ
334 294 358 335 ὅ.
383 300 510 348 φασιν
535 293 723 347 ἑκάτεροι,
751 295 785 335 εἰ
808 292 860 345 μή
886 311 943 336 τις
961 294 1023 334 καὶ
1048 293 1138 336 τοὺς
1161 293 1357 346 μάρτυρας
1382 294 1500 346 παρέ-

178 379 304 416 χοιτο.
374 363 468 402 ὅταν
485 364 525 402 δὲ
545 361 813 415 παράσχηται,
841 361 992 403 τούτοις
1025 358 1280 404 πιστεύοντες
1302 363 1502 403 ὑποδίκοις

179 430 291 471 οῧσιν
314 429 547 482 ψηφίζεσθε
571 430 613 469 ἐκ
629 433 707 470 τῶν
730 427 958 481 λεγομένων
984 428 1046 468 καὶ
1064 427 1389 481 μαρτυρουμένων
1413 429 1437 469 ἃ
1455 427 1502 469 ἂν

140 512 157 542 5
177 498 268 548 ὑμῖν
293 499 386 554 δοκῇ
403 498 533 537 δίκαια
558 496 669 537 εἶναι.
729 496 929 547 βούλομαι
953 497 1084 536 τοίνυν
1110 496 1172 536 καὶ
1198 495 1269 546 τὴν
1287 496 1502 548 μαρτυρίαν
1523 515 1539 551 5

179 563 397 616 ἐξελέγξαι,
429 565 488 604 ὅτι
522 563 567 604 οὐ
598 563 821 616 πρόκλησίς
851 564 974 611 ἐστιν,
1011 563 1073 604 καὶ
1106 563 1157 605 ὡς
1193 563 1271 604 ἔδει
1295 567 1502 615 μαρτυρεῖν

177 631 331 678 αὐτούς,
373 632 480 684 εἴπερ
519 632 700 683 ἐγίγνετο
746 630 770 682 ἡ
819 631 1051 683 πρόκλησις,
1100 630 1152 672 ὥς
1199 630 1266 670 οὐκ
1309 631 1502 683 ἐγίγνετο.

180 700 190 716 ‘
208 700 446 750 μαρτυροῦσι
476 701 656 750 παρεῖναι
685 697 782 749 πρὸς
810 702 862 752 τῷ
898 701 1073 754 διαιτητῇ
1102 698 1259 751 Τεισίᾳ,
1288 699 1352 738 ὅτε
1383 697 1500 749 πρού-

177 769 335 806 καλεῖτο
362 766 547 818 Φορμίων
572 765 880 817 Ἀπολλόδωρον
907 765 1082 817 ἀνοίγειν
1104 764 1150 805 τὸ
1174 768 1453 817 γραμματεῖον,
1481 763 1502 804 ὃ

121 848 157 870 10
176 836 364 886 παρεῖχεν
388 831 562 885 Ἀμφίας
578 833 598 872 ὁ
621 835 942 885 Κηφισοφῶντος
963 831 1166 882 κηδεστής,
1195 831 1503 883 Ἀπολλόδωρον

176 899 209 939 δ’
239 899 306 939 οὐκ
341 899 494 940 ἐθέλειν
525 898 726 952 ἀνοίγειν.’
797 901 895 940 οὕτω
924 901 997 950 μὲν
1027 898 1075 940 ἂν
1106 902 1392 951 μαρτυροῦντες
1416 899 1501 939 ἐδό-

177 983 268 1007 κουν
306 966 433 1017 ἀληθῆ
469 970 706 1019 μαρτυρεῖν·,
741 967 968 1019 ἀντίγραφα
1004 968 1046 1007 δὲ
1083 970 1160 1007 τῶν
1198 969 1391 1016 διαθηκῶν
1425 970 1503 1007 τῶν

177 1034 390 1076 Πασίωνος
414 1037 624 1085 μαρτυρεῖν
644 1034 807 1074 εἶναιτὰ
833 1035 874 1074 ἐν
894 1037 946 1088 τῷ
971 1033 1220 1088 γραμματείῳ
1248 1032 1268 1073 ὃ
1293 1034 1503 1086 παρείχετο

177 1101 376 1152 Φορμίων,
419 1099 517 1152 μήτε
557 1100 899 1153 παραγενομένους
937 1101 1071 1155 ἐκείνῳ
1121 1099 1373 1155 διατιθεμένῳ
1414 1099 1503 1151 μήτ’

118 1182 155 1214 15
178 1168 331 1210 εἰδότας
363 1167 595 1215 εἰδιέθετο,
633 1172 716 1211 πῶς
753 1169 797 1209 οὐ
834 1172 1062 1221 περιφανῶς
1099 1169 1361 1221 ἀναισχυντία
1397 1170 1506 1208 δοκεῖ

173 1235 264 1286 ὑμῖν
289 1234 408 1283 εῖναι,·

241 1301 373 1342 Ἀλλὰ
397 1301 474 1353 μὴν
500 1303 534 1343 εἷ
563 1302 666 1355 φησὶ
692 1303 924 1355 Φορμίωνος
956 1301 1145 1355 λέγοντος
1170 1302 1373 1343 πιστεύειν
1397 1301 1502 1342 ταῦτ’
1522 1307 1544 1342 6

175 1369 302 1420 ἀληθῆ
337 1369 449 1416 εἶναι,
484 1373 553 1410 τοῦ
584 1370 703 1410 αὐτοῦ
726 1370 868 1422 ἀνδρός
898 1371 1009 1410 ἐστιν
1042 1370 1244 1410 πιστεύειν
1275 1387 1319 1410 τε
1342 1369 1504 1422 λέγοντι

174 1436 299 1491 τούτῳ
327 1439 450 1476 ταῦτα
478 1437 541 1477 καὶ
572 1438 772 1478 κελεύοντι
808 1442 1029 1490 μαρτυρεῖν.
1102 1439 1138 1478 οἱ
1167 1436 1210 1478 δέ
1241 1454 1287 1490 γε
1318 1437 1433 1488 νόμοι
1458 1436 1502 1477 οὐ

116 1520 155 1542 20
174 1506 294 1544 ταῦτα
316 1503 519 1556 λέγουσιν,
547 1503 638 1544 ἀλλ’
663 1505 688 1545 ὃ.
715 1503 764 1545 ἂν
790 1506 872 1561 εἰδῇ
896 1522 956 1547 τις
989 1505 1052 1544 καὶ
1080 1505 1137 1546 οἷς
1161 1503 1209 1545 ἂν
1234 1503 1503 1556 παραγένηται

174 1570 470 1622 πραττομένοις,
505 1575 626 1611 ταῦτα
661 1575 871 1624 μαρτυρεῖν
910 1572 1142 1612 κελεύουσιν
1175 1572 1217 1612 ἐν
1249 1571 1501 1626 γραμματείῳ

174 1637 438 1690 γεγραμμένα,
469 1638 535 1679 ἵνα
569 1637 657 1690 μήτ’
688 1640 856 1691 ἀφελεῖν
887 1638 955 1696 ἐξῇ
984 1641 1104 1690 μηδὲν
1136 1637 1235 1689 μήτε
1266 1641 1502 1690 προσθεῖναι

173 1708 256 1747 τοῖς
284 1704 583 1758 γεγραμμένοις.
652 1705 774 1756 ἀκοὴν
800 1705 832 1746 δ’
865 1706 934 1747 οὐκ
970 1708 1066 1747 ε’ῶσι
1102 1707 1242 1756 ζῶντος
1277 1708 1499 1757 μαρτυρεῖν,
1523 1722 1542 1756 7

173 1772 279 1812 ἀλλὰ
298 1774 523 1820 τεθνεῶτος,
540 1775 619 1813 τῶν
645 1775 686 1814 δὲ
703 1772 903 1813 ἀδυνάτων
922 1774 985 1814 καὶ
1008 1774 1226 1825 ὑπερορίων
1244 1773 1502 1824 ἐκμαρτυρίαν

115 1856 152 1888 25
172 1838 449 1917 γεγραμμένην
485 1840 529 1880 ἐν
564 1843 616 1895 τῷ
650 1840 915 1895 γραμματείῳ·
957 1840 1018 1880 καὶ
1052 1840 1130 1881 ἀπὸ
1163 1857 1233 1890 της
1268 1856 1386 1890 αυτης
1417 1840 1499 1879 ἐπι-

174 1904 363 1958 σκήψεως
377 1904 448 1956 τήν
472 1923 515 1947 τε
529 1923 742 1959 μαρτυριαν
763 1907 826 1947 καὶ
845 1908 1104 1959 ἐκμαρτυρίαν
1123 1905 1427 1959 ἀγωνίζεσθαι“
1406 1923 1498 1957 αμα,
1524 1913 1646 1969 [1131]

173 1971 224 2012 ἵν’
248 1974 318 2013 ἐὰν
339 1974 413 2024 μὲν
437 1973 678 2027 ἀναδέχηται
702 1975 722 2013 ὁ
752 1973 1059 2027 ἐκμαρτυρησας,
1095 1976 1244 2016 ἐκεῖνος
1267 1972 1501 2016 ὑπόδικος
1480 1978 1503 2030 ἡ

172 2043 250 2079 τῶν
281 2041 642 2093 ψευδομαρτυρίων,
681 2042 751 2082 εὰν
781 2043 824 2082 δε
855 2059 906 2092 μη
945 2041 1196 2095 ἀναδεχηται,
1234 2058 1271 2081 οι
1306 2057 1499 2092 μαρτυρη-

173 2122 316 2148 σαντες
351 2106 424 2157 τὴν
463 2108 737 2160 ἐκμαρτυρίαν.
809 2107 1014 2160 Στέφανος
1054 2110 1188 2149 τοίνυν
1227 2108 1377 2154 οὑτοσί,
1419 2106 1540 2153 οὔτέ

111 2192 153 2224 30
173 2173 284 2215 εἰδὼς
308 2171 495 2223 διαθήκας
528 2176 799 2215 καταλιπόντα
826 2174 896 2216 τὸν
926 2174 1077 2227 πατέρα
1106 2175 1228 2226 ἡμῶν,
1256 2175 1346 2215 οὔτε
1373 2191 1498 2226 παρα-

216 2282 238 2311 6
261 2283 311 2313 καὶ
328 2279 395 2324 (δεῖ
395 2279 491 2324 ξαι>“
474 2296 516 2315 ως
532 2287 641 2314 tentat
660 2282 757 2314 BlaSS
903 2285 923 2314 8
947 2285 1038 2326 Τισίᾳ
1057 2284 1154 2315 codd.
1305 2293 1343 2313 10
1368 2281 1501 2323 Ἀμφίας

172 2323 204 2361 Q
220 2335 299 2364 mg.‚
325 2325 367 2356 cf.
391 2325 450 2355 xlv
473 2327 518 2356 8:
542 2326 685 2367 Ἀμφίων
702 2332 780 2357 cett.
884 2337 922 2365 13
946 2329 964 2360 ὃ
982 2327 1131 2358 Reiske:
1159 2326 1289 2359 &codd
1391 2335 1428 2364 15
1453 2324 1500 2365 οὐ]

173 2381 228 2398 ουν
244 2368 268 2398 S
285 2369 347 2399 sed
364 2382 382 2400 ν
397 2379 494 2400 eraso
582 2380 624 2400 20
648 2370 668 2402 ἃ
679 2370 732 2411 ἂν]
753 2370 772 2402 ἃ
784 2381 848 2400 om.
864 2369 903 2401 Sl
915 2370 961 2401 Dl
976 2382 983 2401 ε
1008 2371 1046 2403 ἃν
1062 2371 1199 2401 Bekker
1287 2379 1325 2400 21
1353 2368 1500 2400 κελεύου-

173 2423 225 2442 σιν
241 2411 306 2442 del.
326 2411 439 2443 Naber
553 2422 595 2452 25
619 2417 664 2454 τῷ
679 2414 743 2445 del.
764 2413 893 2445 Reiske
1009 2415 1050 2444 28
1073 2414 1332 2455 μαρτυρήσαντες
1351 2411 1498 2443 Reiske:

174 2455 467 2496 ἐκμαρτυρήσαντες
485 2456 581 2489 codd.
