1763 2778
176 125 265 181 m]
520 130 681 168 ΚΑΤΑ
731 128 1074 166 ΣΤΕΦΑΝΟΎ
1123 129 1157 166 Α
1526 122 1656 177 [1125]

178 230 284 269 ἀλλὰ
308 227 453 282 πατρῷ’
479 228 586 281 ἔχειν
610 227 777 279 ἡγεῖται.
850 226 973 267 καίτοι
1003 225 1100 279 πρὸς
1125 229 1236 272 θεῶν,
1265 226 1300 267 εἷ
1329 224 1503 275 κλέπτην
1524 237 1563 269 81

179 296 216 335 σ’
242 297 396 348 ἀπῆγον
422 295 474 337 ὡς
498 294 558 335 ἐπ’
584 294 798 348 αὐτοφώρῳ
826 294 1014 345 εἰληφώς,
1041 293 1112 344 τὴν
1144 293 1285 333 οὐσίαν
1309 292 1357 342 ἣν
1382 292 1500 346 ἕχεις,
1524 292 1656 346 [1126]

180 365 216 404 εἴ
243 380 324 405 πως
355 363 439 403 οἶόν
470 360 503 402 τ’
534 361 593 412 ἦν,
625 363 774 403 ἐπιθείς
804 378 880 407 σοι,
909 360 994 401 εἶτά
1019 360 1065 400 'cr'
1097 360 1244 411 ἠξίουν,
1276 361 1310 400 εἰ
1342 359 1394 411 μὴ
1426 359 1504 412 φης

177 428 428 486 ὑφῃρημένος
458 428 564 469 ταῦτ’
594 428 715 482 ἔχειν,
747 427 910 480 ἀνάγειν
942 428 1035 468 ὅθεν
1060 430 1244 480 εἴληφας,
1273 428 1328 468 εἷς
1357 426 1430 467 τίν’
1457 426 1505 467 ἂν

141 519 157 550 5
179 497 260 537 αὔτ’
287 495 502 549 ἆνήγαγες;
541 495 629 537 οὔτε
655 494 730 548 γάρ
751 512 817 535 σοι
848 494 976 547 πατὴρ
1001 494 1237 547 παρέδωκεν,
1265 493 1347 534 οὔθ’
1374 494 1502 546 ηὗρες,

179 564 267 605 οὔτε
290 564 432 615 λαβών
461 566 582 604 ποθεν
612 562 783 603 ἄλλοθεν
810 561 928 612 ἦλθες
959 562 1009 604 ὡς
1041 562 1155 613 ἡμᾶς·
1193 560 1400 613 βάρβαρος
1430 562 1504 613 γὰρ

179 629 364 682 ἐωνήθης.
436 629 555 686 εῖθ’ᾧ
575 631 748 684 δημοσία
778 631 980 681 προσῆκεν
1013 630 1078 670 ἐπὶ
1114 632 1196 670 τοῖς
1231 627 1505 680 εἰργασμένοις

178 697 374 744 τεθνάναι,
393 698 457 743 σύ,
483 697 528 737 τὸ
555 701 671 748 σῶμα
694 697 883 751 σεσῳκὼς
910 697 972 737 καὶ
997 697 1116 736 πόλιν
1143 697 1183 736 ἐκ
1211 699 1288 736 τῶν
1308 695 1505 748 ἡμετέρων

179 769 310 820 σαυτῷ
337 764 580 816 κτησάμενος
606 764 668 805 καὶ
686 767 828 806 παῖδας
847 763 1047 816 ἀδελφοὺς
1071 767 1153 805 τοῖς
1170 766 1337 803 σεαυτοῦ
1360 763 1505 803 δεσπό-

120 854 159 875 10
178 849 264 874 ταις
288 831 468 883 ἀξιωθεὶς
490 832 752 883 ποιήσασθαι,
774 830 1021 883 παρεγράψω
1046 830 1098 881 μὴ
1119 830 1387 882 εἰσαγώγιμον
1408 829 1508 870 εῖναι

179 900 250 950 τὴν
286 901 396 950 δίκην
432 903 510 939 τῶν
548 898 851 951 ἐγκαλουμένων
887 897 1101 950 χρημάτων
1137 898 1205 949 ὑφ’
1242 897 1370 948 ἡμῶν;
1424 896 1507 937 εῖτα
1528 905 1571 938 82

181 971 306 1008 κακῶς
330 967 431 1018 ἡμᾶς
460 966 598 1019 ἔλεγες
632 966 693 1006 καὶ
718 965 787 1006 τὸν
812 964 1002 1017 ἡμέτερον
1029 964 1162 1016 πατέρ’
1190 963 1371 1015 ἐξήταζες
1397 965 1508 1018 ὅστις

180 1033 246 1085 ἧν;
301 1033 365 1087 ἐφ’
402 1034 462 1076 οῖς
499 1034 558 1076 τίς
598 1033 665 1073 οὐκ
707 1032 768 1078 ἄν,
808 1030 837 1072 ὦ
880 1032 1017 1084 ἄνδρες
1060 1032 1276 1081 Ἀθηναῖοι,
1321 1034 1509 1083 χαλεπῶς

179 1101 361 1154 ἤνεγκεν;
400 1101 477 1154 ε’γὼ
496 1100 584 1153 γάρ,
605 1101 639 1141 εἶ
654 1099 814 1141 πάντων
828 1103 905 1139 τῶν
921 1098 1060 1139 ἄλλων
1074 1100 1182 1149 ὑμῶν
1201 1099 1365 1138 ἔλαττον
1381 1115 1507 1150 προσ-

124 1191 159 1223 ¹5
179 1167 264 1219 ήκει
288 1161 362 1219 μοι’
387 1172 567 1221 φρονεῖν,
592 1167 733 1208 τούτου
760 1184 807 1219 γε
839 1166 974 1218 μεῖζον
1003 1166 1123 1217 οἶμαι,
1150 1166 1214 1206 καὶ
1243 1165 1367 1219 τούτῳ
1398 1164 1438 1217 γ’
1475 1165 1509 1204 εἰ

179 1235 347 1287 μηδενὸς
373 1239 451 1276 τῶν
482 1235 618 1275 ἄλλων
650 1235 831 1280 ἔλαττον,
860 1235 956 1285 ἐμοῦ
991 1233 1027 1285 γ’
1059 1233 1239 1273 ἔλαττον·
1279 1234 1403 1272 ὄντων
1432 1232 1509 1284 γὰρ

180 1303 291 1354 ἡμῶν
314 1302 501 1342 τοιούτων
528 1302 685 1343 ὁποίους
716 1303 824 1343 τινας
849 1300 897 1341 ἂν
922 1297 1017 1353 [καὶ]
1046 1300 1097 1341 σὺ
1130 1298 1430 1355 κατασκευάσῃς
1455 1303 1507 1354 τῷ

180 1370 303 1424 λόγῳ,
331 1369 380 1409 σὺ
405 1373 546 1412 δοῦλος
569 1368 689 1419 ἦσθα.

246 1436 365 1490 Τάχα
401 1438 533 1477 τοίνυν
572 1436 620 1476 ἂν
662 1437 760 1477 ἴσως
798 1435 860 1475 καὶ
897 1435 1012 1476 τοῦτό
1047 1452 1104 1476 τις
1140 1434 1268 1474 αὐτῶν
1303 1435 1419 1479 εἴποι,
1458 1432 1509 1474 ὡς
1530 1441 1573 1485 83

122 1520 162 1542 20
183 1503 358 1556 ἀδελφὸς
383 1502 438 1544 ὢν
462 1505 554 1555 ἐμὸς
581 1505 792 1553 Πασικλῆς
811 1502 924 1543 οὐδὲν
951 1503 1114 1554 ἐγκαλεῖ
1137 1506 1215 1542 τῶν
1234 1501 1361 1541 αὐτῶν
1387 1500 1509 1555 τούτῳ

183 1569 437 1623 πραγμάτων.
507 1571 584 1623 ἐγὼ
615 1570 661 1620 δ’,
690 1568 719 1610 ὦ
748 1569 886 1622 ἄνδρες
917 1569 1133 1620 Ἀθηναῖοι,
1162 1569 1224 1609 καὶ
1256 1568 1343 1619 περὶ
1375 1571 1509 1607 Πασι-

183 1638 334 1684 κλέους,
360 1637 707 1691 παραιτησάμενος
734 1638 795 1677 καὶ
821 1637 972 1688 δεηθεὶς
988 1637 1096 1687 ὑμῶν
1122 1636 1360 1688 συγγνώμην
1387 1635 1509 1688 ἔχειν,

184 1707 218 1746 εἰ
255 1706 536 1758 προεληλυθὼς
573 1706 627 1747 εἰς
662 1704 766 1744 τοῦθ’
803 1703 901 1744 ὥσθ’
933 1703 1009 1744 ὑπὸ
1046 1707 1123 1744 τῶν
1159 1704 1327 1753 ἐμαυτοῦ
1359 1703 1512 1742 δούλων

183 1773 390 1824 ὑβρισθεὶς
416 1772 460 1812 οὐ
491 1772 658 1823 δύναμαι
692 1775 921 1824 κατασχεῖν,
953 1772 977 1811 ἃ
1013 1769 1108 1812 τέως
1145 1770 1234 1810 οὐδὲ
1262 1773 1339 1809 τῶν
1375 1768 1513 1808 ἄλλων

124 1854 162 1886 25
183 1840 385 1892 λεγόντων
417 1838 573 1881 ἀκούειν
608 1839 780 1885 ἐδόκουν,
814 1840 887 1890 ε’ρῶ
919 1839 982 1878 καὶ
1013 1837 1057 1878 οὐ
1095 1835 1363 1887 σιωπήσομαι.
1435 1836 1512 1888 ἐγὼ
1533 1844 1577 1886 84

184 1908 260 1959 γὰρ
297 1905 535 1958 ὁμομήτριον
572 1908 644 1957 μὲν
682 1905 862 1958 ἀδελφὸν
901 1907 1068 1957 ἐμαυτοῦ
1104 1903 1316 1944 Πασικλέα
1353 1903 1510 1953 νομίζω,

185 1973 424 2026 ὁμοπάτριον
453 1973 486 2013 δ’
513 1973 581 2014 οὐκ
611 1973 711 2020 οῖδα,
740 1973 895 2013 δέδοικα
919 1971 1055 2023 μέντοι
1085 1971 1137 2023 μὴ
1174 1975 1252 2011 τῶν
1282 1970 1513 2022 Φορμίωνος

185 2039 472 2093 ἁμαρτημάτων
510 2042 564 2083 εἷς
599 2041 700 2091 ἡμᾶς
735 2039 836 2093 ἀρχὴ
875 2041 1084 2090 Πασικλῆς
1116 2037 1153 2095 ᾗ.
1224 2039 1320 2077 ὅταν
1355 2038 1430 2089 γὰρ
1460 2040 1512 2090 τῷ
1534 2036 1661 2093 [1127]

186 2110 313 2162 δοῦλῳ
357 2110 519 2165 συνδικῇ
560 2107 629 2148 τὸν
670 2106 848 2159 ἀδελφὸν
887 2107 1050 2157 ἀτιμῶν,
1093 2106 1154 2145 καὶ
1191 2103 1514 2157 παραπεπτωκὼς

126 2189 168 2221 30
188 2174 361 2231 θαυμάζῃ
395 2175 557 2216 τούτους
590 2173 658 2226 ὑφ’
683 2175 738 2214 ὧν
767 2174 870 2229 αὐτῷ
897 2173 1166 2225 θαυμάζεσθαι
1198 2174 1412 2223 προσῆκεν,
1440 2168 1514 2210 τίν’

231 2294 250 2314 2
274 2284 414 2325 εἰληφώς
430 2283 511 2316 secl.
534 2283 633 2314 Blass
723 2294 742 2322 4
769 2285 800 2316 ἐς
818 2282 842 2313 S
936 2293 972 2322 17
998 2284 1046 2314 καὶ
1065 2282 1144 2313 secl.
1166 2280 1262 2311 Blass
1367 2290 1407 2317 24
1429 2281 1515 2319 ὑβρι-

188 2328 273 2359 σθεὶς
287 2328 396 2367 codd.‚
412 2328 454 2358 cf.
472 2327 505 2357 iii
522 2337 550 2366 1,
565 2328 598 2358 vi
611 2338 664 2366 40,
679 2327 760 2357 xxvi
775 2338 827 2365 22,
843 2326 889 2357 lxi
903 2336 923 2365 3
941 2338 948 2357 z
973 2327 1119 2367 ὑβρίσθαι
1137 2325 1265 2355 Reiske
1356 2324 1395 2352 28
1420 2323 1517 2363 ἁμαρ-

187 2370 353 2412 τημάτων]
377 2371 580 2411 ἀδικημάτων
602 2371 632 2410 Q
647 2385 699 2413 γρ.
870 2381 912 2408 29
937 2371 1192 2411 παραπεπτωκὼς
1212 2367 1321 2401 codd..
1348 2366 1513 2404 Harpocr.

189 2414 251 2445 hoc
268 2414 344 2445 loco
361 2415 498 2446 laudato
513 2426 520 2446 ἓ
546 2416 780 2446 ὑποπεπτωκὼς
798 2414 935 2445 Dobree
1038 2423 1081 2451 30
1105 2413 1200 2444 αὐτὸν
1217 2412 1247 2441 D
