1763 2778
95 139 220 194 [1131]
650 136 1170 192 [ΔΗΜΟΣΘΕΝΟὙΣ]
1456 133 1562 188 [κω-ι

240 243 451 295 γενόμενος
482 242 639 282 πώποτε
664 239 918 295 διατιθεμένῳ
951 244 1003 295 τῷ
1028 240 1144 291 πατρὶ
1167 240 1289 290 ἡμῶν,
1325 239 1497 281 ἀκούσας
1522 242 1564 280 δὲ

240 311 481 362 (Ι)ορμίωνος,
507 308 800 360 μεμαρτύρηκεν
824 307 945 358 ἀκοὴν
981 309 1030 347 τὰ
1053 309 1182 359 ψευδῆ
1206 324 1249 347 τε
1283 307 1345 347 καὶ
1370 307 1473 359 παρὰ
1497 305 1565 346 τὸν

239 377 372 427 νόμον.
444 377 506 416 καὶ
543 375 649 416 ταῦθ’
687 376 747 416 ὅτι
776 375 903 425 ἀληθῆ
933 373 1052 427 λέγω,
1079 373 1198 414 αὐτὸν
1227 375 1318 425 ὑμῖν
1347 377 1414 414 τὸν
1445 374 1565 424 νόμον

241 444 527 496 ἀναγνώσεται.

827 539 983 568 ΝΟΜΟΣ.
1588 549 1605 580 5

294 597 429 649 Ἀκοὴν
459 599 547 637 εἶναι
575 601 772 649 μαρτυρεῖν
799 597 1002 644 τεθνεῶτος,
1038 597 1280 647 ἐκμαρτυρίαν
1309 596 1346 634 δὲ
1375 597 1569 646 ὑπερορίου

243 655 302 692 καὶ
322 655 507 692 ἀδυνάτου.

200 786 224 822 9
307 768 381 807 “Ως
405 765 536 806 τοίνυν
562 764 624 804 καὶ
643 763 735 815 παρ’
760 763 894 815 ἕτερον
913 763 1034 814 νόμον
1052 762 1359 814 μεμαρτύρηκεν,
1379 759 1569 811 ἐπιδεῖξαι

241 834 331 883 ὑμῖν
350 833 562 883 βούλομαι,
580 833 644 872 ἵνα
670 833 798 881 εἰδῆτε
821 832 882 871 ὅτι
897 828 1083 882 μεγάλων
1104 828 1352 880 ἀδικημάτων
1378 829 1444 868 οὐκ
1465 828 1570 882 ἔχων

243 898 473 952 καταφυγὴν
512 899 533 938 ὁ
567 898 769 951 Φορμίων,
804 898 1010 950 πρόφασιν
1045 897 1186 947 λαβὼν
1222 896 1330 951 λόγῳ
1366 895 1438 946 τὴν
1463 896 1568 947 ’πρό-
1595 915 1632 937 ιο

243 972 398 1017 κλησιν,
425 966 525 1021 ἔργῳ
551 965 668 1007 αὐτὸς
692 966 794 1019 αὐτῷ
820 963 1091 1023 μεμαρτύρηκε
1121 962 1451 1015 προστησάμενος
1481 962 1568 1002 τού-

242 1051 343 1079 τους,
372 1033 420 1073 δι’
445 1035 499 1074 ὧν
517 1034 554 1074 οἱ
576 1034 649 1084 μὲν
668 1033 852 1072 δικασταὶ
875 1029 1182 1083 ἐξηπατήθησαν
1199 1030 1250 1073 ὡς
1271 1031 1397 1080 ἀληθῆ
1424 1030 1571 1070 τούτων

241 1100 553 1153 μαρτυρούντων,
572 1100 651 1152 ἐγὼ
669 1102 710 1140 δὲ
729 1097 1004 1151 ἀπεστερήθην
1023 1099 1077 1139 ὧν
1097 1098 1117 1137 ὁ
1133 1096 1260 1149 πατήρ
1274 1114 1340 1148 μοι
1360 1096 1571 1137 κατέλιπεν

242 1167 455 1221 χρημάτων
480 1168 543 1208 καὶ
575 1171 642 1207 τοῦ
669 1168 778 1217 δίκην
807 1169 952 1217 λαβεῖν
984 1165 1073 1218 περὶ
1101 1166 1155 1205 ὧν
1187 1165 1402 1215 ἀδικοῦμαι.
1471 1180 1567 1216 μαρ-

243 1238 374 1287 τυρεῖν
407 1236 481 1288 γὰρ
508 1236 542 1275 οἱ
580 1234 695 1285 νόμοι
729 1233 799 1274 οὐκ
836 1234 958 1273 ε’ῶσιν
993 1232 1111 1272 αὐτὸν
1144 1232 1246 1286 αὑτῷ
1284 1231 1363 1272 οὔτ’
1395 1232 1459 1272 ε’πὶ
1487 1235 1572 1272 ταῖς
1595 1253 1631 1284 15

244 1305 417 1355 γραφαῖς
443 1301 522 1342 οὔτ’
543 1301 608 1342 ἐπὶ
631 1305 717 1344 ταῖς
732 1301 856 1342 δίκαις
874 1299 951 1340 οὔτ’
979 1301 1021 1340 ἐν
1044 1303 1130 1341 ταῖς
1149 1298 1339 1340 εὐθύναις.
1401 1298 1422 1338 ὁ
1441 1299 1573 1338 τοίνυν

246 1369 430 1421 Φορμίων
471 1368 586 1410 αὐτὸς
634 1370 734 1423 αὐτῷ
773 1368 1081 1420 μεμαρτύρηκεν,
1126 1366 1246 1407 ὁπότε
1293 1366 1419 1418 φασὶν
1467 1365 1573 1405 οὗτοι

184 1454 226 1480 10
246 1437 486 1478 ἀκούσαντες
516 1436 666 1476 ἐκείνου
697 1440 820 1475 ταῦτα
849 1432 1197 1486 μεμαρτυρηκέναι.
1268 1433 1333 1473 ἵνα
1368 1434 1409 1474 δὲ
1447 1433 1574 1482 εἰδῆτε

247 1504 434 1556 ἀκριβῶς,
460 1502 578 1544 αὐτὸν
603 1502 672 1544 τὸν
696 1503 818 1554 νόμον
842 1519 909 1554 μοι
935 1500 1148 1554 ἀνάγνωθι.

832 1616 989 1644 ΝΟΜΟΣ

299 1678 386 1713 Τοῖν
420 1675 614 1714 ἀντιδίκοιν
645 1675 845 1726 ἐπάναγκες
880 1673 970 1712 εἶναι
1007 1673 1279 1722 ἀποκρίνασθαι
1317 1671 1500 1721 ἀλλήλοις
1532 1671 1575 1708 τὸ

248 1731 488 1780 ἐρωτώμενον,
508 1731 704 1780 μαρτυρεῖν
723 1729 760 1767 δὲ
780 1729 844 1779 μή.

315 1840 531 1894 Σκέψασθε
554 1842 685 1881 τοίνυν
701 1838 856 1880 τουτονὶ
877 1838 946 1880 τὸν
970 1839 1105 1889 νόμον,
1129 1836 1174 1879 ὃς
1199 1837 1350 1877 κελεύει
1368 1837 1576 1879 ὑποδίκους

97 1912 227 1967 [1132]
249 1909 348 1950 εἶναι
373 1913 450 1949 τῶν
476 1908 824 1960 ψευδομαρτυρίων
851 1906 912 1947 καὶ
939 1906 1021 1947 κατ’
1047 1904 1139 1947 αὐτὸ
1164 1909 1289 1951 τοῦτο,
1307 1905 1367 1944 ὅτι
1390 1908 1578 1957 μαρτυρεῖ

249 1977 355 2029 παρὰ
377 1974 446 2016 τὸν
470 1975 605 2026 νόμον.

834 2053 991 2084 ΝΟΜΟΣ

297 2112 425 2151 ’Ἑστω
459 2113 498 2151 δὲ
530 2113 588 2150 καὶ
622 2112 793 2152 ὑπόδικος
825 2115 896 2149 τῶν
933 2109 1253 2160 ψευδομαρτυρίων
1287 2110 1307 2147 ὁ
1339 2108 1578 2159 μαρτυρήσας

250 2170 361 2206 αὐτοῦ
380 2167 521 2213 τούτου,
543 2168 599 2206 ὅτι
617 2169 795 2218 μαρτυρεῖ
811 2167 912 2215 παρὰ
930 2166 994 2204 τὸν
1017 2165 1142 2214 νόμον·
1165 2164 1224 2201 καὶ
1248 2165 1267 2201 ὃ
1292 2163 1577 2213 προβαλόμενος

252 2223 345 2260 κατὰ
364 2223 489 2260 ταύτά.

299 2334 313 2354 Ι
338 2327 383 2365 τῷ
397 2326 489 2365 πατρὶ
508 2325 595 2363 ἡμῶν
614 2323 727 2354 delere
747 2323 841 2354 malit
859 2322 958 2354 Blass
1125 2331 1144 2360 5
1170 2320 1264 2361 leges
1280 2325 1315 2351 et
1331 2320 1526 2351 testimonia
1543 2319 1576 2350 in

253 2368 315 2399 hac
331 2369 485 2399 oratione
503 2379 566 2398 om.
585 2367 609 2398 S
730 2377 768 2406 13
793 2369 818 2399 θ’
834 2372 913 2397 ante
932 2369 948 2399 ὁ
964 2366 1037 2397 add.
1058 2365 1193 2395 Dobree
1312 2374 1352 2402 24
1377 2364 1454 2395 αὐτὸ
1466 2373 1533 2395 om.
1546 2363 1576 2393 D

253 2413 297 2442 28
317 2412 557 2454 προβαλόμενος
576 2411 704 2442 Reiske
721 2422 729 2442 ι
753 2410 1015 2452 προβαλλόμενος
1032 2408 1130 2440 codd.

1595 1633 1637 1656 20
