1763 2778
97 122 235 176 [1208]
665 111 1182 169 [ΔΗΜΟΣΘΕΝΟΎΣ]
1542 113 1579 168 [ι.

256 218 318 258 καὶ
343 221 421 257 τῶν
447 215 753 269 ἐγκεκτημένων,
781 215 1091 268 προσαπηνέχθη
1117 232 1191 267 μου
1215 216 1387 266 τοῦνομα
1412 218 1454 257 ἐν
1479 233 1579 268 τριτ-

214 287 335 336 9τοῖς
372 283 508 334 δήμοις
542 282 606 325 διὰ
642 282 687 323 τὸ
718 285 894 335 φανερὰν
930 282 1033 323 εἶναί
1069 299 1144 334 μου
1185 281 1256 332 τὴν
1293 281 1445 323 οὐσίαν.
1517 284 1579 324 καὶ

92 354 235 408 [1209]
255 350 403 391 τούτων
431 350 521 403 ἐγώ,
550 350 733 401 οὐδεμίαν
753 350 958 402 πρόφασιν
979 348 1257 401 ποιησάμενος,
1278 349 1339 390 ὅτι
1356 354 1578 403 τριηραρχῶ

255 417 316 457 καὶ
356 417 422 457 οὐκ
462 417 508 458 ἂν
548 418 737 469 δυναίμην
773 418 840 457 δύο
878 418 1115 473 λῃτουργίας
1149 420 1385 472 λῃτουργεῖν
1421 417 1507 458 οὐδὲ
1544 418 1580 458 οἱ

254 484 368 535 νόμοι
414 485 548 531 ἐῶσιν,
591 484 712 535 ἔθηκα
750 485 818 526 τὰς
855 485 1127 536 προεισφορὰς
1167 487 1334 535 πρῶτος.
1406 485 1470 524 καὶ
1511 484 1617 528 οὐκ5

255 550 552 603 εἰσεπραξάμην
577 550 641 592 διὰ
672 555 717 591 τὸ
742 552 831 591 τότε
855 553 927 602 μὲν
961 551 1179 601 ἀποδημεῖν
1201 551 1301 602 ὑπὲρ
1333 551 1441 601 ὑμῶν
1471 568 1578 603 τριη-

252 622 424 671 ραρχῶν,
471 619 640 670 ὕστερον
692 620 734 660 δὲ
782 618 1058 659 καταπλεύσας
1107 621 1352 668 καταλαβεῖν
1405 619 1454 658 τὰ
1507 620 1580 669 μὲν

255 685 400 736 εὔπορα
423 685 492 737 ὑφ’
520 685 664 737 ἑτέρων
688 683 1036 738 προεξειλεγμένα,
1060 686 1111 725 τὰ
1142 684 1175 725 δ’
1205 684 1333 736 ἄπορα
1366 685 1579 725 ὑπόλοιπα.

194 764 238 791 10
256 752 318 792 καὶ
342 755 463 792 ταῦτα
488 753 546 792 ὅτι
573 753 700 802 ἀληθῆ
726 751 833 804 λέγω
859 752 956 804 πρὸς
978 753 1090 803 ὑμᾶς,
1117 752 1265 791 τούτων
1290 753 1379 802 ὑμῖν
1404 752 1581 804 ἀναγνώ-

255 835 369 859 σεται
393 821 461 860 τὰς
486 820 700 871 μαρτυρίας
723 823 803 859 τῶν
831 836 873 860 τε
902 821 952 860 τὰ
984 821 1247 871 στρατιωτικὰ
1275 820 1366 860 τότε
1395 820 1582 871 εἶσπρατ-
1606 834 1644 855 10

254 886 403 926 τόντων
441 886 503 926 καὶ
538 890 615 926 τῶν
652 885 926 935 ἀποστολέων,
966 886 1027 925 καὶ
1063 885 1152 927 τοὺς
1187 885 1354 936 μισθοὺς
1390 885 1456 927 οὓς
1495 889 1582 928 ταῖς

254 953 488 1004 ὑπηρεσίαις
522 952 586 993 καὶ
622 957 704 995 τοῖς
742 952 950 1003 ἐπιβάταις
986 952 1083 992 κατὰ
1122 955 1226 1003 μῆνα
1269 953 1432 998 ἐδίδουν,
1475 951 1582 1003 παρὰ

254 1023 332 1059 τῶν
369 1022 602 1072 στρατηγῶν
639 1019 869 1071 σιτηρέσιον
906 1020 1028 1070 μόνον
1064 1018 1298 1070 λαμβάνων,
1333 1019 1439 1070 πλὴν
1475 1023 1582 1060 δυοῖν

254 1089 395 1138 μηνοῖν
419 1087 543 1137 μόνον
566 1086 712 1138 μισθὸν
739 1088 781 1126 ἐν
816 1086 936 1127 πέντε
958 1086 1083 1137 μησὶν
1113 1087 1174 1126 καὶ
1207 1086 1378 1141 ἐνιαυτῷ,
1406 1087 1468 1127 καὶ
1494 1085 1582 1128 τοὺς

254 1153 397 1195 ναύτας
420 1153 510 1195 τοὺς
534 1152 820 1205 μισθωθέντας,
847 1149 938 1205 [καὶ]
965 1153 1064 1193 ὅσον
1089 1153 1256 1195 ἕκαστος
1284 1152 1432 1204 ἔλαβεν
1462 1153 1580 1205 ἀργύ-
1604 1162 1642 1195 15

254 1237 354 1272 ριον,
381 1219 431 1261 ἵν’
463 1222 507 1261 ἐκ
537 1221 687 1261 τούτων
720 1222 848 1271 εἰδῆτε
879 1219 950 1270 τὴν
982 1219 1080 1271 ἐμὴν
1109 1221 1340 1272 προθυμίαν,
1377 1220 1439 1260 καὶ
1472 1220 1583 1262 οὗτος

256 1286 304 1328 δι’
331 1287 352 1326 ὅ
374 1304 412 1328 τι
435 1291 688 1340 παραλαβεῖν
714 1287 803 1340 παρ’
829 1288 924 1339 ἐμοῦ
947 1286 1020 1337 τὴν
1050 1291 1144 1328 ναῦν
1168 1287 1237 1328 οὐκ
1265 1286 1420 1338 ἤθελεν,
1448 1285 1582 1338 ἐπειδή

255 1371 323 1405 μοι
347 1355 368 1394 ὁ
392 1355 535 1407 χρόνος
562 1353 729 1405 ἐξῆλθεν
754 1357 821 1405 τῆς
845 1356 1111 1408 τριηραρχίας.

799 1453 1023 1479 ΜΑΡΤὙΡῙΑῙ.

194 1527 234 1554 11
317 1513 413 1555 “Ort
443 1517 516 1566 μὲν
547 1517 678 1555 τοίνυν
707 1515 752 1555 οὐ
776 1516 974 1568 ψεύδομαι
1006 1514 1103 1567 πρὸς
1135 1516 1235 1567 ὑμᾶς
1265 1515 1355 1568 περὶ
1378 1516 1433 1556 ὧν
1458 1515 1581 1563 εἶπον,
1605 1533 1646 1558 20

257 1579 287 1622 ἷῦ
312 1581 449 1634 ἄνδρες
474 1583 668 1629 δικασταί,
694 1586 773 1623 τῶν
796 1586 1016 1635 μαρτυριῶν
1046 1582 1456 1635 ἀναγιγνωσκομένων
1488 1583 1581 1633 ἀκη-

258 1649 388 1690 κόατε.
459 1648 516 1689 ἔτι
551 1651 592 1689 δὲ
618 1649 705 1701 περὶ
742 1650 796 1690 ὧν
831 1649 967 1700 μέλλω
1002 1649 1150 1701 λέγειν,
1183 1648 1354 1691 ἅπαντές
1388 1666 1455 1701 μοι
1489 1650 1582 1701 ὁμο-

257 1714 458 1768 λογήσετε
504 1717 564 1756 ὅτι
613 1717 739 1767 ἀληθῆ
789 1718 912 1756 ἐστιν.
983 1716 1161 1768 τριήρους
1209 1718 1283 1769 γὰρ
1331 1717 1585 1769 ὁμολογεῖται

260 1782 477 1825 κατάλυσις
519 1783 632 1830 εἶναι,
675 1787 830 1833 πρῶτον
871 1782 957 1834 μέν,
1001 1784 1071 1824 ἐὰν
1111 1782 1163 1834 μὴ
1200 1784 1346 1835 μισθόν
1380 1800 1440 1826 τις
1477 1786 1582 1838 διδῷ,

259 1849 441 1902 δεύτερον
487 1849 542 1896 δέ,
591 1851 661 1890 ἐὰν
702 1851 757 1892 εἷς
804 1850 871 1890 τὸν
918 1853 1087 1902 Πειραιᾶ
1126 1849 1273 1901 μεταξὺ
1317 1850 1583 1906 καταπλεύσῃ·
1606 1869 1644 1902 25

258 1917 474 1968 ἀπόλειψίς
515 1934 559 1958 τε
593 1916 670 1970 γὰρ
708 1919 879 1968 πλείστη
915 1918 1104 1970 γίγνεται,
1143 1918 1183 1958 οἵ
1214 1934 1257 1957 τε
1293 1917 1584 1969 παραμένοντες

258 1987 336 2023 τῶν
377 1988 526 2024 ναυτῶν
568 1983 636 2023 οὐκ
676 1984 885 2024 ἐθέλουσιν
920 1984 1041 2025 πάλιν
1077 1984 1295 2035 ἐμβαίνειν,
1333 1983 1402 2024 ἐὰν
1436 1982 1489 2035 μή
1525 2000 1584 2025 τις

261 2050 391 2092 αὐτοῖς
422 2050 555 2102 ἕτερον
589 2051 774 2103 ἀργύριον
804 2051 894 2106 διδῷ
925 2051 1030 2091 ὥστε
1053 2052 1102 2091 τὰ
1135 2052 1260 2092 οἰκεῖα
1291 2050 1582 2101 διοικήσασθαι.

106 2115 239 2170 [1210]
261 2116 286 2157 ἃ
308 2117 396 2168 ἐμοὶ
420 2118 626 2170 ἀμφότερα
652 2117 818 2169 συνέβη,
846 2116 876 2158 ὦ
900 2117 1036 2170 ἄνδρες
1063 2119 1258 2164 δικασταί,
1289 2118 1394 2158 ὥστε
1418 2123 1582 2158 πολυτε-

198 2196 240 2222 12
259 2183 456 2235 λεστέραν
486 2201 552 2235 μοι
584 2184 772 2236 γενέσθαι
799 2184 873 2234 τὴν
899 2186 1167 2238 τριηραρχίαν.
1239 2185 1301 2225 καὶ
1331 2183 1406 2236 γὰρ
1437 2183 1583 2236 μισθὸν
1603 2200 1646 2233 30

311 2301 324 2321 1
351 2291 577 2333 προαπηνέχθη
596 2292 709 2322 Naber
809 2303 828 2322 2
850 2306 911 2333 μου
928 2293 1015 2323 SA:
1038 2307 1089 2332 μοι
1108 2292 1175 2330 FQ
1190 2293 1221 2323 D
1314 2303 1333 2332 3
1358 2294 1407 2324 ὅτι
1426 2293 1583 2323 Dobree:

261 2337 335 2367 οὔτε
346 2337 394 2367 ὅτι
406 2336 518 2366 codd.:
530 2337 593 2366 οὐδ“
605 2336 652 2367 ὅτι
665 2335 765 2366 Blass
829 2346 848 2374 4
864 2335 961 2377 (ἅμα)
971 2336 1026 2367 δύο
1039 2336 1252 2366 Herwerden
1315 2338 1336 2366 6
1351 2336 1542 2377 τριήραρχος
1552 2335 1583 2365 Α

260 2379 282 2408 8
306 2378 510 2420 ἐξειλεγμένοι
525 2378 556 2408 Α
648 2388 685 2418 15
703 2380 752 2411 καὶ
771 2378 836 2410 del.
857 2379 1134 2418 Bockmeijer‚cs.
1154 2381 1170 2417 ξ
1187 2381 1228 2417 65
1330 2381 1368 2409 16
1382 2380 1444 2418 τὴν
1457 2381 1488 2411 τ’
1506 2380 1585 2419 ἐμὴν

261 2420 361 2453 Blass
452 2431 488 2461 17
507 2421 666 2460 ἠθέλησεν
681 2422 712 2452 Α
801 2432 843 2461 23
867 2422 1056 2463 ὁμολογεῖτε
1074 2422 1099 2454 S
1197 2433 1238 2461 24
1259 2426 1384 2464 πρῶτον
1398 2422 1453 2454 A:
1475 2425 1583 2463 πρώτη

261 2470 341 2496 cett.
433 2475 474 2506 25
499 2466 644 2507 δεύτερον
657 2465 681 2497 S
692 2465 723 2496 A
739 2476 746 2497 τ
765 2466 897 2508 δευτέρα
907 2466 933 2497 F
945 2466 975 2505 Q
989 2466 1020 2497 D
1107 2475 1151 2506 29
1171 2466 1461 2505 πολυτελεστάτην
1472 2465 1584 2496 Naber
