1763 2778
109 135 246 192 [1337]
672 133 772 189 [All
784 139 824 176 M
835 132 1195 188 ΟΣΘΕΝΟὙΣ]
1493 132 1598 187 [Lvm

271 239 476 291 ἐγράψατο
495 237 544 278 ἂν
563 236 800 290 παρανόμων
818 236 888 277 τὸν
907 235 1012 276 ταῦτ’
1034 236 1206 282 εἰπόντα,
1228 232 1251 286 ἢ
1271 236 1334 282 οὕ;
1373 237 1406 277 εἷ
1430 238 1502 288 μὲν
1522 237 1596 289 γὰρ

267 306 321 358 μή
345 304 485 358 [φήσει
510 305 560 345 ἂν
577 300 841 357 γράψασθαι],
866 307 948 344 πῶς
975 302 1049 356 χρὴ
1077 303 1277 343 πιστεύειν
1297 303 1397 357 αὐτῷ
1422 305 1595 355 λέγοντι,

270 373 320 415 ὡς
340 372 533 425 φυλάττει
558 371 647 413 τοὺς
671 371 879 423 παράνομα
901 370 1149 423 γράφοντας,·
1190 371 1223 411 εἰ
1256 369 1289 409 δ’
1315 369 1510 422 ἐγράψατ’
1533 369 1595 418 ἄν,

269 444 350 482 πῶς
370 440 414 480 οὐ
434 439 564 480 δεινόν
586 440 698 478 ἐστιν
719 437 852 490 ἑτέρου
870 439 945 488 μὲν
967 437 1200 490 γράψαντος
1225 437 1390 478 κωλύειν
1415 436 1464 477 ἂν
1481 436 1596 479 τέλος

269 507 377 560 ἔχειν
395 505 440 547 τὸ
463 506 674 558 ψήφισμα,
697 506 761 545 ἵνα
785 504 838 556 μὴ
862 503 1007 546 πάντες
1032 508 1145 544 τοῦτο
1170 508 1327 550 ποιῶσι,
1351 504 1413 544 καὶ
1438 504 1596 557 γραφὴν
1616 525 1634 557 5

269 573 538 626 ἀπενεγκόντα
571 571 940 625 παραγραψάμενον
972 575 1112 624 σαφῶς
1144 571 1233 614 τοὺς
1264 572 1406 622 νόμους
1432 572 1597 612 κωλύειν

202 653 246 688 47
267 644 312 680 τὸ
338 643 509 693 πρᾶγμα,
537 639 620 680 νυνὶ
646 642 687 679 δὲ
714 639 832 680 αὐτὸν
857 642 1008 685 τοῦτον,
1029 637 1127 690 μήτε
1157 640 1351 679 πείσαντα
1381 638 1449 679 τὸν
1475 641 1597 689 δῆμον

267 706 370 758 μήτε
387 706 517 748 κοινὸν
537 705 848 757 καταστήσαντα
864 705 910 746 τὸ
926 708 1097 758 πρᾶγμα,
1120 705 1350 758 γράφεσθαι
1367 709 1446 746 τῶν
1465 706 1596 757 νόμων

268 775 370 830 αὐτῷ
392 775 719 826 ἀπαγορευόντων
743 772 823 824 (καὶ
847 775 955 814 δεινὰ
985 772 1108 826 φήσει
1141 773 1278 814 αὐτίκα
1307 773 1353 823 δὴ
1382 772 1490 824 μάλα
1520 772 1590 814 πά-

269 858 397 895 σχειν,
426 843 458 882 εἶ
483 841 534 892 μὴ
561 840 668 881 ταῦτ’
695 839 856 890 ἐξέσται
878 844 1007 881 ποιεῖν
1030 840 1147 895 αὐτῷ,
1175 840 1237 880 καὶ
1262 839 1427 891 διέξεισι
1450 842 1521 883 τὰς
1553 841 1595 881 ἐκ
1619 859 1657 882 ιο

268 913 345 950 τῶν
371 909 504 960 νόμων
530 909 679 959 ζημίας,
708 908 768 950 αἷς
793 908 935 962 ἔνοχος
967 906 1035 948 ἐὰν
1061 909 1143 962 ἁλῷ
1176 905 1404 960 γενήσεται)
1438 912 1517 948 τῶν
1554 910 1596 949 δὲ

268 977 397 1026 νόμων
420 975 472 1027 μὴ
503 976 742 1029 φροντίζειν,
774 974 866 1015 ἀλλ’
890 974 1027 1026 ἀξιοῦν
1049 975 1152 1029 αὑτῷ
1182 975 1420 1025 τηλικαύτην
1446 976 1596 1027 δωρεὰν

268 1044 452 1084 δεδόσθαι
477 1041 565 1096 παρ’
591 1044 710 1093 ὑμῶν,
738 1043 839 1092 ὅσην
861 1041 942 1082 οὐδ’
967 1043 1128 1092 αἰτῆσαι
1151 1043 1391 1093 τετόλμηκεν
1416 1042 1560 1089 abbeie,-

203 1122 247 1163 48
327 1110 422 1151 ’Ότι
445 1112 518 1161 μὲν
537 1110 605 1151 οὖν
624 1110 712 1162 περὶ
738 1112 806 1160 τῆς
827 1106 1030 1159 ἐνδείξεως
1048 1109 1161 1149 οὐδὲν
1182 1109 1262 1160 ἕξει
1285 1110 1436 1150 δίκαιον
1458 1109 1595 1162 λέγειν

268 1178 355 1218 οὔτε
395 1177 613 1229 Θεοκρίνης
650 1177 738 1218 οὔτε
778 1181 858 1217 τῶν
892 1177 990 1228 ὑπὲρ
1032 1176 1172 1217 τούτου
1209 1177 1412 1229 λεγόντων
1451 1176 1591 1223 οὐδείς,
1617 1199 1653 1231 15

269 1244 416 1298 σχεδὸν
442 1243 587 1285 εἰδέναι
616 1243 766 1286 πάντας
797 1245 896 1295 ὑμᾶς
925 1244 1081 1294 νομίζω.
1143 1242 1252 1294 οἶμαι
1280 1243 1312 1284 δ’
1338 1243 1478 1287 αὐτοὺς
1508 1246 1589 1285 ἐπι-

268 1310 471 1365 χειρήσειν
495 1311 642 1364 λέγειν,
671 1311 722 1354 ὡς
747 1310 827 1352 οὐδ’
852 1311 954 1352 εἰσὶν
975 1310 1160 1362 ἐνδείξεις
1185 1312 1334 1352 τούτων
1357 1312 1447 1352 ὅσοι
1472 1310 1524 1362 μὴ
1549 1312 1593 1352 ἐν

269 1380 480 1431 ἀκροπόλει
514 1378 829 1431 ἐγγεγραμμένοι
864 1378 981 1425 εἰσίν,
1015 1377 1096 1418 οὐδ’
1129 1379 1218 1420 ἐστὶ
1251 1379 1403 1419 δίκαιον
1434 1379 1594 1421 τούτους

268 1446 569 1497 ὑπολαμβάνειν
599 1447 780 1498 ὀφείλειν
809 1446 864 1486 ὧν
887 1445 1014 1487 οὐδεὶς
1039 1445 1239 1497 παρέδωκε
1263 1450 1347 1488 τοῖς
1372 1445 1594 1498 πράκτορσι

203 1524 248 1558 49
268 1512 315 1553 τὰ
334 1514 518 1564 ὀνόματα,
541 1513 677 1565 ὥσπερ
695 1514 794 1564 ὑμᾶς
811 1511 1086 1565 ἀγνοήσοντας
1105 1512 1174 1554 τὸν
1192 1513 1325 1564 νόμον,
1347 1511 1391 1555 ὃς
1408 1513 1591 1565 ὀφείλειν
1615 1531 1654 1554 20

269 1580 419 1621 κελεύει
452 1579 518 1621 ἀπ’
554 1580 706 1631 ἐκείνης
738 1582 808 1631 τῆς
831 1579 991 1632 ἡμέρας,
1019 1579 1090 1632 ἀφ’
1113 1579 1160 1630 ἧς
1185 1579 1232 1620 ἂν
1258 1582 1367 1636 ὄφλῃ
1386 1575 1411 1631 ἢ
1430 1584 1592 1636 παραβῇ

107 1651 244 1706 [1338]
267 1646 334 1687 τὸν
354 1648 476 1698 νόμον
498 1643 522 1698 ἢ
540 1646 583 1688 τὸ
600 1646 810 1700 ψήφισμα,
836 1643 860 1698 ἢ
877 1647 922 1687 οὐ
942 1650 1043 1687 πᾶσι
1063 1649 1184 1697 δῆλον
1201 1643 1283 1698 (ὃν)
1300 1648 1362 1688 ὅτι
1374 1651 1593 1700 πολλαχῶς

244 1706 247 1709 Δ
269 1715 329 1754 καὶ
354 1715 564 1767 ὀφείλουσι
590 1719 642 1770 τῷ
662 1716 839 1769 δημοσίῳ
860 1715 921 1755 καὶ
948 1714 1166 1755 ἐκτίνουσιν
1185 1715 1221 1754 οἱ
1246 1713 1489 1764 βουλόμενοι
1511 1717 1594 1755 τοῖς

268 1782 400 1832 νόμοις
424 1781 643 1828 πείθεσθαι,
675 1782 736 1822 καὶ
760 1785 874 1822 τοῦτο
900 1780 945 1831 ἐξ
967 1780 1085 1822 αὐτοῦ
1107 1784 1176 1822 τοῦ
1200 1781 1321 1833 νόμου
1343 1783 1479 1832 δῆλον.
1531 1780 1596 1821 καί

267 1865 332 1899 μοι
357 1848 478 1889 πάλιν
502 1851 609 1900 λαβὲ
633 1848 702 1889 τὸν
727 1849 847 1899 νόμον
872 1851 1021 1888 τοῦτον.
1614 1864 1654 1898 25

311 1967 330 1987 2
352 1959 394 1997 μὴ
412 1957 507 1988 Blass
525 1969 531 1988 :
554 1960 597 1998 μὴ
616 1959 711 1999 φήσει
727 1959 766 1990 ἂν
782 1958 961 1999 γράψασθαι
977 1957 1031 1989 A:
1055 1958 1152 1998 φήσει
1171 1958 1265 1998 (φησὶ
1289 1957 1329 1995 S)
1348 1958 1391 1998 μὴ
1414 1956 1593 1999 γράφεσθαι

268 2006 345 2032 cett.
427 2011 446 2039 3
464 2003 503 2033 τὰ
517 2002 679 2042 παράνομα
691 2001 722 2032 Α
803 2012 866 2040 3-4
885 2002 948 2033 εἶδ’
962 2025 969 2032 .
983 2026 990 2033 .
1005 2026 1011 2031 .
1025 2002 1206 2042 γράψαντος
1217 2012 1282 2032 om.
1296 2000 1321 2032 S
1402 2011 1422 2039 3
1441 2000 1593 2042 ἐγράψατ’

268 2055 333 2083 mg.
354 2044 433 2076 edit.
453 2044 555 2075 Paris.
570 2056 577 2076 :
601 2045 749 2086 γράψαιτ’
767 2046 862 2076 codd.
973 2056 993 2083 4
1018 2045 1153 2077 κωλύειν
1165 2046 1204 2076 ἂν
1215 2044 1246 2074 Α
1257 2045 1282 2075 F
1298 2044 1327 2083 Q
1343 2055 1350 2075 z
1374 2045 1507 2077 κωλύειν
1523 2044 1547 2076 S
1563 2044 1594 2074 D

267 2089 288 2117 6
310 2086 395 2130 (καὶ)
419 2089 706 2129 παραγραψάμενον
732 2089 773 2129 Α,
806 2089 940 2128 Madvig
965 2089 1020 2128 qui
1053 2099 1131 2119 mox
1155 2089 1288 2120 κωλύειν
1310 2089 1349 2120 τὸ
1372 2091 1504 2129 πρᾶγμα
1527 2089 1591 2120 del.

268 2132 288 2161 8
309 2132 383 2170 μήτ’
400 2133 443 2164 εἰς
460 2133 564 2164 κοινὸν
584 2132 607 2162 S
622 2133 650 2162 D
664 2132 693 2170 Q
706 2146 758 2173 γρ.
834 2133 1087 2170 καταστήσαντα
1103 2133 1140 2164 τὸ
1151 2135 1282 2173 πρᾶγμα
1295 2131 1319 2162 S
1333 2143 1340 2162 ε
1363 2133 1402 2164 τὸ
1417 2135 1546 2172 πρᾶγμα
1563 2145 1592 2163 κ.

268 2179 344 2205 cett.
390 2175 568 2215 γράψασθαι
579 2175 604 2205 F
617 2175 648 2214 Q
741 2187 780 2207 10
803 2178 887 2217 αὐτῷ
899 2179 997 2208 ποιεῖν
1010 2176 1034 2207 S
1049 2187 1056 2206 τ
1081 2178 1182 2207 ποιεῖν
1193 2178 1277 2216 αὐτῷ
1291 2180 1368 2206 cett.
1420 2185 1432 2205 1
1443 2186 1454 2206 1
1484 2174 1592 2215 ζημίας

269 2217 293 2248 S
310 2217 337 2247 D
349 2231 397 2258 γρ.
417 2229 424 2248 ;
455 2220 602 2260 τιμωρίας
620 2224 698 2250 cett.
859 2229 896 2257 13
921 2219 1067 2251 δεδόσθαι
1085 2219 1109 2250 S
1125 2220 1154 2249 D
1169 2218 1198 2258 Q
1217 2229 1299 2250 corr.
1316 2230 1323 2249 :
1355 2219 1495 2252 δίδοσθαι
1512 2224 1590 2249 cett.

272 2271 308 2299 14
333 2263 451 2294 δίκαιον
467 2261 578 2301 λέγειν
597 2262 620 2293 S
637 2262 665 2292 D
682 2273 690 2293 ε
714 2262 823 2303 λέγειν
840 2266 865 2294 δ.
886 2267 963 2294 cett.
1104 2273 1141 2301 17
1167 2264 1246 2295 εἰσὶν
1263 2262 1288 2294 S
1300 2263 1369 2303 (me
1383 2262 1484 2302 teste)
1502 2262 1590 2301 FQ:

268 2305 359 2336 ἔστιν
374 2304 405 2334 Α
418 2305 442 2335 F
452 2318 501 2346 γρ.
523 2305 553 2344 Q
565 2318 615 2346 γρ.
710 2307 852 2347 ἐνδείξεις
871 2306 895 2336 F
907 2305 938 2344 Q
953 2317 960 2336 ε
984 2309 1112 2346 ενδειξις
1129 2305 1153 2337 S
1168 2317 1175 2336 τ
1201 2307 1328 2346 ἔνδειξις
1344 2305 1375 2336 Α
1387 2305 1412 2336 F
1424 2319 1474 2346 γρ.
1493 2305 1522 2344 Q
1539 2319 1590 2346 γρ.

270 2348 308 2377 18
333 2349 586 2389 ἐγγεγραμμένοι
611 2348 650 2379 F¹
669 2360 675 2379 :
702 2351 826 2389 ἐπιγεγ.
849 2349 874 2379 F
897 2360 984 2381 corr.
1011 2349 1040 2387 Q
1056 2350 1104 2380 D:
1130 2349 1354 2390 ε’πιγραμμένοι
1379 2349 1425 2380 S:
1448 2362 1590 2390 γεγραμ-

265 2391 352 2430 μένοι
364 2390 394 2420 Α
487 2402 525 2430 ¹9
541 2392 698 2433 παρέδωκε
711 2392 734 2422 S
748 2392 778 2421 A
793 2404 800 2422 ε
823 2392 970 2431 παραδέδ.
983 2394 1071 2430 vulg.
1225 2403 1263 2423 21
1283 2392 1405 2424 κελεύει
1420 2392 1472 2424 ἀπ’
1486 2394 1532 2424 ἐκ.
1545 2394 1591 2423 S:

267 2435 321 2465 ἀπ’
338 2437 383 2466 ἐκ.
401 2442 471 2466 κελ.
491 2435 579 2473 vulg.
713 2446 750 2466 21
779 2437 833 2467 ἐαν
850 2436 873 2465 S
979 2447 1019 2466 22
1044 2439 1141 2474 δῆλον
1157 2435 1225 2477 (ὃν)
1242 2436 1378 2467 Bekker
1491 2446 1531 2474 24
1555 2437 1592 2468 ὃν

265 2482 343 2517 post
359 2480 457 2516 δῆλον
472 2479 547 2508 add.
565 2477 596 2507 A
729 2489 768 2518 25
794 2479 890 2511 πάλιν
907 2479 959 2510 hic
977 2480 1000 2510 S
1017 2480 1046 2510 D
1063 2491 1070 2510 z
1094 2484 1170 2520 post
1185 2482 1303 2512 τοῦτον
1315 2480 1404 2519 vulg.
