1763 2778
907 408 1008 446 LIII

286 513 447 563 ΠΡΟΣ
483 513 919 562 ΝΙΚΟΣΤΡΑΤΟΝ
959 517 1101 558 ΠΕΡΙ
1140 516 1571 559 ΑΝΔΡΑΠΟΔΩΝ

524 580 904 629 ΑΠΟΓΡΑΦΗΣ
941 580 1333 627 ΑΡΕΘΟΤΣΙΟΤ

812 671 1029 701 ΎΠΟΘΕΣῙΣ.

320 733 605 783 Ἀπολλόδωρος
633 736 868 786 γραψάμενος
899 734 1184 784 ψευδοκλητείας
1212 731 1455 783 Ἀρεθούσιον
1484 733 1590 773 εἶλεν.

267 789 485 837 ὀφείλοντος
504 788 542 827 δὲ
561 791 626 827 τοῦ
646 788 886 837 Ἀρεθουσίου
905 789 1089 827 τάλαντον
1108 792 1154 839 τῇ
1176 789 1286 827 πόλει
1313 790 1371 826 καὶ
1395 788 1594 826 ἀποδοῦναι

265 843 317 892 μὴ
338 843 553 892 δυνηθέντος
574 844 631 881 καὶ
653 843 711 880 διὰ
730 842 826 881 τοῦτ’
847 845 896 883 εἷς
914 845 960 881 τὰ
985 842 1132 892 δημόσι’
1152 843 1464 894 ἀπο-γραφομένης
1483 845 1594 881 αὐτοῦ

264 899 329 946 τῆς
349 899 486 944 οὐσίας,
507 899 717 949 ἀπογράφει
738 899 757 935 ὃ
777 897 1063 946 Ἀπολλόδωρος
1083 898 1225 937 οἰκέτας
1240 899 1286 937 ὡς
1301 898 1407 937 ὄντας
1421 896 1592 946 Ἀρεθου-

265 952 361 998 σίου,
380 951 418 1003 <ὂ
438 952 476 991 δὲ
498 950 771 1003 Νικόστρατος)
793 955 1043 1001 μεταποιεῖται
1060 953 1106 992 ὡς
1126 951 1222 990 ἰδίων
1239 952 1297 989 καὶ
1314 953 1434 1002 ἐκεινῳ
1450 969 1593 1001 προση-
1613 971 1630 1002 5

267 1007 402 1045 κόντων
427 1007 542 1045 οὐδέν.
601 1008 678 1045 ἐπεὶ
705 1006 743 1044 δὲ
769 1008 812 1044 τὸ
839 1009 993 1058 πρᾶγμα
1013 1006 1214 1058 μοχθηρόν,
1238 1006 1297 1044 δια
1315 1005 1414 1044 τοῦθ’
1434 1008 1453 1044 ὅ
1473 1006 1594 1055 ῥήτωρ

102 1059 245 1114 [1246]
266 1061 443 1113 διηγεῖται
471 1062 613 1111 πηλικα
642 1061 824 1099 πεπονθεν
852 1061 1138 1110 Ἀπολλόδωρος
1165 1061 1224 1098 υπ’
1253 1060 1551 1109 Ἀρεθουσιου,”
1537 1078 1594 1098 ινα

266 1115 358 1167 δοκῇ
375 1116 426 1165 μὴ
446 1118 561 1166 φύσει
580 1116 740 1165 πονηρὸς
760 1115 808 1153 ὢν
827 1133 942 1154 ταυτα
965 1133 1149 1165 πραττειν,
1173 1115 1259 1153 ἀλλ’
1279 1115 1506 1166 ἀμυνόμενος
1530 1116 1594 1154 τὸν

265 1170 468 1208 ἀδικοῦντα.

324 1280 420 1322 (Ότι
451 1284 525 1333 μὲν
553 1283 597 1323 οὐ
632 1285 907 1335 συκοφαντῶν,
935 1281 1027 1323 ἀλλ’
1063 1282 1315 1333 ἀδικούμενος
1346 1281 1408 1322 καὶ
1431 1281 1590 1334 ὑβριζό-
1614 1300 1655 1322 10

264 1365 381 1401 μενος
413 1348 489 1390 ὑπὸ
517 1350 664 1390 τούτων
697 1350 758 1390 καὶ
789 1351 968 1401 οἰόμενος
1002 1353 1083 1390 δεῖν
1116 1351 1371 1401 τιμωρεῖσθαι
1395 1349 1467 1400 τὴν
1496 1350 1593 1390 ἀπο·

265 1415 425 1469 γραφὴν
467 1416 726 1467 ἐποιησάμην,
770 1416 962 1469 μέγιστον
1009 1418 1100 1468 ὑμῖν
1141 1418 1244 1457 ἔστω
1291 1415 1513 1468 τεκμήριον,
1562 1415 1592 1457 ὦ

265 1482 402 1535 ἄνδρες
443 1485 636 1530 δικασταί,
676 1484 723 1523 τό
760 1500 802 1524 τε
837 1483 1004 1536 μέγεθος
1040 1486 1108 1535 τῆς
1145 1485 1393 1537 ἀπογραφῆς,
1433 1484 1496 1524 καὶ
1529 1484 1591 1525 ὅτι

266 1549 379 1592 αὐτὸς
406 1551 483 1603 ἐγὼ
508 1550 737 1603 ἀπέγραψα.
798 1543 854 1591 οὐ
879 1553 953 1603 γὰρ
980 1550 1104 1601 δήπου
1131 1554 1398 1604 συκοφαντεῖν
1422 1568 1468 1604 γε
1491 1555 1589 1602 βου-

265 1618 431 1669 λόμενος
451 1618 668 1670 ἀπέγραψα
691 1619 763 1669 μὲν
787 1617 836 1658 ἂν
862 1618 973 1659 πένθ’
999 1618 1217 1669 ἡμιμναίων
1241 1616 1331 1668 ἄξια
1350 1618 1588 1670 ἀνδράποδα,
1614 1637 1650 1669 15

266 1684 315 1725 ὡς
350 1684 465 1727 αὐτὸς
498 1685 518 1724 ὁ
543 1686 814 1737 ἀμφισβητῶν
848 1687 1049 1736 τετίμηται
1074 1685 1185 1732 αὐτά,
1218 1686 1461 1726 ἐκινδύνευον
1486 1685 1518 1726 δ’
1543 1685 1591 1726 ἂν

265 1753 357 1804 περί
389 1769 431 1792 τε
467 1753 610 1806 χιλίων
644 1754 831 1805 δραχμῶν
868 1753 930 1793 καὶ
966 1756 1035 1792 τοῦ
1068 1752 1264 1804 μηδέποτε
1298 1752 1447 1804 μηδένα
1482 1752 1591 1795 αὖθις

224 1837 244 1862 2
265 1820 360 1871 ὑπὲρ
397 1820 564 1870 ἐμαυτοῦ
599 1818 849 1872 γράψασθαι·
888 1819 968 1859 οὐδ’
1006 1820 1052 1860 αὖ
1088 1822 1210 1861 οὕτως
1246 1819 1391 1873 ἄπορος
1427 1818 1475 1869 ἦν
1511 1818 1590 1859 οὐδ’

264 1885 410 1939 ἄφιλος
433 1886 538 1927 ὥστε
563 1885 631 1926 οὐκ
656 1885 704 1926 ἂν
734 1885 906 1939 ἐξευρεῖν
936 1886 1005 1927 τὸν
1035 1886 1338 1940 ἀπογράψοντα·
1374 1887 1480 1927 ἀλλὰ
1512 1890 1591 1927 τῶν

265 1953 308 1993 ἐν
343 1953 562 2006 ἀνθρώποις
599 1952 784 1994 ἁπάντων
821 1953 1075 2006 ἡγησάμενος
1111 1955 1334 1995 δεινότατον
1371 1954 1471 1995 εἶναι
1507 1955 1588 1994 ἀὸι-
1611 1973 1652 1998 20

307 2061 464 2093 T1TULUS
482 2074 489 2093 :
528 2064 596 2104 περὶ
632 2064 834 2104 ἀνδραπόδων
873 2064 1061 2106 ἀπογραφῆς
1099 2064 1298 2106 Ἀρεθουσίου
1335 2062 1359 2094 S
1375 2074 1383 2096 :
1421 2064 1488 2105 περὶ
1527 2066 1592 2096 τῶν

263 2106 461 2147 Ἀρεθουσίου
479 2107 681 2147 ἀνδραπόδων
698 2107 790 2146 vulg.
809 2107 976 2147 Harpocr.
994 2117 1020 2139 s.
1034 2118 1061 2139 v.
1081 2108 1250 2150 ἀπογραφή

315 2169 326 2189 1
354 2163 606 2201 ψευδοκλητείας
624 2161 649 2192 F
666 2171 752 2192 corr.
775 2172 781 2192 ε
806 2163 1038 2201 ψευδοκλητίας
1057 2162 1093 2193 F¹
1111 2162 1140 2192 D
1152 2162 1176 2193 S
1359 2172 1378 2192 2
1403 2161 1590 2203 ὀφείλοντος

263 2203 358 2234 codd.
375 2214 383 2235 ι
399 2204 558 2245 ὀφλόντος
571 2205 670 2235 Blass
760 2205 793 2236 δὲ
813 2205 998 2236 Schaeser:
1020 2207 1082 2246 ’γὰρ
1092 2206 1189 2237 codd.
1307 2216 1327 2244 4
1351 2205 1382 2246 ὁ]
1400 2207 1450 2238 καὶ
1463 2209 1479 2237 ὅ
1491 2205 1589 2236 Blass

263 2249 303 2279 ὡς
322 2246 351 2277 D
368 2256 454 2279 corr.
471 2259 478 2278 :
504 2250 543 2281 ὡς
560 2250 614 2280 οὐκ
631 2248 720 2287 vulg.
854 2258 872 2287 5
898 2251 915 2280 ὁ
932 2248 965 2280 δὲ
984 2248 1207 2291 Νικόστρατος
1222 2248 1341 2280 Wolf:
1363 2250 1413 2281 καὶ
1433 2249 1456 2279 S
1473 2260 1480 2279 :
1506 2249 1588 2279 nihil

262 2300 400 2330 prorsus
416 2296 494 2323 cett.
585 2295 831 2331 μεταποιοῦνται
849 2291 875 2322 F
895 2292 963 2332 (ουν
980 2292 1012 2322 in
1030 2302 1094 2324 ras.
1115 2293 1137 2322 ii
1155 2293 1235 2333 litt.)
1381 2294 1402 2322 6
1425 2292 1590 2333 μοχθηρόν

264 2336 335 2366 ἐστι
353 2334 377 2365 S
502 2345 540 2365 12
566 2336 635 2375 ὑμῖν
651 2345 717 2367 om.
735 2335 766 2366 A
891 2345 928 2374 14
953 2335 1119 2376 ἀπέγραψα
1137 2335 1160 2366 S
1174 2336 1202 2365 Α
1219 2347 1226 2366 :
1250 2335 1482 2377 ἀπεγραψάμην
1497 2336 1585 2375 vulg.

267 2387 304 2417 15
329 2377 498 2420 ἀπέγραψα
512 2379 572 2418 μὲν
592 2379 732 2417 Reiske,
758 2378 916 2409 Dobree:
943 2378 1171 2419 ἀπέγραψαΑι
1196 2379 1424 2420 ἀπεγραψάμην
1449 2380 1473 2409 S
1497 2379 1586 2417 vulg.

267 2422 305 2451 16
329 2422 688 2462 αὐτὸςὸ]ὀαύτὸςὸ5
828 2432 863 2462 17
889 2422 1294 2464 τοῦΑῑτῷΞΩὈετὸ
1321 2423 1346 2452 F
1489 2422 1528 2452 18
1552 2421 1590 2453 αὖ

263 2474 329 2496 om.
355 2465 387 2495 A
440 2467 545 2506 18-19
568 2466 631 2497 οὐδ’
649 2467 764 2506 ἄφιλος
782 2475 846 2497 om.
868 2465 892 2496 S
