1763 2778
108 152 250 207 [1097]
679 151 732 206 [Δ
745 157 780 193 H
794 149 1199 204 ΜοΣΘΕΝοτΣ]
1491 150 1594 203 [xm

271 256 347 308 γὰρ
376 256 396 295 ὁ
429 253 643 306 νομοθέτης
673 272 719 294 αι
723 271 886 306 αγκαιον
919 253 1011 293 αὐτὸ
1043 254 1231 302 ἐποίησεν
1261 256 1342 294 τοῖς
1371 253 1593 298 ἀντιδίκοις,

103 321 249 376 [1098]
272 322 363 363 ἀλλ’
397 339 445 362 αν
475 322 703 373 βούλωνται
733 324 1017 373 διαμαρτιρεῖι,
1049 319 1206 365 ἔδωκει,
1233 320 1366 370 ὥσπερ
1393 318 1596 371 διάπειραν

272 390 503 440 ποιούμενος
551 392 628 429 τῶν
674 389 830 440 τρόπων
873 387 959 429 ἑιὸς
1007 386 1176 428 ἑκάστου
1221 386 1343 437 ημῶν,
1387 390 1468 428 πῶς
1509 385 1597 427 ποτ’

211 473 253 508 59
273 457 432 510 ἔχοιμεν
461 455 555 508 πρὸς
586 455 629 495 τὸ
655 459 858 507 προπετῶς
891 471 928 494 τι
952 453 1150 506 πράττειν.
1222 454 1280 494 ἔτι
1307 453 1439 494 τοίνυν
1464 454 1528 494 ε’πὶ
1553 452 1598 493 τὸ

271 528 349 563 τῶν
386 522 751 575 διαμαρτυρούντων
785 520 903 574 μέρος
939 521 1027 562 οὔτε
1063 519 1296 573 δικαστήρια
1335 519 1382 571 ἦν
1421 519 1468 561 ἂν
1510 520 1638 573 οὗτε5

272 591 421 642 ἀγῶνες
459 591 677 642 ἐγίγνοντο·
715 589 856 629 κωλύει
892 590 967 641 γὰρ
1003 588 1130 628 πάντα
1165 590 1286 628 ταῦτα
1321 586 1365 627 τὸ
1400 591 1478 628 τῶν
1515 589 1596 627 δια-

271 661 490 710 μαρτυριῶν
513 656 628 709 γένος
654 657 716 696 καὶ
742 656 944 696 ἀποκλείει
969 657 1191 707 εἰσαγωγῆς
1216 655 1365 696 ἕκαστα
1389 657 1457 705 τῆς
1482 655 1537 696 εἷς
1555 653 1600 694 τὸ

273 723 540 777 δικαστήριον,
580 723 675 764 κατά
710 740 756 776 γε
791 723 862 772 τὴν
897 726 965 762 τοῦ
1000 725 1351 775 διαμαρτυροῦντος
1385 722 1598 773 βούλησιν.

272 792 406 843 διόπερ
432 791 539 842 οἶμαι
563 793 645 831 δεῖν
670 790 821 832 κοινοὺς
848 789 1012 842 ἐχθροὺς
1037 789 1126 831 τοὺς
1150 789 1347 830 τοιούτους
1373 789 1600 841 ἀνθρώπους

272 857 573 909 ὑπολαμβάνειν
602 860 725 898 πᾶσιν
756 857 868 903 εἶναι,
905 856 966 896 καὶ
1000 855 1195 907 μηδέποτε
1226 854 1436 909 τυγχάνειν
1462 855 1600 897 αὐτοὺς
1622 877 1661 900 10

274 926 511 978 συγγνώμης
557 923 868 977 ἀγωνιζομένους
914 923 1005 976 παρ’
1052 924 1156 973 ὑμῖν·
1215 923 1480 976 προελόμενος
1525 924 1600 975 γὰρ

273 992 441 1035 ἕκαστος
481 992 609 1032 αὐτῶν
650 991 718 1031 τὸν
761 992 802 1031 ἐκ
842 994 911 1031 τοῦ
949 993 1261 1043 διαμαρτυρῆσαι
1305 991 1495 1037 κίνδυνον,
1533 989 1602 1030 οὐκ

273 1059 537 1111 ἀναγκασθεὶς
565 1058 800 1112 εἰσέρχεται.

209 1134 256 1168 60
333 1125 428 1166 “Ort
456 1128 528 1177 μὲν
562 1126 628 1166 οὖν
656 1126 679 1177 ἡ
718 1127 971 1178 διαμαρτυρία
1000 1124 1150 1178 ψευδής
1184 1126 1308 1172 ἐστιν,
1349 1125 1410 1165 καὶ
1448 1125 1490 1164 ἐκ
1525 1128 1602 1164 τῶν

274 1192 557 1246 γεγραμμένων
589 1194 650 1233 καὶ
683 1194 725 1233 ἐκ
758 1197 836 1233 τῶν
866 1191 1080 1245 εἰρημένων
1104 1193 1236 1245 λόγων
1262 1191 1409 1244 σχεδὸν
1429 1193 1602 1244 ἀκριβῶς
1625 1212 1661 1243 15

273 1259 534 1311 μεμαθήκατε.
605 1261 667 1301 ὅτι
698 1262 741 1301 δὲ
769 1260 830 1300 καὶ
857 1262 894 1301 οἱ
922 1260 1047 1311 νόμοι,
1075 1258 1104 1300 ὦ
1129 1259 1267 1312 ἄνδρες
1292 1259 1486 1306 δικασταί,
1510 1258 1602 1309 ἡμῖν

273 1327 345 1378 τὴν
393 1328 656 1379 κληρονομίαν
702 1327 950 1374 ἀποδιδόασι,
999 1326 1106 1367 τοῦθ’
1152 1328 1252 1377 ὑμᾶς
1297 1328 1362 1366 διὰ
1414 1324 1602 1378 βραχέων

273 1395 473 1445 βούλομαι
502 1392 666 1444 διδάξαι,
692 1394 767 1447 οὐχ
799 1394 851 1436 ὡς
883 1394 928 1434 οὐ
958 1394 1232 1445 μεμαθηκότας
1269 1392 1334 1434 καὶ
1367 1394 1410 1433 ἐν
1443 1396 1525 1435 τοῖς
1561 1394 1603 1433 ἐν

274 1461 379 1518 ἀρχῇ
408 1460 638 1514 εἰρημένοις,
667 1460 759 1501 ἀλλ’
792 1462 856 1501 ἵνα
884 1464 1042 1512 μᾶλλον
1067 1461 1163 1513 πρὸς
1186 1460 1257 1511 τὴν
1282 1460 1428 1500 τούτων
1455 1462 1600 1513 ψευδο-

210 1529 251 1563 61
274 1529 418 1581 λογίαν
441 1530 489 1568 τὰ
515 1530 643 1568 δίκαια
667 1528 949 1580 μνημονεύητε.
1006 1527 1052 1568 τὸ
1079 1530 1152 1579 μὲν
1175 1528 1253 1581 γὰρ
1278 1527 1465 1573 σύνολον,
1493 1528 1603 1569 ὄντες
1624 1550 1664 1572 20

274 1594 479 1652 Ἀρχιάδῃ,
517 1596 561 1635 οὗ
599 1597 708 1635 ἐστιν
745 1596 766 1635 ὁ
801 1598 945 1648 κλῆρος
982 1596 1131 1642 οὑτοσί,
1174 1598 1272 1648 πρὸς
1314 1595 1466 1647 ἀνδρῶν
1507 1594 1604 1634 κατὰ

274 1661 391 1715 γένος
426 1662 639 1715 ἐγγυτάτω,
677 1662 738 1702 καὶ
770 1664 840 1712 τῆς
869 1661 1081 1712 ποιήσεως,
1114 1661 1163 1713 ἣν
1197 1664 1344 1703 ἐκεῖνος
1369 1660 1600 1712 ἐποιήσατο,

273 1733 352 1770 τῶν
387 1731 460 1781 μὲν
495 1729 850 1780 ἐπανεληλυθότων
886 1731 941 1771 εἰς
976 1732 1042 1769 τὸν
1079 1733 1260 1784 πατρῷον
1296 1728 1416 1775 οἶκον,
1458 1732 1530 1769 τοῦ
1569 1726 1602 1768 δ’

275 1795 659 1849 ἐγκαταλειφθέντος
687 1796 850 1838 ἄπαιδος
882 1797 1215 1846 τετελευτηκότος,
1242 1796 1391 1836 τούτων
1416 1794 1449 1835 δ’
1481 1795 1603 1837 οὕτως

209 1869 255 1903 62
275 1864 451 1917 ἐχόντων
477 1862 660 1914 ἀξιοῦμεν
686 1867 956 1916 κληρονομεῖν,
977 1863 1162 1913 οὐδεμίαν
1181 1863 1321 1903 οὐσίαν
1339 1861 1603 1914 Λεωστράτου
1624 1884 1661 1916 25

273 1931 516 1982 ἀφελόμενοι
550 1929 670 1981 (οὗτοι
705 1932 777 1981 μὲν
812 1932 887 1982 γὰρ
922 1931 991 1972 τὰς
1027 1932 1174 1970 ἑαυτῶν
1210 1927 1397 1984 ἔχουσιν),
1434 1931 1503 1980 τῆς
1537 1928 1603 1970 ὑπ’

273 1996 486 2051 Ἀρχιάδου
527 1999 568 2038 δὲ
608 1998 940 2050 καταλειφθείσης
977 1993 1070 2049 [καὶ]
1111 1997 1233 2048 οὔσης
1272 1999 1315 2038 ἐκ
1353 2000 1431 2037 τῶν
1472 1997 1603 2047 νόμων

272 2063 475 2117 ἡμετέρας.
530 2064 550 2104 ὁ
575 2065 650 2117 γὰρ
674 2065 806 2115 νόμος,
832 2063 861 2105 ὦ
886 2064 1022 2117 ἄνδρες
1048 2064 1243 2110 δικασταί,
1271 2063 1422 2105 κελεύει
1447 2067 1603 2116 κρατεῖν

104 2135 254 2190 [1099]
275 2131 364 2173 τοὺς
387 2131 552 2184 ἄρρενας
577 2131 639 2172 καὶ
658 2131 748 2174 τοὺς
768 2132 810 2172 ἐκ
834 2135 912 2172 τῶν
933 2131 1119 2184 ἀρρένων·
1157 2131 1264 2172 οὗτοι
1284 2130 1316 2171 δ’
1335 2131 1446 2182 ἡμεῖς
1467 2132 1602 2182 ἐσμεν.

318 2250 338 2278 4
362 2240 482 2280 ἔχομεν
498 2240 529 2270 Α
619 2242 667 2272 ἐπὶ
687 2240 751 2272 del.
770 2241 890 2280 Cobet,
905 2241 965 2272 sed
983 2240 1025 2272 cf.
1046 2240 1150 2272 Isocr.
1162 2251 1210 2271 xx
1227 2241 1247 2271 8
1353 2250 1392 2270 10
1415 2238 1602 2280 ὑπολαμβά-

275 2296 341 2315 νειν
356 2284 444 2323 vulg.
464 2295 471 2314 :
496 2284 673 2323 λαμβάνειν
691 2284 715 2314 S
813 2287 911 2316 πᾶσιν
928 2284 952 2315 S
969 2296 976 2315 ε
1001 2287 1079 2316 πᾶσι
1095 2287 1163 2317 τοῖς
1181 2284 1366 2327 πράγμασιν
1382 2287 1460 2315 cett.
1562 2292 1598 2313 11

276 2327 470 2367 συγγνώμης
485 2332 598 2358 servat
615 2327 646 2358 A
662 2327 755 2359 solus
918 2338 961 2358 20
984 2327 1045 2367 μὲν
1062 2338 1126 2358 om.
1144 2327 1176 2358 A
1334 2336 1376 2356 22
1399 2326 1473 2368 τῆς]
1492 2328 1527 2358 ἐκ
1542 2329 1601 2364 τῆς

275 2369 484 2403 Schwebsch
556 2370 612 2412 ἢν]
630 2370 667 2410 ἧς
682 2370 715 2402 Α
790 2372 832 2402 26
854 2371 957 2413 οὗτοι]
972 2373 1007 2404 οὐ
1023 2372 1130 2404 τοίνυν
1146 2370 1171 2402 S
1250 2380 1291 2410 27
1315 2370 1365 2402 καὶ
1382 2369 1446 2402 del.
1467 2369 1601 2401 Dobree
