1763 2778
122 846 161 867 10

121 1182 157 1213 15.

118 1516 158 1539 20

118 1852 157 1884 25

182 117 257 172 mv]
592 120 750 159 ΚΑΤΑ
802 120 1105 157 ΚΟΝΩΝΟΣ
1528 119 1668 174 [1265]

179 221 294 274 λίθρν
335 219 498 273 ἄγοντες
540 218 602 260 καὶ
641 217 901 271 ἐξορκοῦντες,
940 218 1002 258 καὶ
1038 217 1261 270 γράφοντες
1296 219 1506 270 μαρτυρίας

181 287 294 328 οὐδὲν
319 287 413 339 πρὸς
439 286 483 327 τὸ
513 290 685 340 πρᾶγμα,
712 285 804 327 ἀλλ’
831 285 877 336 ἐξ
905 286 1062 338 ἑταίρας
1087 285 1188 326 εἶναι
1222 285 1379 325 παιδίον
1403 285 1504 340 αὐτῷ

181 356 244 396 καὶ
278 358 392 395 τοῦτο
428 354 666 396 πεπονθέναι
698 354 745 394 τὰ
781 353 843 393 καὶ
880 352 940 400 τά,
969 353 994 394 ἃ
1020 354 1076 404 ’μέι
1106 351 1196 394 τοὺς
1219 352 1344 399 θεούς,
1371 352 1507 405 ἄνδρες

181 422 374 468 δικασταί,
397 422 523 465 οὐδεὶς
538 422 649 464 ὅστις
676 421 744 462 οὐκ
767 421 931 472 ἐπετίμα
955 423 1032 459 τῶν
1057 420 1262 472 παρόντων
1283 419 1345 460 καὶ
1364 419 1504 470 ἐμίσει,

181 493 440 532 τελευτῶντες
465 491 508 531 δὲ
533 489 594 530 καὶ
620 488 728 529 αὐτοὶ
753 488 860 528 οὗτοι
879 488 1049 529 ἑαυτούς.
1111 486 1244 538 ἐπειδὴ
1269 485 1302 527 δ’
1329 487 1396 527 οὗν
1421 485 1506 527 ποτ’
1528 501 1573 535 27

179 557 350 598 ἀπεῖπον
382 556 447 598 καὶ
477 555 788 607 ἐνεπλήσθησαν
820 559 940 596 ταῦτα
973 545 1508 607 ποιοῦντεςῑπροκαλοῦνται

181 625 244 665 ἐπὶ
271 624 495 677 διακρούσει
521 625 582 664 καὶ
607 628 659 679 τῷ
685 623 736 675 μὴ
763 625 1012 674 σημανθῆναι
1036 621 1124 664 τοὺς
1162 622 1317 675 ἐχίνους
1352 620 1507 662 ἐθέλειν

181 693 359 732 ἐκδοῦναι
396 691 484 744 περὶ
523 694 600 731 τῶν
647 694 812 742 πληγῶν
850 693 1002 737 παῖδας,
1047 691 1220 741 ὀνόματα
1265 688 1505 741 γράψαντες.

181 759 244 799 καὶ
269 762 338 800 νῦν
359 758 469 810 οἶμαι
493 758 581 810 περὶ
616 756 720 798 τοῦτ’
757 757 923 798 ἔσεσθαι
948 757 1037 800 τοὺς
1070 757 1247 798 πολλοὺς
1271 760 1349 796 τῶν
1373 757 1507 808 λόγων

180 825 324 869 αὐτοῖς.
393 826 472 878 ἐγὼ
497 824 529 866 δ’
555 826 662 877 οἶμαι
686 828 767 866 δεῖν
793 824 943 866 πάντας
967 826 1066 875 ὑμᾶς
1086 825 1214 866 ἐκεῖνο
1241 827 1420 868 σκοπεῖν,
1446 823 1507 862 ὅτι

180 894 298 941 οὗτοι,
325 894 360 934 εἶ
384 896 453 934 τοῦ
477 892 664 946 γενέσθαι
689 892 760 943 τὴν
784 892 967 944 βάσανον
993 892 1109 932 ἕνεκα
1123 891 1417 943 προύκαλοῦντο
1445 890 1507 930 καὶ

181 962 390 1001 ἐπίστευον
414 965 466 1014 τῷ
493 962 626 1014 δικαίῳ
652 960 790 1014 τούτῳ,
820 961 887 1000 οὐκ
912 959 961 1000 ἂν
977 959 1050 1011 ἤδη
1075 960 1144 1009 τῆς
1169 958 1317 1008 διαίτης
1332 958 1504 1010 ἀποφαι-

179 1026 357 1079 νομένης,
384 1027 532 1074 νυκτός,
561 1027 741 1078 οὐδεμιᾶς
766 1027 985 1068 ὑπολοίπου
1011 1026 1201 1079 σκήψεως
1226 1026 1359 1075 οὔσης,
1386 1024 1504 1076 πρού-

180 1098 384 1146 καλοῦντο,
411 1095 519 1135 ἀλλὰ
553 1099 709 1147 πρῶτον
733 1096 807 1145 μὲν
837 1093 914 1147 πρὸ
945 1097 1013 1134 τοῦ
1042 1092 1113 1144 τὴν
1147 1094 1257 1143 δίκην
1292 1094 1503 1146 ληχθῆναι,
1526 1098 1570 1132 28

177 1161 278 1213 ἡνίκ’
303 1163 485 1202 ἀσθενῶν
508 1162 587 1214 ε’γὼ
614 1163 857 1212 κατεκείμην,
885 1162 947 1201 καὶ
973 1161 1041 1202 οὐκ
1067 1161 1178 1202 εἰδὼς
1205 1161 1237 1201 εἰ
1274 1158 1506 1212 περιφεύξο-

176 1247 259 1281 μαι,
299 1228 396 1282 πρὸς
434 1228 611 1272 ἅπαντας
646 1229 736 1271 τοὺς
770 1230 968 1271 εἰσιόντας
1007 1231 1147 1268 τοῦτον
1179 1226 1402 1280 ἀπέφαινον
1438 1226 1506 1266 τὸν

179 1300 334 1349 πρῶτον
349 1296 579 1348 πατάξαντα
602 1296 665 1337 καὶ
681 1298 728 1336 τὰ
749 1295 907 1336 πλεῖσθ’
925 1297 979 1336 ὧν
994 1296 1197 1348 ὑβρίσμην
1212 1293 1503 1347 διαπεπραγμέ-

178 1381 260 1410 νον,
286 1363 367 1404 τότ’
391 1363 440 1404 ἂν
466 1363 608 1406 εὐθέως
633 1363 725 1414 ἧκεν
754 1363 859 1417 ἔχων
893 1362 1089 1416 μάρτυρας
1126 1362 1300 1404 πολλοὺς
1337 1361 1402 1402 ἐπὶ
1435 1361 1507 1411 τὴν

179 1431 317 1478 οἰκίαν,
344 1430 424 1471 τότ’
449 1430 498 1472 ἂν
522 1431 611 1473 τοὺς
643 1430 796 1473 οἰκέτας
820 1431 1028 1483 παρεδίδου
1060 1430 1121 1470 καὶ
1158 1434 1236 1470 τῶν
1271 1428 1319 1480 ἐξ
1352 1428 1507 1481 Ἀρείου

178 1497 306 1552 πάγου
329 1499 440 1540 τινας
459 1497 688 1551 παρεκάλει·
724 1499 758 1539 εἰ
782 1499 858 1551 γὰρ
883 1497 1094 1544 ἀπέθανον,
1133 1496 1224 1549 παρ’
1261 1498 1423 1548 ἐκείνοις
1458 1494 1507 1536 ἂν
1528 1495 1670 1550 [1266]

177 1565 226 1617 ἣν
260 1565 284 1617 ἦ
310 1567 410 1617 δίκη.
483 1567 516 1606 εἰ
548 1565 580 1606 δ’
607 1565 665 1619 ἄρ’
692 1565 793 1618 ἠγνό

179 1632 296 1687 ἔχων,
334 1632 387 1676 ὥς
427 1636 496 1674 νῦν
532 1632 668 1685 φήσει,
708 1633 752 1672 οὐ
790 1631 1104 1684 παρεσκευάσατ’
1141 1632 1237 1683 ὑπὲρ
1274 1631 1504 1681 τηλικούτου

795 1582 869 1616 ησε
892 1569 1023 1611 ταῦτα,
1051 1565 1114 1605 καὶ
1138 1568 1252 1604 τοῦτο
1277 1563 1320 1603 τὸ
1357 1564 1506 1603 δίκαιον
1526 1579 1570 1614 29

181 1700 370 1747 κινδύνου,
398 1700 531 1751 ἐπειδή
556 1699 592 1754 γ’
616 1701 842 1751 ἀνεστηκὼς
867 1699 938 1750 ἤδη
975 1697 1338 1751 προσεκαλεσάμην
1374 1697 1502 1743 αὐτόν,

180 1769 224 1809 ἐν
246 1774 294 1826 τῇ
319 1768 454 1824 πρώτῃ
479 1768 632 1823 συνόδῳ
659 1767 756 1820 πρὸς
783 1771 834 1822 τῷ
861 1770 1050 1823 διαιτητῇ
1067 1765 1304 1818 παραδιδοὺς
1330 1763 1504 1817 ἐφαίνετ’

179 1835 239 1876 ἄν·
277 1836 332 1877 ὧν
370 1836 485 1877 οὐδὲν
515 1834 738 1888 πέπρακται
771 1835 908 1890 τούτῳ.
975 1835 1036 1874 ὅτι
1074 1833 1107 1873 δ’
1138 1834 1266 1883 ἀληθῆ
1299 1831 1405 1884 λέγω
1444 1831 1505 1870 καὶ

178 1904 442 1955 διακρούσεως
467 1901 572 1956 ἕνεχ’
597 1903 619 1953 ἡ
646 1903 866 1956 πρόκλησις
891 1899 951 1952 ἣν,
988 1900 1084 1953 λέγε
1120 1901 1265 1950 ταύτην
1298 1898 1370 1949 τὴν
1406 1915 1502 1950 μαρ-

177 1970 325 2022 τυρίαν·
363 1971 477 2012 ἔσται
501 1971 576 2022 γὰρ
602 1971 643 2009 ἐκ
668 1970 810 2019 ταύτης
834 1969 1022 2022 φανερόν.

224 2089 239 2110 1
265 2080 354 2112 λίθον
375 2080 558 2120 Harpocr.‚
583 2080 624 2110 cf.
646 2079 725 2109 Ath.
754 2079 822 2110 Pol.
844 2078 884 2113 lv,
914 2078 997 2109 Plut.
1022 2077 1127 2108 Solon
1151 2080 1165 2115 ξ
1188 2087 1252 2116 25:
1275 2077 1383 2116 βωμὸν
1407 2076 1503 2106 codd.

179 2125 378 2165 ἐξορκοῦντες
390 2124 570 2163 Harpocr.:
590 2122 800 2165 ἐξορκίζοντες
817 2123 930 2161 codd.;
955 2133 1077 2161 susque
1093 2123 1204 2160 deque
1221 2125 1271 2151 est
1285 2130 1294 2159 ;
1318 2120 1356 2151 cs.
1371 2120 1429 2150 xix
1442 2121 1503 2158 278

177 2177 198 2206 3
215 2169 265 2200 καὶ
289 2170 384 2199 τοῦτο
402 2167 594 2198 Robertson
611 2178 618 2198 ε
642 2170 739 2199 τοῦτο
754 2168 803 2199 καὶ
821 2167 916 2198 codd.
931 2177 938 2197 ε
962 2169 1058 2198 τοῦτο
1075 2165 1110 2197 δὲ
1127 2165 1291 2195 Schaeser
1397 2165 1503 2203 ἄνδρες

181 2212 204 2242 S
215 2211 259 2241 A:
276 2211 298 2242 ὦ
311 2212 339 2243 ἄ.
352 2212 440 2251 vulg.
532 2221 551 2250 5
576 2211 663 2243 οὗτοι
674 2222 739 2242 om.
752 2210 792 2251 A,
808 2211 874 2241 del.
889 2210 1028 2241 Voemel
1089 2211 1116 2240 δ’
1127 2209 1197 2249 οὖν]
1211 2210 1291 2249 ’γοῦν
1302 2207 1333 2238 Α
1424 2217 1445 2246 9
1462 2207 1501 2238 οῖ-

178 2268 233 2294 μαι
250 2254 274 2285 S
285 2254 314 2284 D
329 2266 336 2284 Ξ
360 2257 462 2295 οἴομαι
477 2255 564 2295 vulg.
651 2255 756 2296 τοῦτ’]
770 2254 894 2287 τούτων
910 2254 940 2284 Α
1062 2264 1100 2283 10
1119 2253 1203 2293 οἶμαι
1221 2253 1244 2283 S
1263 2262 1270 2282 :
1297 2252 1398 2290 οἴομαι
1411 2250 1500 2288 vulg.

182 2307 221 2328 12
238 2298 314 2339 ἤδη]
329 2299 377 2330 ἔτι
389 2299 413 2329 F
423 2312 475 2340 γρ.
489 2299 519 2337 Q
531 2312 583 2341 γρ.
680 2308 718 2337 13
736 2299 881 2339 σκήψεως
893 2301 990 2336 οὔσης
1004 2298 1178 2329 ὑπολοίπου
1188 2296 1221 2326 A
1322 2305 1359 2333 14
1378 2297 1504 2334 πρῶτον

178 2341 251 2383 μὲν]
269 2345 367 2374 τοῦτο
382 2342 441 2380 μὲν
451 2342 493 2382 Α,
510 2342 630 2380 Blass;
654 2343 715 2373 sed
732 2343 773 2373 cf.
786 2343 845 2372 xix
859 2352 932 2380 227,
945 2341 1000 2371 xvi
1018 2341 1057 2370 18
1169 2342 1329 2381 ληχθῆναι
1351 2337 1396 2367 Α1
1412 2348 1419 2367 :
1444 2340 1501 2368 δει-

178 2389 295 2427 χθῆναι
316 2386 339 2416 S
355 2386 379 2416 F
391 2399 441 2427 γρ.
457 2386 549 2428 Q’yp.
565 2397 573 2416 t
601 2388 755 2427 λεχθῆναι
778 2386 808 2415 A
825 2396 909 2415 corr.
929 2385 954 2415 F
968 2385 998 2423 Q
1128 2394 1170 2415 22
1198 2384 1298 2425 φησίν
1318 2382 1348 2412 Α
1470 2381 1503 2410 Οὒ

179 2429 203 2459 S
215 2429 240 2458 F
253 2429 294 2469 Q,
310 2429 350 2461 cs.
364 2428 578 2469 Andoc.i33‚
591 2429 678 2460 Xen.
691 2429 801 2460 Anab.
820 2428 829 2458 i
847 2439 876 2467 7.
895 2431 933 2459 18
951 2440 957 2459 :
982 2429 1025 2469 μὴ
1042 2426 1073 2457 Λ
1184 2437 1224 2465 23
1242 2424 1504 2467 προεκαλεσάμην

177 2471 209 2502 Α
341 2474 383 2503 26
404 2474 503 2512 αὐτὴν
518 2474 580 2512 τὴν
596 2473 627 2503 D
