1763 2778
461 141 499 177 Π
513 141 701 178 ΡΟΟΙΜ
714 141 730 177 Ι
742 141 788 178 Α.
858 144 1125 180 XXI-XXIII

133 240 176 279 δὲ
199 241 281 280 τοῖς
305 238 495 280 τοιούτοις
522 238 582 278 καὶ
607 237 651 278 τὸ
677 237 798 278 καλὸν
823 242 1029 290 προσεῖναι
1055 241 1123 277 δεῖ.
1184 240 1261 277 τῶν
1285 238 1359 288 μὲν
1382 238 1457 289 γὰρ

134 304 326 357 πράξεων,
354 307 410 347 εἷς
433 305 498 347 οὓς
522 304 571 345 ἂν
596 305 735 356 ἥκωσι,
763 304 888 357 κύριοι
915 306 1184 345 καθίστανται’
1221 306 1290 354 τῆς
1309 303 1342 343 δ’
1361 304 1457 355 ὑπὲρ

133 372 282 413 τούτων
318 370 434 422 δόξης
469 372 596 413 οὐδεὶς
630 372 858 423 τηλικοῦτός
895 371 981 412 ἐσθ’
1013 372 1125 412 ὅστις
1162 372 1276 412 ἔσται
1314 370 1456 422 κύριος,

135 438 227 479 ἀλλ’
256 440 398 480 ὁποίαν
425 439 498 479 τιν’
530 438 578 479 ἂν
611 441 658 479 τὰ
692 438 904 492 πραχθέντ’
934 439 1008 494 ἔχῃ
1041 437 1174 488 δόξαν,
1204 439 1390 488 τοιαύτην
1422 440 1458 479 οἱ

95 522 113 553 5
134 506 278 547 πολλοὶ
311 507 398 558 περὶ
430 509 509 546 τῶν
538 505 771 557 πραξάντων
797 505 1040 558 διήγγειλαν.
1113 504 1170 545 διὸ
1203 507 1264 545 δεῖ
1293 508 1458 545 σκοπεῖν

1479 134 1619 189 [1433]

1478 250 1497 274 2

135 573 198 614 καὶ
223 572 439 626 προσέχειν
463 574 569 615 ὅπως
593 574 722 613 δίκαια
757 576 952 625 φανεῖται.
1023 575 1124 626 χρῆν
1149 574 1219 623 μὲν
1244 573 1313 613 οὖν
1335 573 1459 614 οὕτως
1478 577 1498 611 3

133 639 310 682 ἅπαντας
342 640 452 693 ἔχειν
480 640 552 690 τὴν
582 639 759 680 διάνοιαν
790 639 880 692 περὶ
913 644 993 680 τῶν
1024 638 1288 690 ἀδικουμένων
1324 639 1459 692 ὥσπερ

132 707 193 754 ἄν,
221 709 258 748 εἴ
278 724 315 747 τι
340 706 509 760 γένοιτο,
536 706 556 746 ὃ
581 707 634 758 μὴ
660 707 853 758 συμβαίη,
872 706 960 747 τοὺς
985 706 1132 748 ἄλλους
1157 705 1339 756 ἀξιώσειε
1363 706 1458 759 πρὸς

133 773 250 814 αὑτὸν
275 775 443 816 ἕκαστος
468 774 588 827 ἔχειν.
660 773 793 824 ἐπειδὴ
818 776 861 815 δὲ
891 773 953 813 καὶ
979 772 1084 825 παρὰ
1107 773 1181 823 τὴν
1203 775 1332 813 αὑτῶν
1357 773 1457 825 γνώ-

74 862 113 883 ιο
132 858 208 892 μην
227 842 500 882 ἐναντιοῦνταί
514 858 630 887 τινες,
647 843 765 893 μικρὰ
786 840 881 893 πρὸς
897 840 1057 883 τούτους
1078 841 1210 886 εἰπών,
1232 840 1257 881 ἃ
1272 839 1459 892 βέλτισθ’

613 912 630 920 Λ
655 908 663 921 5
697 908 732 922 'lex

131 909 222 959 ὑμῖν
244 907 532 959 ὑπολαμβάνω,
559 925 652 948 ταυτ
689 922 759 960 ηοη
786 909 1093 961 συμβουλεύσω.

200 1139 262 1180 Οὐ
293 1141 434 1192 μικρὰν
463 1139 511 1181 ἄν
537 1157 606 1192 μοι
638 1139 792 1186 δοκεῖτ’,
832 1138 860 1180 ὦ
897 1139 1034 1191 ἄνδρες
1067 1139 1283 1190 Ἀθηναῖοι,
1324 1140 1461 1191 ζημίαν

133 1207 308 1257 νομίσαι,
340 1209 376 1247 εἴ
406 1224 465 1249 τις
496 1207 617 1257 ἀηδὴς
647 1207 744 1258 δόξα
779 1207 842 1247 καὶ
877 1206 928 1258 μὴ
967 1206 1227 1258 προσήκουσα
1263 1213 1310 1264 τῇ
1345 1208 1461 1248 πόλει

75 1286 112 1318 15
134 1274 239 1326 παρὰ
263 1278 345 1315 τοῖς
369 1278 537 1315 πολλοῖς
562 1274 843 1326 περιγίγνοιτο.
914 1278 1027 1314 τοῦτο
1051 1274 1183 1314 τοίνυν
1207 1275 1306 1314 οὕτω
1333 1278 1461 1316 καλῶς

134 1341 353 1393 ἐγνωκότες
379 1341 449 1381 οὐκ
479 1342 678 1381 ἀκόλουθα
710 1345 860 1382 ποιεῖτε
894 1340 942 1381 τὰ
977 1340 1114 1388 λοιπά,
1146 1341 1238 1381 ἀλλ’
1267 1340 1461 1394 ὑπάγεσθ’

135 1407 327 1449 ἑκάστοτε
344 1407 530 1460 πράττειν
550 1409 646 1455 ἔνια,
665 1409 689 1448 ἃ
704 1408 785 1448 οὐδ’
805 1407 852 1448 ἂν
872 1408 981 1448 αὐτοὶ
1001 1407 1174 1461 φήσαιτε
1193 1412 1323 1450 καλῶς
1340 1408 1460 1461 ἔχειν.

134 1475 212 1527 ἐγὼ
242 1474 274 1514 δ’
304 1475 391 1515 οῖδα
418 1477 490 1526 μὲν
522 1475 626 1515 τοῦθ’
659 1476 720 1515 ὅτι
747 1475 838 1517 τοὺς
866 1476 1125 1517 ἐπαινοῦντας
1156 1475 1265 1526 ἥδιον
1289 1474 1460 1527 προσδέ-

133 1558 273 1595 χονται
298 1541 442 1583 πάντες
466 1546 544 1582 τῶν
568 1543 849 1593 ἐπιτιμώντων·
887 1542 931 1582 οὐ
955 1542 1032 1593 μὴν
1052 1534 1296 1593 οἴομαιδεῖν,
1317 1543 1463 1592 ταύτην

1068 1610 1078 1623 x

74 1622 114 1644 20
133 1607 204 1658 τὴν
233 1610 538 1661 φιλανθρωπίαν
570 1610 732 1655 διώκων,
766 1609 900 1663 λέγειν
938 1609 1027 1661 παρ’
1062 1617 1086 1650 ἀ
1122 1609 1340 1662 συμφέρειν
1372 1610 1462 1660 ὑμῖν

131 1675 312 1728 ἡγοῦμαι.

779 1836 826 1871 Ky

199 1901 283 1952 Τὴν
311 1903 384 1953 μὲν
416 1898 512 1954 [οὖν]
541 1901 668 1954 ἀρχὴν
697 1904 730 1942 εἰ
761 1906 891 1944 καλῶς
924 1902 1200 1955 ἐγιγνώσκετε,
1233 1901 1344 1942 οὐδὲν
1381 1904 1462 1941 δεῖν

136 1974 244 2025 κοινῇ
269 1973 396 2009 ποιεῖν
414 1969 667 2019 ὑποληπτέον
692 1968 739 2019 ἦν
758 1970 812 2009 ὧν
832 1969 909 2023 ἰδίᾳ
932 1969 1153 2021 μέμφεσθε,
1181 1970 1245 2008 ἵνα
1267 1968 1320 2020 μὴ
1347 1967 1460 2008 συνέ-

76 2045 113 2077 25
134 2039 276 2086 βαινεν
294 2036 391 2088 ὅπερ
412 2036 495 2076 νυνὶ
515 2037 706 2088 γίγνεται·
741 2036 901 2087 περιιὼν
920 2038 992 2086 μὲν
1018 2036 1187 2077 ἕκαστος
1207 2038 1218 2053 ‘
1235 2035 1286 2076 ὡς
1311 2036 1461 2088 αἰσχρὰ

136 2102 199 2142 καὶ
217 2101 349 2142 δεινά’
373 2101 486 2155 λέγει
511 2103 573 2142 καὶ
595 2105 604 2120 ‘
619 2102 736 2156 μέχρι
761 2105 829 2142 τοῦ
854 2102 1104 2155 προβήσεται
1128 2104 1178 2142 τὰ
1203 2101 1414 2154 πράγματα
1433 2101 1461 2148 ;’

180 2221 195 2241 Ι
219 2215 286 2244 τοῖς
302 2212 456 2244 τοιούτοις
473 2211 497 2242 S
512 2211 563 2242 rF
577 2211 603 2241 C
619 2222 625 2241 z
650 2215 716 2244 τοῖς
736 2215 849 2244 κοινοῖς
868 2212 896 2250 Q
908 2225 958 2253 γρ.
975 2223 982 2243 :
1006 2212 1161 2244 τοιούτοις
1177 2211 1267 2250 vulg.
1358 2221 1378 2250 4
1402 2209 1462 2242 τιν’

135 2255 173 2287 ἂν
194 2255 284 2286 Uhle
299 2266 306 2286 2
331 2257 368 2288 ἄν
384 2270 456 2287 τινα
473 2256 570 2286 codd.
704 2256 725 2285 6
748 2259 830 2296 χρῆν
848 2256 944 2286 BlaSS
963 2267 970 2286 ε
993 2257 1057 2297 χρὴ
1071 2256 1166 2286 codd.
1185 2266 1192 2294 3
1218 2255 1272 2286 hic
1289 2255 1336 2286 κδ’
1352 2256 1459 2285 adscr.

137 2298 161 2328 S
176 2299 202 2328 F
301 2308 339 2328 12
366 2299 429 2340 KP]
449 2299 495 2330 κε’
517 2299 539 2330 S
552 2299 578 2328 F
698 2308 736 2336 13
762 2300 884 2339 νομίσαι
903 2298 1015 2339 ζημίαν
1034 2300 1063 2329 D
1192 2309 1228 2337 17
1254 2299 1377 2339 φήσετε
1395 2298 1419 2328 S
1437 2297 1463 2327 F

140 2343 178 2371 18
202 2345 310 2380 ηδειον
323 2342 346 2372 S
465 2352 505 2372 22
530 2342 588 2382 κγ]
603 2340 665 2382 κζ’
677 2341 700 2372 S
712 2341 737 2371 F
827 2343 881 2373 οὖν
893 2343 973 2374 secl.
992 2343 1089 2372 BlaSS
1205 2351 1313 2379 23—24
1338 2344 1402 2372 δεῖν
1412 2365 1418 2371 .
1432 2364 1440 2372 .
1451 2364 1459 2372 .

136 2384 176 2422 ἧν
200 2386 358 2425 Sauppe:
384 2386 447 2417 ἔδει
465 2411 472 2417 .
492 2408 500 2416 .
520 2410 527 2417 .
545 2386 624 2418 εἶναι
648 2386 742 2418 codd.
762 2397 769 2416 :
801 2387 863 2418 ἔδει
887 2390 1000 2416 servat
1026 2385 1133 2424 Wolf,
1160 2384 1362 2422 ὑποληπτέον
1385 2385 1463 2416 εἶναι

137 2429 249 2459 deleto
339 2439 379 2468 25
405 2429 483 2471 ἅπερ
500 2439 516 2458 r
587 2431 700 2470 περιὼν
719 2430 753 2469 S,
768 2429 807 2460 cs.
827 2430 884 2459 lvii
901 2440 942 2468 33
957 2440 964 2460 z
988 2431 1056 2470 περὶ
1074 2428 1117 2460 ὧν
1133 2429 1231 2468 vulg„
1250 2438 1333 2458 corr.
1352 2428 1459 2458 Blass.

1482 1609 1619 1664 [1434]
