1763 2778
111 154 248 208 [1270]
394 157 885 195 ΔΗΜΟΣΘΕΝΟΎΣ
936 156 1096 194 ΚΑΤΑ
1147 157 1449 194 ΚοΝΩΝοΣ
1518 152 1594 207 [mv

204 266 251 302 43
271 256 376 295 ἀλλὰ
400 254 584 306 δεήσεται
623 255 761 295 Κόνων
789 254 852 295 καὶ
889 254 1069 306 κλαήσει.
1141 258 1329 296 σκοπεῖτε
1353 254 1400 305 δὴ
1430 256 1594 308 πότερός

271 324 380 362 ἐστιν
404 323 658 374 ἐλεινότερος,
685 323 706 362 ὁ
730 323 937 364 πεπονθὼς
962 321 1011 362 οῖ’
1041 322 1120 374 ἐγὼ
1152 321 1316 362 πέπονθ’
1339 321 1415 362 ὑπὸ
1440 323 1591 369 τούτου,

271 391 304 430 εἰ
328 389 639 442 προσυβρισθεὶς
662 389 798 440 ἄπειμι
826 390 888 430 καὶ
919 389 1027 440 δίκης
1053 388 1106 440 μὴ
1134 389 1278 442 τυχών,
1315 386 1339 439 ἢ
1369 390 1522 436 Κόνων,
1561 391 1595 432 εἷ

269 457 389 497 δώσει
429 457 558 507 ὃίκην,·
596 456 763 508 πότερον
800 455 834 496 δ’
871 458 979 506 ὑμῶν
1000 455 1172 511 ’ἑκάστῳ
1213 456 1408 509 συμφέρει
1448 456 1594 508 ἐξεῖναι

269 523 428 564 τύπτειν
454 524 516 564 καὶ
539 519 758 576 ὑβρίζεινῆ
782 522 855 574 μή;
878 523 956 576 ἐγὼ
980 525 1052 575 μὲν
1076 525 1208 575 οἴομαι
1232 522 1296 575 μή.
1369 523 1518 571 οὐκοῦν,
1545 524 1593 565 ἂν
1613 541 1631 572 5

269 592 341 642 μὲν
367 591 523 643 ἀφιῆτε,
548 590 710 631 ἔσονται
734 591 895 636 πολλοί,
923 591 992 631 ἐὰν
1017 593 1058 632 δὲ
1084 590 1286 641 κολάζητε,
1314 590 1511 634 ἐλάττους.

204 668 249 700 44
336 657 466 697 Πόλλ’
492 657 540 698 ἂν
564 659 688 698 εἰπεῖν
714 657 855 710 ἔχοιμ’,
882 655 912 697 ὦ
936 657 1075 709 ἄνδρες
1099 659 1293 704 δικασταί,
1321 658 1383 698 καὶ
1408 658 1458 701 ὡς
1482 658 1593 709 ἡμεῖς

268 723 471 777 χρήσιμοι,
496 724 563 764 καὶ
588 724 697 765 αὐτοὶ
724 725 786 764 καὶ
811 725 831 763 ὁ
856 723 996 776 πατήρ,
1024 725 1098 766 ἕως
1123 725 1202 775 ἔζη,
1229 725 1291 765 καὶ
1316 730 1593 780 τριηραρχοῦν-

125 787 247 842 [1271]
269 808 331 833 τες
358 791 420 832 καὶ
446 792 751 843 στρατευόμενοι
776 792 839 832 καὶ
864 791 908 831 τὸ
934 793 1279 844 προσταττόμενον
1298 796 1512 839 ποιοῦντες,
1532 794 1593 833 καὶ

269 857 319 899 ὡς
356 858 468 898 οὐδὲν
504 858 585 898 οὔθ’
611 859 723 900 οὗτος
760 859 849 899 οὔτε
872 862 950 898 τῶν
974 859 1112 899 τούτου
1135 858 1275 901 οὐδείς·
1311 858 1404 900 ἀλλ’
1428 860 1517 901 οὔτε
1548 859 1593 900 τὸ
1617 877 1654 898 10

267 926 366 977 ὕδωρ
394 925 527 966 ἱκανὸν
551 926 640 966 οὔτε
663 928 733 966 νῦν
762 926 850 977 περὶ
882 925 1031 966 τούτων
1060 926 1081 965 ὁ
1112 927 1233 978 λόγος
1265 927 1391 966 ἐστίν.
1459 927 1494 967 εἷ
1518 929 1593 980 γὰρ

269 991 314 1042 δὴ
341 992 666 1044 ὁμολογουμένως
692 992 750 1033 ἔτι
774 994 921 1033 τούτων
947 995 1009 1034 καὶ
1035 992 1345 1045 ἀχρηστοτέροις
1375 993 1437 1033 καὶ
1471 1010 1590 1044 πονη-

267 1058 439 1111 ροτέροις
463 1059 556 1110 ἡμῖν
581 1059 682 1101 εἶναι
707 1059 960 1111 συνέβαινεν,
986 1060 1031 1099 οὐ
1051 1059 1269 1111 τυπτητέοι,
1288 1059 1368 1100 οὐδ’
1385 1060 1594 1114 ὑβριστέοι

265 1124 390 1176 δήπου
413 1126 548 1177 ἐσμέν.

333 1193 416 1234 Οὐκ
454 1193 526 1233 οἶδ’
563 1195 585 1234 ὅ
619 1211 655 1235 τι
693 1196 754 1235 δεῖ
787 1196 912 1236 πλείω
940 1194 1088 1247 λέγειν·
1126 1194 1235 1246 οἶμαι
1258 1196 1336 1248 γὰρ
1357 1194 1457 1246 ὑμᾶς
1481 1195 1594 1236 οὐδὲν
1616 1211 1653 1245 15

265 1260 424 1312 ἀγνοεῖν
448 1265 526 1301 τῶν
551 1261 776 1314 εἰρημένων.

307 1378 326 1398 2
352 1370 562 1411 ἐλεεινότερος
579 1371 688 1410 codd.,
708 1381 794 1402 corr.
813 1370 913 1401 Blass
1045 1372 1066 1401 6
1091 1371 1205 1412 ἀφιῆτε
1224 1370 1384 1402 Bekker:
1406 1372 1523 1414 ἀφίητε
1539 1371 1592 1405 A:

263 1413 367 1453 ἀφῆτε
385 1413 408 1444 S
425 1413 449 1443 F
462 1413 492 1452 Q
506 1414 535 1443 D
666 1415 686 1444 8
711 1416 760 1447 καὶ
779 1416 868 1446 αὐτοὶ
883 1416 932 1447 καὶ
946 1413 987 1451 Α,
1001 1415 1043 1446 cf.
1056 1414 1099 1444 lvi
1115 1425 1144 1454 7,
1159 1414 1244 1447 Isae.
1259 1414 1280 1445 ii
1298 1416 1347 1454 18,
1361 1416 1414 1454 36,
1427 1415 1590 1447 Aeschin.

263 1455 285 1485 ii
304 1466 364 1496 129
378 1468 385 1487 z
409 1459 459 1488 καὶ
474 1462 552 1488 cett.
647 1467 686 1488 10
701 1461 764 1490 οὔθ’
779 1458 872 1490 οὗτος
884 1458 915 1488 Α
930 1469 937 1489 :
963 1457 1053 1490 οὗτος
1065 1463 1144 1489 cett.
1240 1468 1277 1498 13
1295 1461 1460 1499 συμβαίνει
1474 1458 1593 1491 εἶναιΑ

268 1509 304 1538 14
331 1501 485 1538 δήπουθεν
501 1500 531 1530 Α
649 1511 687 1540 15
712 1502 804 1533 οὐδὲν
820 1502 851 1532 Α
867 1515 872 1533 :
897 1501 997 1541 μηδὲν
1015 1502 1038 1531 S
1053 1502 1077 1531 F
1090 1501 1120 1540 Q
1136 1501 1165 1531 D
1184 1507 1275 1533 recte
1292 1503 1382 1541 fort„
1399 1503 1461 1534 sed
1478 1502 1516 1532 cs.
1534 1512 1592 1541 xx,

264 1544 378 1580 xxxvi,
391 1544 530 1582 xxxviii,
548 1543 631 1577 Isae.
645 1545 701 1583 vii,
718 1545 774 1575 viii
788 1546 830 1576 ad
845 1545 902 1576 fin.

313 1585 350 1616 In
368 1587 392 1617 S
410 1588 637 1627 subscriptum

777 1648 881 1675 ΚΑΤΑ
908 1647 1105 1677 ΚΟΝΩΝΟΣ

839 1692 980 1720 ΑῙΚΙΑΣ
