1763 2778
184 153 261 209 nv]
588 159 750 196 RATA
800 157 1107 196 ΚοΝΩΝοΣ
1533 156 1676 211 [1260]

187 257 324 298 σιτίων
361 257 659 308 ἀπεκεκλείμην.
732 256 795 297 καὶ
827 256 878 298 ὡς
918 258 990 308 μὲν
1030 256 1050 295 ὁ
1083 255 1215 308 ἰατρὸς
1256 255 1347 308 ἔφη,
1383 255 1416 295 εἰ
1456 254 1508 306 μὴ
1534 272 1573 297 12

187 323 375 377 κάθαρσις
400 325 562 375 αἵματος
586 323 783 374 αὐτομάτη
802 340 868 375 μοι
904 322 1162 373 πάνυπολλὴ
1189 322 1341 373 συνέβη
1368 339 1508 374 περιω-

186 391 287 447 δύνῳ
327 393 411 432 ὄντι
455 391 516 432 καὶ
554 390 808 446 ἀπορουμένῳ
847 391 934 442 ἤδη,
985 389 1055 431 κᾶν
1102 390 1248 441 ἔμπυος
1296 390 1510 443 γενόμενος

187 457 417 512 διεφθάρην·
454 461 523 499 νῦν
548 460 590 499 δὲ
614 458 718 498 τοῦτ’
745 458 900 512 ἔσῳσεν
925 457 969 497 τὸ
994 456 1074 508 αἷμ’
1103 458 1389 510 ἀποχωρῆσαν.
1460 456 1511 498 ὡς

147 539 166 572 5
186 526 255 567 οὖν
279 525 342 567 καὶ
361 524 468 567 ταῦτ’
494 526 623 576 ἇληθῆ
640 524 762 577 λέγω,
790 525 852 564 καὶ
884 524 1214 576 παρηκολούθησέ
1250 541 1316 575 μοι
1352 523 1509 573 τοιαύτη

188 594 307 635 νόσος
333 591 379 644 ἐξ
399 592 446 644 ἧς
469 594 525 635 εἷς
543 592 770 645 τοῦσχατον
785 591 923 642 ἦλθον,
950 591 997 642 ἐξ
1019 593 1072 632 ὧν
1090 591 1166 632 ὑπὸ
1192 591 1341 631 τούτων
1357 592 1512 642 ἔλαβον
1531 587 1662 643 [1261]

187 664 366 713 πληγῶν,
391 659 488 713 λέγε
512 659 585 711 τὴν
609 662 676 700 τοῦ
714 661 847 712 ἰατροῦ
870 660 1085 712 μαρτυρίαν
1112 659 1175 700 καὶ
1202 658 1277 709 τὴν
1309 661 1388 699 τῶν
1426 659 1509 699 ἐπι-

189 728 459 769 σκοπούντων.

756 825 984 852 ΜΑΡΤὙΡΙΑῘ.

127 904 168 927 ιο
245 887 340 929 ”Οτι
381 890 455 940 μὲν
484 889 618 929 τοίνυν
657 888 704 929 οὐ
738 890 899 941 μετρίας
934 887 1044 930 τινὰς
1082 887 1144 928 καὶ
1178 887 1335 941 φαύλας
1371 887 1513 938 λαβὼν
1536 901 1575 937 13

186 955 358 1009 πληγάς,
386 955 478 996 ἀλλ’
505 957 560 998 εἰς
594 958 672 996 πᾶν
699 956 828 996 ἐλθὼν
853 957 917 996 διὰ
940 955 1013 1006 τὴν
1041 956 1159 1007 ὕβριν
1197 954 1260 995 καὶ
1286 954 1357 1004 τὴν
1385 953 1511 995 ἀσέλ-

186 1039 299 1076 γειαν
338 1022 411 1074 τὴν
450 1023 599 1063 τούτων
639 1023 744 1064 πολὺ
781 1025 851 1074 τῆς
893 1023 1174 1075 προσηκούσης
1217 1020 1369 1061 ἐλάττω
1403 1021 1515 1071 δίκην

187 1091 344 1144 εἴληχα,
369 1091 627 1144 πολλαχόθεν
647 1091 790 1142 νομίζω
816 1093 938 1141 δῆλον
963 1091 1053 1141 ὑμῖν
1077 1091 1334 1142 γεγενῆσθαι.
1385 1089 1515 1139 οἴομαι

187 1156 220 1197 δ’
243 1159 354 1209 ὑμῶν
382 1158 507 1199 ἐνίους
533 1157 756 1208 θαυμάζειν,
782 1158 823 1198 τί
846 1156 932 1198 ποτ’
958 1157 1069 1197 ἐστὶν
1095 1157 1119 1197 ἆ
1152 1155 1249 1208 πρὸς
1272 1159 1395 1196 ταῦτα
1419 1161 1511 1195 τολ-

129 1239 166 1271 15
187 1223 308 1276 μήσει
345 1226 484 1266 Κόνων
519 1224 667 1277 λέγειν.
739 1225 942 1276 βούλομαι
977 1224 1022 1274 δὴ
1059 1227 1263 1276 προειπεῖν
1303 1224 1394 1274 ὑμῖν
1433 1223 1516 1275 ἁγὼ

187 1291 392 1344 πέπυσμαι
415 1291 550 1344 λέγειν
576 1291 694 1332 αὐτὸν
718 1291 1054 1344 παρεσκευάσθαι,
1081 1290 1160 1332 ἀπὸ
1183 1293 1251 1341 τῆς
1274 1291 1429 1343 ὕβρεως
1455 1291 1517 1330 καὶ

187 1363 265 1399 τῶν
285 1359 571 1412 πεπραγμένων
596 1359 640 1399 τὸ
665 1357 812 1412 πρᾶγμ’
835 1357 970 1411 ἄγοντ’
989 1360 1043 1400 εἰς
1059 1358 1217 1411 γέλωτα
1232 1359 1293 1399 καὶ
1315 1350 1515 1408 σκώμματ’

190 1427 386 1478 ἐμβαλεῖν
427 1425 700 1478 πειράσεσθαι,
742 1427 804 1467 καὶ
843 1427 946 1479 ἐρεῖν
985 1426 1035 1468 ὡς
1075 1426 1178 1467 εἰσὶν
1217 1427 1260 1466 ἐν
1307 1431 1354 1482 τῇ
1402 1425 1518 1464 πόλει
1542 1438 1582 1471 14

188 1495 347 1540 πολλοί,
392 1497 522 1534 καλῶν
570 1495 752 1546 κάγαθῶν
799 1494 952 1546 ἀνδρῶν
993 1495 1100 1540 υἱεῖς,
1149 1493 1187 1534 οἳ
1223 1493 1427 1542 παίζοντες
1470 1490 1518 1531 οῖ’

129 1575 169 1597 20
188 1559 388 1614 ἄνθρωποι
423 1560 506 1602 νέοι
545 1562 693 1613 σφίσιν
731 1562 862 1603 αὐτοῖς
900 1562 1122 1611 ἐπωνυμίας
1165 1560 1411 1610 πεποίηνται,
1457 1558 1518 1598 καὶ

191 1632 358 1669 καλοῦσι
382 1628 472 1670 τοὺς
495 1630 568 1679 μὲν
594 1628 853 1681 ἰθυφάλλους,
879 1628 968 1669 τοὺς
1002 1627 1035 1668 δ’
1067 1627 1367 1678 αὐτοληκύθους,
1399 1627 1519 1678 ε’ρῶσι

190 1695 224 1736 δ’
248 1696 292 1736 ἐκ
315 1696 466 1736 τούτων
492 1698 656 1748 ἑταιρῶν
681 1695 795 1741 τινές,
825 1696 886 1736 καὶ
916 1695 961 1745 δὴ
990 1695 1052 1735 καὶ
1077 1694 1146 1735 τὸν
1177 1694 1263 1735 υἱὸν
1288 1694 1356 1734 τὸν
1381 1695 1519 1733 ἑαυτοῦ

191 1762 292 1803 εῖναι
316 1762 466 1803 τούτων
490 1763 571 1809 ἕνα,
600 1764 662 1804 καὶ
694 1762 890 1805 πολλάκις
921 1763 1009 1815 περὶ
1043 1761 1197 1813 ἑταίρας
1229 1761 1291 1801 καὶ
1311 1759 1519 1812 εἰληφέναι

193 1831 256 1870 καὶ
288 1828 497 1871 δεδωκέναι
538 1830 707 1882 πληγάς,
750 1830 812 1870 καὶ
859 1829 964 1871 ταῦτ’
1005 1828 1105 1870 εἶναι
1146 1828 1246 1869 νέων
1287 1828 1518 1879 ἀνθρώπων.

133 1910 171 1943 25
191 1897 292 1948 ἡμᾶς
327 1899 370 1938 δὲ
407 1896 555 1939 πάντας
592 1897 681 1940 τοὺς
720 1898 919 1949 ἀδελφοὺς
961 1897 1170 1950 παροίνους
1205 1894 1277 1947 μέν
1313 1912 1421 1936 τινας
1459 1895 1520 1934 καὶ

191 1964 386 2017 ὑβριστὰς
412 1963 713 2011 κατασκευάσει,
732 1966 962 2018 ἀγνώμονας
988 1967 1030 2007 δὲ
1056 1965 1119 2005 καὶ
1145 1962 1317 2015 πικρούς.
1371 1962 1448 2014 ἐγὼ
1473 1961 1519 2007 δ’,
1543 1975 1583 2011 15

240 2084 253 2104 Ι
282 2077 345 2106 τῶν
361 2075 472 2106 σιτίων
485 2074 595 2116 ἇπεκ.]
613 2078 793 2107 πνευστιῶν
809 2076 1000 2115 κατεκείμην
1015 2074 1130 2105 Naber
1219 2074 1454 2113 ἀπεκεκλείμην
1469 2071 1500 2102 Α
1514 2083 1522 2103 t

193 2118 415 2158 ἆπεκλείσμην
427 2118 452 2149 S
468 2130 476 2150 ε
501 2119 760 2159 ἀπεκεκλείσμην
770 2118 795 2149 F
811 2119 841 2158 Q
857 2119 886 2148 D
977 2128 996 2148 2
1021 2118 1102 2150 πάνυ
1118 2119 1229 2156 πολλὴ
1244 2127 1310 2149 om.
1324 2117 1355 2147 A
1422 2130 1520 2157 περιο-

195 2162 276 2202 δύνῳ
293 2161 361 2192 SA
470 2172 490 2201 3
513 2166 544 2195 τ’
560 2167 638 2194 ante
656 2163 724 2194 ὄντι
741 2163 817 2193 add.
836 2163 934 2193 Blass
1022 2161 1243 2204 ἀπορουμένων
1262 2161 1357 2191 Blass
1447 2164 1523 2198 post

195 2205 396 2247 ἀπορουμένῳ
412 2206 490 2237 add.
511 2206 578 2238 ὄντι
596 2205 620 2237 S
637 2206 697 2237 sed
714 2216 787 2236 cum
801 2206 908 2245 signis
920 2205 1055 2237 delendi
1139 2210 1220 2236 ante
1233 2207 1294 2243 ἤδη
1309 2204 1523 2243 distinguunt

194 2249 227 2279 A
238 2249 268 2279 D
335 2260 355 2288 4
372 2252 428 2282 νῦν
440 2249 464 2281 S
479 2261 486 2281 :
511 2251 576 2282 νυνὶ
590 2255 669 2281 cett.
756 2260 775 2290 5
793 2250 886 2289 prius
900 2252 949 2282 καὶ
963 2260 1028 2280 om.
1044 2250 1068 2279 F
1079 2248 1109 2287 Q
1122 2249 1152 2279 D
1231 2259 1248 2288 7
1268 2247 1524 2280 ἐπισκοπούντων

197 2292 262 2322 SA
276 2303 283 2323 ε
323 2293 598 2333 ἐπισκοπουμένων
613 2294 703 2333 vulg.
812 2304 850 2324 10
873 2295 961 2326 τινὰς
976 2303 1041 2324 om.
1059 2293 1102 2332 A,
1118 2293 1218 2323 habet
1233 2291 1394 2323 Aristeid.
1409 2301 1441 2330 p.
1459 2299 1521 2328 374

199 2346 237 2365 12
261 2335 360 2377 πολὺ]
379 2340 491 2378 πολλῷ
504 2336 665 2369 Aristeid.
776 2347 814 2376 13
830 2337 1041 2377 πολλαχόθεν
1056 2347 1121 2367 om.
1140 2336 1163 2366 S
1182 2336 1222 2375 D,
1243 2336 1344 2365 habet
1360 2334 1521 2364 Aristeid.

197 2379 218 2411 l.
234 2389 284 2417 12,
298 2390 365 2411 om.
378 2380 399 2411 l.
413 2390 455 2411 20
539 2391 578 2420 14
594 2381 641 2421 τί]
656 2382 729 2413 τίνα
743 2380 775 2411 Α
863 2382 965 2419 16-17
985 2387 1095 2421 λεγειν
1108 2384 1142 2410 et
1154 2380 1206 2411 καὶ
1218 2383 1284 2411 τῶν
1296 2376 1523 2419 πεπραγμένων

196 2422 276 2454 secl.
292 2423 493 2464 Rosenberg
584 2435 620 2464 17
645 2438 767 2465 αὙοντα
780 2425 804 2456 S
820 2435 828 2455 :
851 2423 1064 2464 ἀπαγαγόντα
1076 2423 1167 2461 vulg.
1260 2425 1297 2452 18
1316 2423 1479 2461 πειρᾶσθαι
1492 2419 1524 2449 Α

198 2475 239 2504 23
263 2468 332 2508 περὶ
349 2467 438 2507 vulg.
455 2478 462 2498 :
486 2469 536 2500 καὶ
548 2469 618 2509 περὶ
634 2468 658 2499 S
756 2477 796 2506 25
821 2481 909 2500 τινας
922 2478 986 2498 om.
1001 2467 1031 2505 Q
1048 2467 1077 2496 D
1167 2467 1208 2496 26
1225 2463 1458 2498 κατασκευάσει
1471 2463 1524 2494 A:

197 2511 452 2552 παρασκευάσειν
469 2511 492 2542 S
508 2523 515 2542 ε
539 2512 795 2544 κατεσκευάκασι
814 2512 903 2550 vulg.
