1763 2778
173 155 250 211 nv]
584 161 746 199 ΚΑΤΑ
798 161 1099 198 ΚΟΝΩΝΟΣ
1521 159 1664 214 [1269]

172 257 275 313 (κατ’
300 258 488 310 ἐξωλείας
512 260 629 299 αὑτοῦ
655 260 716 300 καὶ
740 258 877 312 γένους
903 260 965 299 καὶ
998 257 1151 312 οἰκίας),
1179 260 1503 312 ἀξιοπιστότερος

173 330 241 367 τοῦ
266 328 362 367 κατὰ
386 330 462 367 τῶν
487 328 637 367 παίδων
672 326 881 377 ὀμνύοντος
920 326 982 366 καὶ
1007 329 1081 376 ,διὰ
1118 330 1186 366 τοῦ
1222 328 1353 380 πυρός.
1426 329 1503 379 ἐγὼ

173 395 305 434 τοίνυν
329 394 350 433 ὁ
373 393 615 446 δικαιότερόν
641 411 714 434 σου
732 393 955 436 πιστευθεὶς
971 393 1020 434 ἂν
1038 396 1136 434 κατὰ
1156 393 1283 440 πάντ’,
1302 393 1331 434 ὦ
1349 396 1500 441 Κόνων,

172 459 338 512 ἠθέλησ’
368 460 514 512 ὀμόσαι
543 461 665 506 ταυτί,
707 460 781 515 οὐχ
815 462 911 513 ὑπὲρ
944 465 1013 501 τοῦ
1047 460 1099 511 μὴ
1136 464 1270 501 δοῦναι
1305 463 1414 512 δίκην
1450 463 1504 502 ὧν

135 541 152 572 5
173 527 348 579 ἠδίκηκα,
389 528 452 568 καὶ
487 527 613 568 ὁτιοῦν
647 532 780 574 ποιῶν,
815 528 950 580 ὥσπερ
980 528 1043 573 σύ,
1071 526 1162 568 ἀλλ’
1194 530 1291 581 ὑπὲρ
1315 531 1383 579 τῆς
1409 530 1504 580 ἀλη-

176 595 283 637 θείας
308 594 372 636 καὶ
393 595 492 646 ὑπὲρ
516 597 585 634 τοῦ
601 594 654 646 μὴ
674 597 1035 647 προσυβρισθῆναι,
1056 595 1106 637 ὡς
1125 594 1170 635 οὐ
1196 597 1504 650 κατεπιορκησό-

172 678 291 714 μενος
312 661 360 704 τὸ
383 664 556 714 πρᾶγμα.
627 661 722 715 λέγε
748 661 818 712 τὴν
843 662 1082 714 πρόκλησιν.

716 765 960 794 ΠΡΟΚΛΗΣΙΣ.

238 820 359 862 Ταῦτ’
384 822 462 875 ἐγὼ
489 821 550 861 καὶ
583 820 663 862 τότ’
695 821 862 872 ἠθέλησ’
888 822 1048 873 ὀμόσαι,
1074 822 1139 863 καὶ
1168 826 1237 864 νῦν
1261 824 1390 874 ὀμνύω
1416 824 1506 867 τοὺς
1524 839 1568 875 41

118 908 156 929 10
176 889 287 931 θεοὺς
314 890 375 929 καὶ
400 890 471 931 τὰς
495 887 587 930 θεὰς
612 888 788 930 ἅπαντας
815 890 876 929 καὶ
903 888 1035 931 πάσας
1059 891 1168 941 ὑμῶν
1185 889 1301 938 ἕνεκ’,
1322 889 1350 931 ὦ
1367 891 1504 944 ἄνδρες

176 957 370 1003 δικασταί,
391 955 453 995 καὶ
478 959 558 997 τῶν
581 957 912 1009 περιεστηκότων,
932 955 954 1006 ἦ
973 956 1050 1008 μὴν
1067 957 1204 998 παθὼν
1219 957 1296 998 ὑπὸ
1323 959 1505 1000 Κόνωνος

176 1023 285 1065 ταῦθ’
329 1025 382 1064 ὧν
419 1022 633 1074 δικάζομαι,
679 1023 742 1064 καὶ
779 1024 921 1073 λαβὼν
959 1024 1129 1077 πληγάς,
1173 1025 1236 1065 καὶ
1260 1042 1262 1044 ·
1282 1024 1328 1065 τὸ
1369 1029 1505 1078 χεῖλος
1526 1026 1662 1081 [1270]

176 1089 375 1134 διακοπεὶς
398 1091 521 1132 οὕτως
543 1090 649 1130 ὥστε
674 1090 737 1131 καὶ
759 1091 947 1143 ῥαφῆναι,
976 1092 1039 1132 καὶ
1062 1092 1272 1143 ὑβρισθεὶς
1295 1092 1367 1142 τὴν
1396 1094 1507 1143 δίκην

177 1158 346 1198 διώκειν.
416 1157 478 1198 καὶ
505 1158 630 1208 εἰμὲν
655 1157 814 1210 εὐορκῶ,
841 1157 977 1198 πολλά
1000 1175 1068 1210 μοι
1097 1159 1227 1211 ἀγαθὰ
1264 1159 1418 1211 γένοιτο
1445 1159 1506 1199 καὶ

120 1246 155 1277 ¹5
175 1223 362 1276 μηδέποτ’
386 1223 496 1266 αὖθις
520 1228 671 1265 τοιοῦτο
695 1227 818 1276 μηδὲν
842 1225 1019 1276 πάθοιμι,
1049 1225 1131 1266 εἶδ’
1152 1227 1334 1278 ἐπιορκῶ,
1358 1226 1507 1277 ἐξώλης

177 1293 400 1343 ἀπολοίμην
441 1291 557 1334 αὐτὸς
599 1292 661 1332 καὶ
701 1294 738 1333 εἴ
771 1292 812 1333 τί
832 1309 901 1344 μοι
937 1293 1051 1333 ἔστιν
1091 1289 1114 1343 ἢ
1151 1292 1291 1343 μέλλει
1327 1290 1503 1333 ἔσεσθαι.

178 1358 269 1399 ἀλλ’
295 1353 367 1399 οὐκ
387 1358 568 1411 ἐπιορκῶ,
593 1358 675 1400 οὐδ’
712 1359 761 1400 ἂν
795 1360 934 1400 Κόνων
971 1364 1174 1416 διαρραγῇ.
1245 1360 1340 1411 ἀξιῶ
1375 1360 1508 1400 τοίνυν
1526 1374 1571 1407 42

177 1427 288 1477 ὑμᾶς,
316 1423 345 1465 ὦ
370 1424 508 1478 ἄνδρες
531 1427 729 1473 δικασταί,
760 1426 878 1467 πάνθ’
915 1426 978 1467 ὅσ’
1009 1427 1121 1468 ἐστὶν
1146 1425 1261 1467 δίκαι’
1288 1426 1504 1477 ἐπιδείξαι·-

177 1509 244 1535 τος
281 1494 376 1544 ἐμοῦ
414 1493 477 1534 καὶ
514 1494 652 1534 πίστιν
690 1494 938 1545 προσθέντος
978 1495 1081 1546 ὑμῖν,
1123 1495 1259 1547 ὥσπερ
1305 1493 1354 1534 ἂν
1392 1493 1507 1536 αὐτὸς

121 1581 160 1604 20
180 1560 348 1602 ἕκαστος
371 1560 508 1600 παθὼν
532 1559 602 1601 τὸν
627 1561 854 1611 πεποιηκότ’
880 1563 1022 1613 ἐμίσει,
1050 1562 1171 1602 οὕτως
1187 1562 1284 1613 ὑπὲρ
1301 1563 1394 1612 ἐμοῦ
1412 1560 1506 1613 πρὸς

182 1628 349 1668 Κόνωνα
371 1627 525 1667 τουτονὶ
549 1627 622 1678 τὴν
646 1627 766 1681 ὀργὴν
793 1628 913 1682 ἔχειν,
941 1630 1003 1669 καὶ
1029 1628 1081 1679 μὴ
1110 1629 1281 1679 νομίζειν
1306 1630 1404 1669 ἴδιον
1429 1632 1507 1668 τῶν

179 1694 370 1735 τοιούτων
391 1696 513 1746 μηδὲν
538 1693 559 1734 ὃ
586 1693 657 1736 κᾶν
689 1695 801 1750 ἄλλῳ
836 1695 958 1749 τυχὸν
985 1697 1176 1746 συμβαίη,
1205 1694 1296 1735 ἀλλ’
1327 1694 1391 1747 ἐφ’
1418 1696 1508 1735 ὅτου

181 1759 269 1802 ποτ’
292 1760 341 1801 ἂν
367 1765 517 1818 συμβῇ,
543 1765 708 1813 βοηθεῖν
735 1764 797 1803 καὶ
823 1765 870 1802 τῖι
886 1762 1002 1803 δίκαι’
1024 1763 1265 1809 ἀποδιδόναι,
1288 1764 1349 1802 καὶ
1374 1766 1507 1813 μισεῖν

181 1827 270 1870 τοὺς
285 1830 360 1882 πρὸ
375 1831 447 1879 μὲν
461 1833 540 1869 τῶν
556 1829 844 1881 ἁμαρτημάτων
857 1833 1018 1882 θρασεῖς
1032 1831 1095 1869 καὶ
1112 1834 1330 1881 προπετεῖς,
1341 1831 1382 1870 ἐν
1399 1831 1438 1869 δὲ
1455 1831 1506 1883 τῷ

123 1912 161 1943 25
181 1897 292 1945 δίκην
310 1895 473 1948 ὑπέχειν
489 1896 778 1950 ἀναισχύντους
795 1897 856 1936 καὶ
876 1897 1070 1949 πονηροὺς
1085 1897 1148 1937 καὶ
1172 1895 1269 1948 μήτε
1288 1896 1402 1946 δόξης
1419 1894 1507 1946 μήτ’

182 1961 296 2004 ἔθους
309 1960 398 2014 μήτ’
408 1962 535 2004 ἄλλου
546 1964 713 2015 μηδενὸς
728 1965 1010 2016 φροντίζοντας
1019 1963 1114 2015 πρὸς
1123 1963 1367 2015 τδμὴδοῦναι
1384 1965 1507 2013 δίκην.

229 2081 244 2101 1
269 2070 342 2103 κατ’
359 2095 366 2103 .
385 2096 393 2104 .
411 2094 419 2103 .
438 2072 537 2105 οἰκίας
554 2083 597 2103 ex
615 2073 762 2104 Maximo
778 2073 853 2105 add.
875 2073 971 2104 Blass
984 2073 1056 2104 coll.
1075 2072 1217 2112 Antiph.
1236 2084 1255 2103 v
1276 2082 1311 2103 11
1434 2081 1452 2101 2
1478 2071 1508 2102 ὀ-

183 2113 318 2155 μνύντος
333 2113 365 2144 Α
515 2126 536 2155 3
559 2117 598 2148 ἂν
616 2127 680 2148 om.
699 2116 731 2146 A
877 2126 896 2155 5
921 2118 971 2148 καὶ
988 2127 1054 2147 om.
1074 2117 1106 2147 A
1256 2117 1277 2146 6
1303 2128 1507 2155 κατεπιορκη-

184 2157 357 2198 θησόμενος
375 2158 510 2190 Dobree
654 2171 675 2199 9
699 2159 827 2201 ὀμόσαι]
847 2163 1048 2201 ὁμολογῆσαι
1066 2160 1091 2190 S
1238 2170 1276 2190 10
1299 2161 1348 2191 καὶ
1366 2160 1422 2191 τὰς
1440 2160 1509 2189 θεὰς

185 2212 251 2232 om.
270 2202 300 2231 A
316 2212 324 2240 ;
347 2203 408 2233 sed
425 2203 465 2233 cf.
484 2203 555 2233 xliii
572 2205 624 2243 66,
643 2204 703 2234 Ar.
722 2204 784 2234 Av.
804 2205 868 2234 866
1033 2214 1070 2242 14
1098 2204 1199 2244 ἀγαθὰ
1215 2203 1342 2244 ’γένοιτο
1361 2203 1384 2232 S
1400 2202 1466 2240 FQ
1480 2201 1509 2230 D

185 2244 227 2276 cf.
250 2244 404 2277 Prooem.
425 2247 532 2277 xxxiii
551 2258 592 2278 2:
615 2247 732 2288 γένοιτ’
751 2249 852 2287 ἀγαθὰ
868 2246 909 2282 Α,
929 2246 1092 2278 Aristeid.
1112 2258 1143 2286 p.
1166 2257 1226 2285 377
1245 2247 1333 2285 vulg.
1350 2257 1357 2276 τ
1381 2246 1509 2286 γένοιτο

187 2289 237 2319 καὶ
249 2288 352 2328 ἀγαθὰ
361 2289 542 2320 Aristeidis
555 2291 628 2321 cod.
641 2291 715 2321 Par.
729 2301 822 2329 1741.
861 2296 1001 2330 propter
1014 2291 1139 2320 hiatum
1156 2291 1278 2329 κάγαθὰ
1291 2290 1416 2329 ’γένοιτο
1433 2290 1504 2318 sort.

185 2334 397 2365 scribendum
413 2334 500 2365 sicut
525 2334 605 2364 xxiv
627 2343 696 2372 151,
715 2334 842 2364 Andocr
861 2335 870 2364 i
888 2335 939 2372 98,
961 2333 1118 2363 Aeschin.
1138 2333 1160 2362 ii
1178 2333 1228 2370 87,
1251 2333 1275 2363 1.
1292 2331 1350 2362 G.‘-'
1368 2342 1396 2370 5.
1416 2335 1503 2371 4963

187 2378 246 2408 sed
271 2378 312 2408 cs.
331 2378 364 2408 lv
380 2388 430 2417 24,
450 2377 506 2408 lvii
533 2387 584 2416 57,
606 2377 665 2407 Ar.
686 2377 774 2408 Eccl.
799 2379 887 2416 1067,
919 2378 1008 2407 Men.
1034 2376 1141 2416 Epitr.
1170 2386 1238 2415 141,
1261 2376 1286 2406 1.
1303 2375 1361 2406 G.'-'
1384 2386 1414 2414 5.
1440 2377 1505 2414 546

189 2425 228 2453 16
251 2423 345 2454 αὐτὸς
361 2423 391 2454 Α
407 2435 413 2454 :
437 2423 532 2456 αὐτός
547 2437 583 2455 τε
599 2423 759 2454 Aristeid.
777 2432 784 2452 Ξ
810 2422 904 2453 αὐτός
920 2435 958 2461 ’γε
976 2421 999 2451 S
1013 2420 1039 2451 F
1053 2420 1084 2458 Q
1100 2421 1129 2450 D
1223 2431 1258 2459 17
1285 2424 1452 2459 διαρπαγηι
1470 2417 1508 2447 S¹

185 2466 275 2506 ἆξιῶ]
296 2467 381 2506 ἄξιον
395 2467 427 2497 Α
558 2477 594 2504 24
624 2465 872 2508 ἇμαρτημάτωνῖ
892 2465 1073 2504 αι’τημιίτων
1091 2464 1114 2494 S
1131 2475 1138 2494 :
1163 2464 1354 2503 αἰτιαμίτων
1372 2461 1509 2492 Voemel

253 2532 337 2552 141-44
1387 2519 1423 2546 ¹5
