1763 2778
70 116 200 171 [1176]
658 111 1180 169 [ΔΙΙΜΟΣΘΕΝΟὙΣ]
1455 111 1585 166 [mm

197 240 239 274 33
259 220 422 273 τύρηκεν
447 218 562 262 αὐτὸς
587 218 683 270 πρὸς
707 219 816 269 ὑμᾶς.
876 217 1076 268 βούλομαι
1096 219 1136 257 δὲ
1163 216 1224 257 καὶ
1245 216 1332 268 περὶ
1356 218 1434 256 τῶν
1450 215 1585 256 ἄλλων

260 287 445 329 ἁπάντων
469 288 523 327 ὧν
549 287 682 339 εἴρηκα
696 285 907 337 μαρτυρίας
926 285 1015 336 ὑμῖν
1041 282 1334 337 παρασχέσθαι,
1361 283 1584 335 πρώτιστον

259 357 330 407 μὲν
355 354 400 395 τὸ
425 353 470 405 ἐξ
492 355 617 407 ἀρχῆς
641 354 702 393 ὅτι
733 353 811 405 ἐγὼ
842 352 904 392 καὶ
934 352 1046 393 οὗτος
1070 351 1164 402 ἡμῖν
1197 351 1327 393 αὐτοῖς
1352 349 1584 392 δικάσαντες

260 421 495 473 ἐνειμάμεθα
518 420 563 461 τὸ
588 422 678 461 ἴσον
703 419 884 471 ἑκάτερος
913 422 982 470 τῆς
1007 420 1181 471 φανερᾶς
1210 417 1348 460 οὐσίας
1372 416 1417 468 ἦς
1444 418 1585 468 Κόμων

261 488 484 529 κατέλιπεν.
558 487 622 527 καί
650 505 716 538 μοι
744 489 851 538 λαβὲ
884 486 1026 536 ταύτην
1062 485 1133 536 τὴν
1168 486 1383 537 μαρτυρίαν
1419 488 1584 536 πρῶτον,
1607 501 1624 532 5

261 556 394 598 ἔπειτα
417 556 486 598 τὰς
510 554 637 596 ἄλλας
662 553 820 596 ἁπάσας
845 554 1134 606 ἀναγίγνωσκε.

804 680 1012 707 ΜΑΡΊὝΡΙΑ.

197 782 239 815 34
326 763 441 812 Λαβὲ
466 759 511 810 δή
535 778 602 811 μοι
619 761 680 801 καὶ
705 760 775 810 τὴν
796 760 1031 812 πρόκλησιν,
1048 757 1096 809 ἢν
1112 757 1446 811 προύκαλεσάμην
1473 758 1589 798 αὐτὸν

261 828 348 881 περὶ
371 832 439 868 τοῦ
464 828 648 880 ἀργυρίου
672 827 716 867 οὗ
741 827 892 878 ἔλαβεν
917 825 1021 878 παρὰ
1045 830 1113 867 τοῦ
1133 825 1338 877 ἀνθρώπου
1361 828 1429 865 τοῦ
1454 830 1586 876 βασα-

261 895 478 937 νισθέντος.

803 1008 1046 1038 ΠΡΟΚΛΗΣῙΣ.

327 1091 626 1144 Ἀναγίγνωσκε
656 1091 696 1129 δὲ
735 1089 796 1129 καὶ
825 1088 897 1139 τὴν
928 1087 1064 1140 ἑτέραν
1094 1089 1321 1140 μαρτυρίαν,
1356 1088 1429 1134 ὅτι,
1455 1086 1589 1137 ἐπειδὴ

263 1157 548 1200 ἐπεδικάσαντο
587 1159 623 1198 οἱ
657 1157 847 1197 ἀντίδικοι
883 1156 1005 1207 ἡμῶν,
1047 1154 1202 1196 ἅπαντα
1241 1154 1473 1206 παρέλαβον
1513 1154 1592 1194 ὅσα

117 1229 241 1284 {1177]
262 1225 373 1276 ἡμεῖς
397 1226 567 1278 εἴχομεν,
588 1223 693 1274 πλὴν
712 1227 790 1264 τῶν
810 1222 1028 1277 χρημάτων
1052 1223 1107 1264 ὧν
1132 1222 1241 1275 εἶχεν
1265 1221 1591 1273 Ὀλυμπιόδωρος

263 1291 367 1346 παρὰ
391 1295 459 1332 τοῦ
484 1290 806 1343 βασανισθέντος
831 1290 1050 1343 ἀνθρώπου.

826 1427 1034 1454 ΜΑΡΤΎΡῙΑ.

199 1519 241 1554 35
323 1506 402 1549 Ὃν
430 1510 502 1559 μὲν
531 1508 690 1560 τρόπον,
718 1505 747 1547 ὦ
777 1506 913 1559 ἄνδρες
947 1506 1139 1553 δικασταί,
1168 1504 1213 1556 ἐξ
1240 1506 1366 1559 ἀρχῆς
1397 1504 1589 1556 διενειμά-

261 1578 363 1626 μεθα
384 1575 456 1625 τὴν
482 1575 671 1626 Κόμωνος
694 1573 835 1614 οὐσίαν
865 1573 937 1624 τὴν
966 1574 1144 1626 φανερὰν
1170 1573 1248 1625 ἐγὼ
1277 1573 1340 1613 καὶ
1373 1571 1590 1623 Ὀλυμπιό-

264 1646 397 1695 δωρος,
434 1643 498 1683 καὶ
523 1642 632 1696 λόγῳ
662 1641 855 1692 ἀκηκόατε
892 1641 953 1682 καὶ
983 1640 1274 1692 μεμαρτύρηται
1308 1640 1411 1688 ὑμῖν,
1446 1640 1509 1680 καὶ
1543 1638 1594 1680 ὡς

265 1710 377 1752 οὗτος
399 1709 444 1750 τὸ
469 1709 655 1761 ἀργύριον
687 1708 837 1759 ἔλαβεν
863 1709 968 1760 παρὰ
994 1711 1063 1748 τοῦ
1096 1707 1302 1759 ἀνθρώπου
1334 1710 1403 1746 τοῦ
1427 1705 1590 1752 οἰκέτου,

266 1777 328 1817 καὶ
359 1777 418 1816 ὅτι
455 1777 492 1817 οἱ
523 1774 848 1826 ἐπιδικασάμενοι
877 1775 1032 1825 ἔλαβον
1064 1775 1144 1815 ὅσα
1173 1774 1286 1825 ἡμεῖς
1320 1775 1492 1826 εἴχομεν,
1521 1773 1593 1814 ἕως

201 1850 244 1892 36
265 1844 401 1884 οὑτοσὶ
424 1842 548 1883 πάλιν
573 1843 758 1893 ἐνίκησεν
781 1843 824 1883 ἐν
854 1845 906 1897 τῷ
933 1842 1183 1896 δικαστηρίῳ.
1255 1841 1279 1882 ἃ
1298 1842 1339 1882 δὲ
1367 1839 1500 1892 λέγων
1524 1839 1593 1880 οὐκ

265 1911 506 1951 ἀποδίδωσίν
529 1926 599 1961 μοι
626 1909 705 1950 οὐδ’
734 1908 865 1950 ἐθέλει
894 1913 972 1949 τῶν
1003 1910 1163 1949 δικαίων
1191 1907 1272 1948 οὐδ’
1297 1908 1426 1948 ὁτιοῦν
1453 1911 1591 1953 ποιεῖν,

265 1977 417 2020 τούτοις
439 1976 513 2028 ἤδη
538 1975 761 2029 προσέχετε
787 1975 855 2017 τὸν
879 1979 983 2022 νοῦν,
1011 1973 1041 2016 ὦ
1069 1976 1208 2028 ἄνδρες
1231 1975 1427 2021 δικασταί,
1453 1975 1516 2015 ἵνα
1541 1973 1593 2025 μὴ

266 2043 402 2085 αὐτίκα
438 2043 743 2094 ἐξαπατήσωσιν
782 2045 880 2094 ὑμᾶς
916 2045 952 2084 οἱ
986 2042 1160 2095 ῥήτορες,
1199 2042 1265 2084 οὓς
1303 2043 1439 2082 οὑτοσὶ
1475 2058 1594 2093 παρε-

267 2111 482 2152 σκεύασται
507 2110 568 2152 ἐπ’
596 2110 677 2162 ἐμέ.
744 2109 856 2163 λέγει
881 2112 953 2162 μὲν
981 2110 1093 2153 οὗτος
1124 2109 1310 2150 οὐδέποτε
1341 2107 1475 2155 ταύτά,
1503 2106 1595 2148 ἀλλ’

266 2179 288 2218 ὅ
311 2195 349 2219 τι
373 2178 421 2219 ἂν
446 2178 544 2235 τύχῃ
571 2179 645 2225 ἀεί,
672 2179 735 2218 καὶ
769 2178 930 2230 περιιὼν
955 2177 1179 2230 προφάσεις
1203 2177 1372 2217 ἀτόπους
1397 2175 1508 2218 τινὰς
1532 2174 1595 2216 καὶ

311 2299 330 2318 2
354 2289 533 2328 πρώτιστον
550 2286 584 2325 S,
603 2287 644 2318 cf.
662 2287 732 2317 xliii
752 2298 791 2326 75
810 2299 817 2318 ι
841 2291 965 2328 πρῶτον
981 2288 1070 2325 vulg.
1177 2288 1197 2317 8
1222 2287 1260 2325 δή
1275 2297 1338 2318 om.
1358 2286 1388 2316 A
1498 2295 1536 2315 12
1561 2284 1595 2316 δὲ

1614 905 1650 927 10

1615 1722 1655 1743 20

269 2332 292 2363 S
304 2332 328 2362 F
344 2332 373 2369 Q
391 2343 398 2362 z
422 2331 508 2379 5⁷7an
523 2331 552 2360 D
642 2342 685 2362 20
708 2333 807 2369 ἔλαβε
824 2333 861 2363 τὺ
879 2331 1027 2373 ἀργύριον
1041 2331 1073 2360 Λ
1164 2341 1200 2360 21
1230 2331 1359 2371 ἔχοιμεν
1376 2329 1401 2359 F
1420 2340 1480 2368 mg.
1497 2330 1527 2367 Q
1544 2342 1595 2369 ’γρ-
1641 2357 1645 2360 .

268 2386 309 2405 22
332 2376 430 2407 πάλιν
448 2380 540 2407 οὑτως
555 2373 587 2404 Α
749 2386 789 2413 24
814 2377 874 2413 ἤδη
891 2385 957 2405 om.
974 2375 1006 2404 A
1162 2384 1203 2413 25
1226 2373 1465 2415 παρεσκεύασεν
1482 2373 1506 2402 F
1520 2372 1550 2410 Q
1567 2372 1596 2401 D

268 2420 311 2449 26
334 2418 382 2451 ἐπ’
400 2417 470 2460 ἐμέ]
487 2432 578 2459 επιμε
595 2417 620 2448 S
709 2418 767 2459 μὲν
783 2418 808 2450 S
823 2429 830 2449 ζ
852 2417 912 2459 μὲν
927 2418 983 2450 οὖν
997 2422 1077 2449 cett.
1213 2427 1253 2457 27
1278 2419 1404 2458 περιιὼν
1420 2426 1484 2447 om.
1505 2415 1531 2447 S
