<?xml version="1.0" encoding="UTF-8"?>
<!DOCTYPE html PUBLIC "-//W3C//DTD XHTML 1.0 Transitional//EN"
    "http://www.w3.org/TR/xhtml1/DTD/xhtml1-transitional.dtd">
<html xmlns="http://www.w3.org/1999/xhtml" xml:lang="en" lang="en">
 <head>
  <title>
</title>
<meta http-equiv="Content-Type" content="text/html;charset=utf-8" />
  <meta name='ocr-system' content='tesseract 3.04.00' />
  <meta name='ocr-capabilities' content='ocr_page ocr_carea ocr_par ocr_line ocrx_word'/>
</head>
<body>
  <div class='ocr_page' id='page_1' title='image "./orationesrecog03demouoft_0373.png"; bbox 0 0 1763 2778; ppageno 0'>
   <div class='ocr_carea' id='block_1_1' title="bbox 114 153 1606 209">
    <p class='ocr_par' dir='ltr' id='par_1_1' title="bbox 114 153 1606 209">
     <span class='ocr_line' id='line_1_1' title="bbox 114 153 1606 209; baseline 0.001 -17"><span class='ocrx_word' id='word_1_1' title='bbox 114 153 190 208; x_wconf 76' lang='lat' dir='ltr'>uu]</span> <span class='ocrx_word' id='word_1_2' title='bbox 629 158 944 197; x_wconf 88' lang='grc' dir='ltr'>ΕΡΩΤΙΚΟΣ</span> <span class='ocrx_word' id='word_1_3' title='bbox 1464 154 1606 209; x_wconf 90' lang='lat'>[1408]</span> 
     </span>
    </p>
   </div>
   <div class='ocr_carea' id='block_1_2' title="bbox 52 254 1611 2387">
    <p class='ocr_par' dir='ltr' id='par_1_2' title="bbox 52 254 1611 2387">
     <span class='ocr_line' id='line_1_2' title="bbox 113 254 1443 308; baseline 0.001 -12"><span class='ocrx_word' id='word_1_4' title='bbox 113 259 247 296; x_wconf 83' lang='grc' dir='ltr'>δαπῶν</span> <span class='ocrx_word' id='word_1_5' title='bbox 284 256 553 308; x_wconf 80' lang='grc' dir='ltr'>συγκείμενον,</span> <span class='ocrx_word' id='word_1_6' title='bbox 591 257 790 308; x_wconf 83' lang='grc' dir='ltr'>μεγίστων</span> <span class='ocrx_word' id='word_1_7' title='bbox 827 255 859 295; x_wconf 79' lang='grc' dir='ltr'>δ’</span> <span class='ocrx_word' id='word_1_8' title='bbox 896 254 1029 296; x_wconf 79' lang='grc' dir='ltr'>ἄθλων</span> <span class='ocrx_word' id='word_1_9' title='bbox 1063 254 1296 306; x_wconf 80' lang='grc' dir='ltr'>ἠξιωμένον·</span> <span class='ocrx_word' id='word_1_10' title='bbox 1347 256 1443 308; x_wconf 87' lang='grc' dir='ltr'>πρὸς</span> 
     </span>
     <span class='ocr_line' id='line_1_3' title="bbox 113 322 1442 375; baseline 0.001 -13"><span class='ocrx_word' id='word_1_11' title='bbox 113 324 190 374; x_wconf 77' lang='grc' dir='ltr'>γὰρ</span> <span class='ocrx_word' id='word_1_12' title='bbox 221 326 302 365; x_wconf 84' lang='grc' dir='ltr'>τοῖς</span> <span class='ocrx_word' id='word_1_13' title='bbox 334 323 551 373; x_wconf 83' lang='grc' dir='ltr'>τιθεμένοις</span> <span class='ocrx_word' id='word_1_14' title='bbox 581 322 626 362; x_wconf 84' lang='grc' dir='ltr'>τὸ</span> <span class='ocrx_word' id='word_1_15' title='bbox 655 324 930 375; x_wconf 78' lang='grc' dir='ltr'>γυμνασθῆναι</span> <span class='ocrx_word' id='word_1_16' title='bbox 959 322 1022 363; x_wconf 85' lang='grc' dir='ltr'>καὶ</span> <span class='ocrx_word' id='word_1_17' title='bbox 1054 325 1272 374; x_wconf 85' lang='grc' dir='ltr'>μελετῆσαι</span> <span class='ocrx_word' id='word_1_18' title='bbox 1296 323 1442 363; x_wconf 74' lang='grc' dir='ltr'>τοιαῦτ’</span> 
     </span>
     <span class='ocr_line' id='line_1_4' title="bbox 114 387 1611 442; baseline 0.002 -13"><span class='ocrx_word' id='word_1_19' title='bbox 114 389 158 429; x_wconf 83' lang='grc' dir='ltr'>οὐ</span> <span class='ocrx_word' id='word_1_20' title='bbox 192 388 330 441; x_wconf 86' lang='grc' dir='ltr'>μικρὸν</span> <span class='ocrx_word' id='word_1_21' title='bbox 365 390 489 430; x_wconf 80' lang='grc' dir='ltr'>ἆθλον</span> <span class='ocrx_word' id='word_1_22' title='bbox 526 388 828 441; x_wconf 88' lang='grc' dir='ltr'>προφανήσεται</span> <span class='ocrx_word' id='word_1_23' title='bbox 869 393 950 432; x_wconf 82' lang='grc' dir='ltr'>τοῖς</span> <span class='ocrx_word' id='word_1_24' title='bbox 993 390 1054 430; x_wconf 84' lang='grc' dir='ltr'>καὶ</span> <span class='ocrx_word' id='word_1_25' title='bbox 1095 390 1260 441; x_wconf 81' lang='grc' dir='ltr'>μετρίως</span> <span class='ocrx_word' id='word_1_26' title='bbox 1302 391 1440 441; x_wconf 77' lang='grc' dir='ltr'>ἀρετῆς</span> <span class='ocrx_word' id='word_1_27' title='bbox 1462 387 1611 442; x_wconf 89' lang='lat'>[1409]</span> 
     </span>
     <span class='ocr_line' id='line_1_5' title="bbox 114 454 1441 508; baseline 0.001 -12"><span class='ocrx_word' id='word_1_28' title='bbox 114 454 349 508; x_wconf 84' lang='grc' dir='ltr'>ἐφιεμένοις.</span> <span class='ocrx_word' id='word_1_29' title='bbox 420 454 628 507; x_wconf 89' lang='grc' dir='ltr'>τεκμήριον</span> <span class='ocrx_word' id='word_1_30' title='bbox 663 458 704 497; x_wconf 82' lang='grc' dir='ltr'>δὲ</span> <span class='ocrx_word' id='word_1_31' title='bbox 732 455 924 508; x_wconf 82' lang='grc' dir='ltr'>μέγιστον</span> <span class='ocrx_word' id='word_1_32' title='bbox 958 455 1004 496; x_wconf 78' lang='grc' dir='ltr'>ἄν</span> <span class='ocrx_word' id='word_1_33' title='bbox 1036 472 1092 497; x_wconf 87' lang='grc' dir='ltr'>τις</span> <span class='ocrx_word' id='word_1_34' title='bbox 1125 455 1336 506; x_wconf 87' lang='grc' dir='ltr'>ποιήσαιτο</span> <span class='ocrx_word' id='word_1_35' title='bbox 1372 456 1441 507; x_wconf 78' lang='grc' dir='ltr'>τὴν</span> 
     </span>
     <span class='ocr_line' id='line_1_6' title="bbox 75 521 1440 579; baseline 0.001 -16"><span class='ocrx_word' id='word_1_36' title='bbox 75 538 92 569; x_wconf 84' lang='grc'>5</span> <span class='ocrx_word' id='word_1_37' title='bbox 112 521 287 575; x_wconf 52' lang='grc' dir='ltr'>(Ομήρου</span> <span class='ocrx_word' id='word_1_38' title='bbox 311 523 488 573; x_wconf 87' lang='grc' dir='ltr'>ποίησιν,</span> <span class='ocrx_word' id='word_1_39' title='bbox 520 521 611 579; x_wconf 69' lang='grc' dir='ltr'>ἐνῇ</span> <span class='ocrx_word' id='word_1_40' title='bbox 636 523 697 563; x_wconf 85' lang='grc' dir='ltr'>καὶ</span> <span class='ocrx_word' id='word_1_41' title='bbox 723 522 813 565; x_wconf 82' lang='grc' dir='ltr'>τοὺς</span> <span class='ocrx_word' id='word_1_42' title='bbox 830 521 1039 573; x_wconf 66' lang='grc' dir='ltr'>Ἵῧλληνας</span> <span class='ocrx_word' id='word_1_43' title='bbox 1070 523 1131 563; x_wconf 88' lang='grc' dir='ltr'>καὶ</span> <span class='ocrx_word' id='word_1_44' title='bbox 1163 523 1252 565; x_wconf 82' lang='grc' dir='ltr'>τοὺς</span> <span class='ocrx_word' id='word_1_45' title='bbox 1280 523 1440 575; x_wconf 82' lang='grc' dir='ltr'>βαρβά-</span> 
     </span>
     <span class='ocr_line' id='line_1_7' title="bbox 111 589 1443 642; baseline 0.002 -13"><span class='ocrx_word' id='word_1_46' title='bbox 111 606 203 642; x_wconf 87' lang='grc' dir='ltr'>ρους</span> <span class='ocrx_word' id='word_1_47' title='bbox 237 591 335 641; x_wconf 81' lang='grc' dir='ltr'>μετὰ</span> <span class='ocrx_word' id='word_1_48' title='bbox 371 589 551 640; x_wconf 85' lang='grc' dir='ltr'>τοιαύτης</span> <span class='ocrx_word' id='word_1_49' title='bbox 592 592 841 641; x_wconf 85' lang='grc' dir='ltr'>παρασκευῆς</span> <span class='ocrx_word' id='word_1_50' title='bbox 884 589 1189 640; x_wconf 85' lang='grc' dir='ltr'>πολεμήσαντας</span> <span class='ocrx_word' id='word_1_51' title='bbox 1230 592 1443 641; x_wconf 88' lang='grc' dir='ltr'>πεποίηκεν</span> 
     </span>
     <span class='ocr_line' id='line_1_8' title="bbox 113 655 1442 707; baseline 0.001 -10"><span class='ocrx_word' id='word_1_52' title='bbox 113 655 318 707; x_wconf 87' lang='grc' dir='ltr'>ἀλλήλοις·</span> <span class='ocrx_word' id='word_1_53' title='bbox 355 655 413 697; x_wconf 82' lang='grc' dir='ltr'>ἔτι</span> <span class='ocrx_word' id='word_1_54' title='bbox 441 658 483 698; x_wconf 79' lang='grc' dir='ltr'>δὲ</span> <span class='ocrx_word' id='word_1_55' title='bbox 513 656 575 697; x_wconf 82' lang='grc' dir='ltr'>καὶ</span> <span class='ocrx_word' id='word_1_56' title='bbox 606 661 673 697; x_wconf 85' lang='grc' dir='ltr'>νῦν</span> <span class='ocrx_word' id='word_1_57' title='bbox 706 661 784 697; x_wconf 87' lang='grc' dir='ltr'>τῶν</span> <span class='ocrx_word' id='word_1_58' title='bbox 820 658 976 697; x_wconf 87' lang='grc' dir='ltr'>πόλεων</span> <span class='ocrx_word' id='word_1_59' title='bbox 1005 661 1083 697; x_wconf 85' lang='grc' dir='ltr'>τῶν</span> <span class='ocrx_word' id='word_1_60' title='bbox 1117 656 1364 707; x_wconf 86' lang='grc' dir='ltr'>Ἑλληνίδων</span> <span class='ocrx_word' id='word_1_61' title='bbox 1398 658 1442 698; x_wconf 82' lang='grc' dir='ltr'>οὐ</span> 
     </span>
     <span class='ocr_line' id='line_1_9' title="bbox 112 722 1442 776; baseline 0 -13"><span class='ocrx_word' id='word_1_62' title='bbox 112 727 198 766; x_wconf 84' lang='grc' dir='ltr'>ταῖς</span> <span class='ocrx_word' id='word_1_63' title='bbox 233 722 544 769; x_wconf 82' lang='grc' dir='ltr'>ταπεινοτάταις,</span> <span class='ocrx_word' id='word_1_64' title='bbox 583 725 689 764; x_wconf 82' lang='grc' dir='ltr'>ἀλλὰ</span> <span class='ocrx_word' id='word_1_65' title='bbox 730 728 814 766; x_wconf 87' lang='grc' dir='ltr'>ταῖς</span> <span class='ocrx_word' id='word_1_66' title='bbox 855 726 1063 776; x_wconf 85' lang='grc' dir='ltr'>μεγίσταις</span> <span class='ocrx_word' id='word_1_67' title='bbox 1106 725 1148 764; x_wconf 89' lang='grc' dir='ltr'>ἐν</span> <span class='ocrx_word' id='word_1_68' title='bbox 1190 728 1272 766; x_wconf 84' lang='grc' dir='ltr'>τοῖς</span> <span class='ocrx_word' id='word_1_69' title='bbox 1314 725 1442 776; x_wconf 85' lang='grc' dir='ltr'>ἀγῶσι</span> 
     </span>
     <span class='ocr_line' id='line_1_10' title="bbox 113 790 1507 844; baseline 0.001 -15"><span class='ocrx_word' id='word_1_70' title='bbox 113 793 288 844; x_wconf 81' lang='grc' dir='ltr'>χρῆσθαι</span> <span class='ocrx_word' id='word_1_71' title='bbox 313 790 482 840; x_wconf 84' lang='grc' dir='ltr'>σύνηθές</span> <span class='ocrx_word' id='word_1_72' title='bbox 508 792 630 831; x_wconf 89' lang='grc' dir='ltr'>ἐστιν.</span> <span class='ocrx_word' id='word_1_73' title='bbox 702 791 821 841; x_wconf 81' lang='grc' dir='ltr'>ἡμὲν</span> <span class='ocrx_word' id='word_1_74' title='bbox 850 791 919 831; x_wconf 71' lang='grc' dir='ltr'>οὖν</span> <span class='ocrx_word' id='word_1_75' title='bbox 951 792 1179 842; x_wconf 88' lang='grc' dir='ltr'>προαίρεσις</span> <span class='ocrx_word' id='word_1_76' title='bbox 1212 792 1309 831; x_wconf 85' lang='grc' dir='ltr'>οὕτω</span> <span class='ocrx_word' id='word_1_77' title='bbox 1342 790 1439 841; x_wconf 77' lang='grc' dir='ltr'>καλὴ</span> <span class='ocrx_word' id='word_1_78' title='bbox 1461 791 1507 827; x_wconf 85' lang='grc'>26</span> 
     </span>
     <span class='ocr_line' id='line_1_11' title="bbox 56 857 1442 910; baseline 0.001 -14"><span class='ocrx_word' id='word_1_79' title='bbox 56 872 94 895; x_wconf 89' lang='lat'>10</span> <span class='ocrx_word' id='word_1_80' title='bbox 115 857 177 897; x_wconf 86' lang='grc' dir='ltr'>καὶ</span> <span class='ocrx_word' id='word_1_81' title='bbox 212 859 317 910; x_wconf 80' lang='grc' dir='ltr'>παρὰ</span> <span class='ocrx_word' id='word_1_82' title='bbox 353 860 475 898; x_wconf 78' lang='grc' dir='ltr'>πᾶσιν</span> <span class='ocrx_word' id='word_1_83' title='bbox 511 858 731 909; x_wconf 85' lang='grc' dir='ltr'>ἀνθρώποις</span> <span class='ocrx_word' id='word_1_84' title='bbox 766 857 1012 909; x_wconf 81' lang='grc' dir='ltr'>ἠγαπημένη·</span> <span class='ocrx_word' id='word_1_85' title='bbox 1056 859 1222 908; x_wconf 75' lang='grc' dir='ltr'>νομίζων</span> <span class='ocrx_word' id='word_1_86' title='bbox 1258 857 1291 897; x_wconf 87' lang='grc' dir='ltr'>δ’</span> <span class='ocrx_word' id='word_1_87' title='bbox 1329 858 1442 898; x_wconf 80' lang='grc' dir='ltr'>οὐδὲν</span> 
     </span>
     <span class='ocr_line' id='line_1_12' title="bbox 113 923 1442 977; baseline 0.001 -12"><span class='ocrx_word' id='word_1_88' title='bbox 113 925 212 965; x_wconf 79' lang='grc' dir='ltr'>εἶναι</span> <span class='ocrx_word' id='word_1_89' title='bbox 247 924 442 977; x_wconf 79' lang='grc' dir='ltr'>προῦργου</span> <span class='ocrx_word' id='word_1_90' title='bbox 477 928 555 964; x_wconf 87' lang='grc' dir='ltr'>τῶν</span> <span class='ocrx_word' id='word_1_91' title='bbox 591 923 913 965; x_wconf 81' lang='grc' dir='ltr'>σπουδαιοτάτων</span> <span class='ocrx_word' id='word_1_92' title='bbox 950 927 1152 975; x_wconf 83' lang='grc' dir='ltr'>ἐπιθυμεῖν</span> <span class='ocrx_word' id='word_1_93' title='bbox 1189 925 1275 966; x_wconf 82' lang='grc' dir='ltr'>οὐδὲ</span> <span class='ocrx_word' id='word_1_94' title='bbox 1313 929 1442 967; x_wconf 88' lang='grc' dir='ltr'>καλῶς</span> 
     </span>
     <span class='ocr_line' id='line_1_13' title="bbox 113 990 1442 1045; baseline 0.002 -13"><span class='ocrx_word' id='word_1_95' title='bbox 113 991 209 1044; x_wconf 86' lang='grc' dir='ltr'>πρὸς</span> <span class='ocrx_word' id='word_1_96' title='bbox 234 990 388 1032; x_wconf 79' lang='grc' dir='ltr'>ἅπαντα</span> <span class='ocrx_word' id='word_1_97' title='bbox 413 991 630 1044; x_wconf 82' lang='grc' dir='ltr'>πεφυκέναι</span> <span class='ocrx_word' id='word_1_98' title='bbox 656 991 699 1032; x_wconf 85' lang='grc' dir='ltr'>τὸ</span> <span class='ocrx_word' id='word_1_99' title='bbox 725 996 841 1043; x_wconf 85' lang='grc' dir='ltr'>σῶμα</span> <span class='ocrx_word' id='word_1_100' title='bbox 872 991 924 1042; x_wconf 83' lang='grc' dir='ltr'>μὴ</span> <span class='ocrx_word' id='word_1_101' title='bbox 959 994 1026 1042; x_wconf 89' lang='grc' dir='ltr'>τῆς</span> <span class='ocrx_word' id='word_1_102' title='bbox 1058 994 1193 1045; x_wconf 78' lang='grc' dir='ltr'>ψυχῆς</span> <span class='ocrx_word' id='word_1_103' title='bbox 1223 993 1442 1044; x_wconf 85' lang='grc' dir='ltr'>φιλοτίμως</span> 
     </span>
     <span class='ocr_line' id='line_1_14' title="bbox 112 1057 1443 1111; baseline 0.001 -12"><span class='ocrx_word' id='word_1_104' title='bbox 112 1057 501 1110; x_wconf 83' lang='grc' dir='ltr'>παρεσκευασμένης,</span> <span class='ocrx_word' id='word_1_105' title='bbox 532 1058 604 1108; x_wconf 78' lang='grc' dir='ltr'>τὴν</span> <span class='ocrx_word' id='word_1_106' title='bbox 639 1061 711 1109; x_wconf 80' lang='grc' dir='ltr'>μὲν</span> <span class='ocrx_word' id='word_1_107' title='bbox 748 1059 989 1111; x_wconf 79' lang='grc' dir='ltr'>φιλοπονίαν</span> <span class='ocrx_word' id='word_1_108' title='bbox 1021 1060 1063 1099; x_wconf 86' lang='grc' dir='ltr'>ἐν</span> <span class='ocrx_word' id='word_1_109' title='bbox 1096 1062 1176 1100; x_wconf 82' lang='grc' dir='ltr'>τοῖς</span> <span class='ocrx_word' id='word_1_110' title='bbox 1209 1060 1443 1110; x_wconf 86' lang='grc' dir='ltr'>γυμνασίοις</span> 
     </span>
     <span class='ocr_line' id='line_1_15' title="bbox 112 1124 1442 1178; baseline 0 -12"><span class='ocrx_word' id='word_1_111' title='bbox 112 1124 254 1167; x_wconf 83' lang='grc' dir='ltr'>εὐθέως</span> <span class='ocrx_word' id='word_1_112' title='bbox 290 1124 583 1176; x_wconf 82' lang='grc' dir='ltr'>ἐπιδειξάμενος</span> <span class='ocrx_word' id='word_1_113' title='bbox 620 1125 698 1165; x_wconf 77' lang='grc' dir='ltr'>οὐδ’</span> <span class='ocrx_word' id='word_1_114' title='bbox 734 1127 776 1166; x_wconf 85' lang='grc' dir='ltr'>ἐν</span> <span class='ocrx_word' id='word_1_115' title='bbox 812 1130 894 1167; x_wconf 81' lang='grc' dir='ltr'>τοῖς</span> <span class='ocrx_word' id='word_1_116' title='bbox 931 1126 1058 1178; x_wconf 83' lang='grc' dir='ltr'>ἔργοις</span> <span class='ocrx_word' id='word_1_117' title='bbox 1096 1126 1270 1178; x_wconf 81' lang='grc' dir='ltr'>ἐψεύσω,</span> <span class='ocrx_word' id='word_1_118' title='bbox 1305 1125 1375 1176; x_wconf 78' lang='grc' dir='ltr'>τὴν</span> <span class='ocrx_word' id='word_1_119' title='bbox 1409 1126 1442 1166; x_wconf 89' lang='grc' dir='ltr'>δ’</span> 
     </span>
     <span class='ocr_line' id='line_1_16' title="bbox 54 1191 1442 1245; baseline 0.001 -13"><span class='ocrx_word' id='word_1_120' title='bbox 54 1211 92 1242; x_wconf 87' lang='lat'>15</span> <span class='ocrx_word' id='word_1_121' title='bbox 112 1191 240 1243; x_wconf 82' lang='grc' dir='ltr'>ἄλλην</span> <span class='ocrx_word' id='word_1_122' title='bbox 273 1191 510 1245; x_wconf 83' lang='grc' dir='ltr'>ἐπιφάνειαν</span> <span class='ocrx_word' id='word_1_123' title='bbox 543 1194 611 1242; x_wconf 89' lang='grc' dir='ltr'>τῆς</span> <span class='ocrx_word' id='word_1_124' title='bbox 645 1196 790 1233; x_wconf 84' lang='grc' dir='ltr'>σαυτοῦ</span> <span class='ocrx_word' id='word_1_125' title='bbox 825 1193 984 1245; x_wconf 89' lang='grc' dir='ltr'>φύσεως</span> <span class='ocrx_word' id='word_1_126' title='bbox 1018 1193 1079 1232; x_wconf 87' lang='grc' dir='ltr'>καὶ</span> <span class='ocrx_word' id='word_1_127' title='bbox 1111 1193 1182 1243; x_wconf 75' lang='grc' dir='ltr'>τὴν</span> <span class='ocrx_word' id='word_1_128' title='bbox 1215 1195 1283 1243; x_wconf 91' lang='grc' dir='ltr'>τῆς</span> <span class='ocrx_word' id='word_1_129' title='bbox 1306 1195 1442 1245; x_wconf 79' lang='grc' dir='ltr'>ψυχῆς</span> 
     </span>
     <span class='ocr_line' id='line_1_17' title="bbox 112 1258 1505 1312; baseline 0.003 -13"><span class='ocrx_word' id='word_1_130' title='bbox 112 1260 295 1312; x_wconf 87' lang='grc' dir='ltr'>ἀνδρείαν</span> <span class='ocrx_word' id='word_1_131' title='bbox 330 1261 371 1300; x_wconf 91' lang='grc' dir='ltr'>ἐν</span> <span class='ocrx_word' id='word_1_132' title='bbox 395 1263 478 1301; x_wconf 86' lang='grc' dir='ltr'>τοῖς</span> <span class='ocrx_word' id='word_1_133' title='bbox 512 1260 642 1312; x_wconf 84' lang='grc' dir='ltr'>ἀγῶσι</span> <span class='ocrx_word' id='word_1_134' title='bbox 674 1259 836 1311; x_wconf 87' lang='grc' dir='ltr'>μάλιστ’</span> <span class='ocrx_word' id='word_1_135' title='bbox 869 1258 1062 1310; x_wconf 82' lang='grc' dir='ltr'>ἐνεδείξω.</span> <span class='ocrx_word' id='word_1_136' title='bbox 1133 1259 1222 1311; x_wconf 81' lang='grc' dir='ltr'>περὶ</span> <span class='ocrx_word' id='word_1_137' title='bbox 1254 1261 1307 1300; x_wconf 78' lang='grc' dir='ltr'>ὧν</span> <span class='ocrx_word' id='word_1_138' title='bbox 1340 1260 1441 1300; x_wconf 83' lang='grc' dir='ltr'>ὀκνῶ</span> <span class='ocrx_word' id='word_1_139' title='bbox 1462 1269 1505 1303; x_wconf 86' lang='grc'>27</span> 
     </span>
     <span class='ocr_line' id='line_1_18' title="bbox 109 1325 1438 1381; baseline 0.002 -15"><span class='ocrx_word' id='word_1_140' title='bbox 109 1328 182 1377; x_wconf 82' lang='grc' dir='ltr'>μὲν</span> <span class='ocrx_word' id='word_1_141' title='bbox 206 1325 401 1378; x_wconf 82' lang='grc' dir='ltr'>ἄρξασθαι</span> <span class='ocrx_word' id='word_1_142' title='bbox 425 1326 572 1378; x_wconf 90' lang='grc' dir='ltr'>λέγειν,</span> <span class='ocrx_word' id='word_1_143' title='bbox 593 1326 645 1378; x_wconf 75' lang='grc' dir='ltr'>μὴ</span> <span class='ocrx_word' id='word_1_144' title='bbox 671 1329 824 1379; x_wconf 83' lang='grc' dir='ltr'>λειφθῶ</span> <span class='ocrx_word' id='word_1_145' title='bbox 850 1330 902 1381; x_wconf 81' lang='grc' dir='ltr'>τῷ</span> <span class='ocrx_word' id='word_1_146' title='bbox 927 1327 1035 1381; x_wconf 82' lang='grc' dir='ltr'>λόγῳ</span> <span class='ocrx_word' id='word_1_147' title='bbox 1061 1329 1138 1367; x_wconf 88' lang='grc' dir='ltr'>τῶν</span> <span class='ocrx_word' id='word_1_148' title='bbox 1163 1327 1251 1367; x_wconf 89' lang='grc' dir='ltr'>τότε</span> <span class='ocrx_word' id='word_1_149' title='bbox 1275 1344 1438 1379; x_wconf 91' lang='grc' dir='ltr'>γεγενη-</span> 
     </span>
     <span class='ocr_line' id='line_1_19' title="bbox 110 1392 1442 1447; baseline 0 -13"><span class='ocrx_word' id='word_1_150' title='bbox 110 1392 251 1444; x_wconf 89' lang='grc' dir='ltr'>μένων,</span> <span class='ocrx_word' id='word_1_151' title='bbox 278 1393 382 1444; x_wconf 82' lang='grc' dir='ltr'>ὅμως</span> <span class='ocrx_word' id='word_1_152' title='bbox 406 1393 439 1434; x_wconf 85' lang='grc' dir='ltr'>δ’</span> <span class='ocrx_word' id='word_1_153' title='bbox 464 1393 508 1434; x_wconf 85' lang='grc' dir='ltr'>οὐ</span> <span class='ocrx_word' id='word_1_154' title='bbox 534 1395 787 1446; x_wconf 77' lang='grc' dir='ltr'>παραλείψω·</span> <span class='ocrx_word' id='word_1_155' title='bbox 826 1393 887 1433; x_wconf 85' lang='grc' dir='ltr'>καὶ</span> <span class='ocrx_word' id='word_1_156' title='bbox 912 1395 987 1446; x_wconf 76' lang='grc' dir='ltr'>γὰρ</span> <span class='ocrx_word' id='word_1_157' title='bbox 1014 1393 1183 1447; x_wconf 81' lang='grc' dir='ltr'>αἰσχρὸν</span> <span class='ocrx_word' id='word_1_158' title='bbox 1203 1394 1226 1434; x_wconf 74' lang='grc' dir='ltr'><strong><em>ἃ</em></strong></span> <span class='ocrx_word' id='word_1_159' title='bbox 1253 1397 1442 1446; x_wconf 78' lang='grc' dir='ltr'>θεωροῦν-</span> 
     </span>
     <span class='ocr_line' id='line_1_20' title="bbox 111 1459 1441 1513; baseline 0.002 -13"><span class='ocrx_word' id='word_1_160' title='bbox 111 1477 180 1502; x_wconf 91' lang='grc' dir='ltr'>τας</span> <span class='ocrx_word' id='word_1_161' title='bbox 204 1460 306 1512; x_wconf 78' lang='grc' dir='ltr'>ἡμᾶς</span> <span class='ocrx_word' id='word_1_162' title='bbox 331 1460 546 1513; x_wconf 82' lang='grc' dir='ltr'>εὐφραίνει,</span> <span class='ocrx_word' id='word_1_163' title='bbox 573 1461 677 1501; x_wconf 79' lang='grc' dir='ltr'>ταῦτ’</span> <span class='ocrx_word' id='word_1_164' title='bbox 704 1462 945 1513; x_wconf 83' lang='grc' dir='ltr'>ἀπαγγεῖλαι</span> <span class='ocrx_word' id='word_1_165' title='bbox 969 1460 1021 1512; x_wconf 77' lang='grc' dir='ltr'>μὴ</span> <span class='ocrx_word' id='word_1_166' title='bbox 1051 1460 1208 1501; x_wconf 86' lang='grc' dir='ltr'>’θέλειν.</span> <span class='ocrx_word' id='word_1_167' title='bbox 1265 1459 1441 1503; x_wconf 78' lang='grc' dir='ltr'>ἅπαντας</span> 
     </span>
     <span class='ocr_line' id='line_1_21' title="bbox 52 1526 1442 1580; baseline 0.001 -12"><span class='ocrx_word' id='word_1_168' title='bbox 52 1546 91 1568; x_wconf 87' lang='lat'>20</span> <span class='ocrx_word' id='word_1_169' title='bbox 110 1529 182 1578; x_wconf 81' lang='grc' dir='ltr'>μὲν</span> <span class='ocrx_word' id='word_1_170' title='bbox 215 1527 281 1567; x_wconf 81' lang='grc' dir='ltr'>οὖν</span> <span class='ocrx_word' id='word_1_171' title='bbox 315 1528 348 1568; x_wconf 86' lang='grc' dir='ltr'>εἰ</span> <span class='ocrx_word' id='word_1_172' title='bbox 378 1526 562 1578; x_wconf 77' lang='grc' dir='ltr'>διεξιοίην</span> <span class='ocrx_word' id='word_1_173' title='bbox 596 1527 686 1570; x_wconf 86' lang='grc' dir='ltr'>τοὺς</span> <span class='ocrx_word' id='word_1_174' title='bbox 718 1528 886 1580; x_wconf 85' lang='grc' dir='ltr'>ἀγῶνας,</span> <span class='ocrx_word' id='word_1_175' title='bbox 918 1529 1015 1569; x_wconf 84' lang='grc' dir='ltr'>ἴσως</span> <span class='ocrx_word' id='word_1_176' title='bbox 1044 1527 1094 1568; x_wconf 73' lang='grc' dir='ltr'>ἂν</span> <span class='ocrx_word' id='word_1_177' title='bbox 1125 1527 1287 1580; x_wconf 80' lang='grc' dir='ltr'>ἄκαιρον</span> <span class='ocrx_word' id='word_1_178' title='bbox 1318 1530 1442 1579; x_wconf 89' lang='grc' dir='ltr'>μῆκος</span> 
     </span>
     <span class='ocr_line' id='line_1_22' title="bbox 110 1593 1439 1649; baseline 0.001 -14"><span class='ocrx_word' id='word_1_179' title='bbox 110 1594 202 1645; x_wconf 85' lang='grc' dir='ltr'>ἡμῖν</span> <span class='ocrx_word' id='word_1_180' title='bbox 238 1593 458 1646; x_wconf 82' lang='grc' dir='ltr'>ἐπιγένοιτο</span> <span class='ocrx_word' id='word_1_181' title='bbox 494 1598 547 1649; x_wconf 82' lang='grc' dir='ltr'>τῷ</span> <span class='ocrx_word' id='word_1_182' title='bbox 582 1595 703 1649; x_wconf 79' lang='grc' dir='ltr'>λόγῳ·</span> <span class='ocrx_word' id='word_1_183' title='bbox 743 1596 829 1636; x_wconf 84' lang='grc' dir='ltr'>ἑνὸς</span> <span class='ocrx_word' id='word_1_184' title='bbox 866 1594 920 1641; x_wconf 86' lang='grc' dir='ltr'>δέ,</span> <span class='ocrx_word' id='word_1_185' title='bbox 952 1596 995 1634; x_wconf 85' lang='grc' dir='ltr'>ἐν</span> <span class='ocrx_word' id='word_1_186' title='bbox 1029 1593 1057 1649; x_wconf 76' lang='grc' dir='ltr'>ᾧ</span> <span class='ocrx_word' id='word_1_187' title='bbox 1087 1594 1189 1635; x_wconf 83' lang='grc' dir='ltr'>πολὺ</span> <span class='ocrx_word' id='word_1_188' title='bbox 1222 1593 1439 1647; x_wconf 86' lang='grc' dir='ltr'>διήνεγκας,</span> 
     </span>
     <span class='ocr_line' id='line_1_23' title="bbox 110 1660 1442 1718; baseline 0 -17"><span class='ocrx_word' id='word_1_189' title='bbox 110 1661 300 1712; x_wconf 88' lang='grc' dir='ltr'>μνησθεὶς</span> <span class='ocrx_word' id='word_1_190' title='bbox 335 1660 458 1702; x_wconf 82' lang='grc' dir='ltr'>ταύτά</span> <span class='ocrx_word' id='word_1_191' title='bbox 486 1678 529 1702; x_wconf 91' lang='grc' dir='ltr'>τε</span> <span class='ocrx_word' id='word_1_192' title='bbox 561 1662 732 1711; x_wconf 85' lang='grc' dir='ltr'>δηλώσω</span> <span class='ocrx_word' id='word_1_193' title='bbox 763 1661 826 1701; x_wconf 89' lang='grc' dir='ltr'>καὶ</span> <span class='ocrx_word' id='word_1_194' title='bbox 850 1667 896 1718; x_wconf 80' lang='grc' dir='ltr'>τῇ</span> <span class='ocrx_word' id='word_1_195' title='bbox 926 1665 1002 1701; x_wconf 85' lang='grc' dir='ltr'>τῶν</span> <span class='ocrx_word' id='word_1_196' title='bbox 1035 1661 1256 1702; x_wconf 79' lang='grc' dir='ltr'>ἀκουόντων</span> <span class='ocrx_word' id='word_1_197' title='bbox 1282 1660 1442 1712; x_wconf 87' lang='grc' dir='ltr'>δυνάμει</span> 
     </span>
     <span class='ocr_line' id='line_1_24' title="bbox 112 1726 1504 1781; baseline 0.001 -13"><span class='ocrx_word' id='word_1_198' title='bbox 112 1728 436 1780; x_wconf 84' lang='grc' dir='ltr'>συμμετρώτερον</span> <span class='ocrx_word' id='word_1_199' title='bbox 483 1726 716 1780; x_wconf 89' lang='grc' dir='ltr'>φανήσομαι</span> <span class='ocrx_word' id='word_1_200' title='bbox 763 1728 977 1781; x_wconf 80' lang='grc' dir='ltr'>χρώμενος.</span> <span class='ocrx_word' id='word_1_201' title='bbox 1048 1733 1125 1768; x_wconf 86' lang='grc' dir='ltr'>τῶν</span> <span class='ocrx_word' id='word_1_202' title='bbox 1173 1730 1246 1781; x_wconf 79' lang='grc' dir='ltr'>γὰρ</span> <span class='ocrx_word' id='word_1_203' title='bbox 1296 1729 1440 1781; x_wconf 79' lang='grc' dir='ltr'>ζευγῶν</span> <span class='ocrx_word' id='word_1_204' title='bbox 1462 1731 1504 1764; x_wconf 82' lang='grc'>28</span> 
     </span>
     <span class='ocr_line' id='line_1_25' title="bbox 110 1793 1439 1847; baseline 0 -13"><span class='ocrx_word' id='word_1_205' title='bbox 110 1793 352 1847; x_wconf 84' lang='grc' dir='ltr'>ἀφεθέντων,</span> <span class='ocrx_word' id='word_1_206' title='bbox 381 1795 444 1835; x_wconf 87' lang='grc' dir='ltr'>καὶ</span> <span class='ocrx_word' id='word_1_207' title='bbox 468 1799 547 1835; x_wconf 81' lang='grc' dir='ltr'>τῶν</span> <span class='ocrx_word' id='word_1_208' title='bbox 570 1797 642 1846; x_wconf 83' lang='grc' dir='ltr'>μὲν</span> <span class='ocrx_word' id='word_1_209' title='bbox 661 1795 1008 1847; x_wconf 80' lang='grc' dir='ltr'>προορμησάντων,</span> <span class='ocrx_word' id='word_1_210' title='bbox 1037 1799 1114 1835; x_wconf 86' lang='grc' dir='ltr'>τῶν</span> <span class='ocrx_word' id='word_1_211' title='bbox 1139 1794 1171 1835; x_wconf 78' lang='grc' dir='ltr'>δ’</span> <span class='ocrx_word' id='word_1_212' title='bbox 1199 1797 1439 1847; x_wconf 80' lang='grc' dir='ltr'>ὑφηνιοχου-</span> 
     </span>
     <span class='ocr_line' id='line_1_26' title="bbox 52 1860 1441 1915; baseline 0 -13"><span class='ocrx_word' id='word_1_213' title='bbox 52 1880 89 1912; x_wconf 79' lang='lat'>²5</span> <span class='ocrx_word' id='word_1_214' title='bbox 109 1860 252 1913; x_wconf 91' lang='grc' dir='ltr'>μένων,</span> <span class='ocrx_word' id='word_1_215' title='bbox 280 1860 516 1915; x_wconf 83' lang='grc' dir='ltr'>ἀμφοτέρων</span> <span class='ocrx_word' id='word_1_216' title='bbox 540 1862 842 1914; x_wconf 89' lang='grc' dir='ltr'>περιγενόμενος</span> <span class='ocrx_word' id='word_1_217' title='bbox 868 1862 918 1903; x_wconf 83' lang='grc' dir='ltr'>ὡς</span> <span class='ocrx_word' id='word_1_218' title='bbox 944 1861 1136 1913; x_wconf 86' lang='grc' dir='ltr'>ἑκατέρων</span> <span class='ocrx_word' id='word_1_219' title='bbox 1156 1864 1343 1914; x_wconf 87' lang='grc' dir='ltr'>προσῆκε,</span> <span class='ocrx_word' id='word_1_220' title='bbox 1371 1861 1441 1911; x_wconf 79' lang='grc' dir='ltr'>τὴν</span> 
     </span>
     <span class='ocr_line' id='line_1_27' title="bbox 110 1927 1442 1983; baseline -0.002 -13"><span class='ocrx_word' id='word_1_221' title='bbox 110 1929 222 1979; x_wconf 91' lang='grc' dir='ltr'>νίκην</span> <span class='ocrx_word' id='word_1_222' title='bbox 246 1928 406 1980; x_wconf 83' lang='grc' dir='ltr'>ἔλαβες,</span> <span class='ocrx_word' id='word_1_223' title='bbox 432 1928 609 1969; x_wconf 85' lang='grc' dir='ltr'>τοιούτου</span> <span class='ocrx_word' id='word_1_224' title='bbox 634 1928 836 1981; x_wconf 86' lang='grc' dir='ltr'>στεφάνου</span> <span class='ocrx_word' id='word_1_225' title='bbox 861 1929 991 1981; x_wconf 80' lang='grc' dir='ltr'>τυχὼν</span> <span class='ocrx_word' id='word_1_226' title='bbox 1011 1929 1076 1981; x_wconf 86' lang='grc' dir='ltr'>ἐφ’</span> <span class='ocrx_word' id='word_1_227' title='bbox 1095 1927 1137 1983; x_wconf 61' lang='grc' dir='ltr'>(ᾖ,</span> <span class='ocrx_word' id='word_1_228' title='bbox 1161 1930 1299 1981; x_wconf 85' lang='grc' dir='ltr'>καίπερ</span> <span class='ocrx_word' id='word_1_229' title='bbox 1321 1931 1442 1968; x_wconf 85' lang='grc' dir='ltr'>καλοῦ</span> 
     </span>
     <span class='ocr_line' id='line_1_28' title="bbox 109 1994 1440 2048; baseline 0.001 -13"><span class='ocrx_word' id='word_1_230' title='bbox 109 1999 178 2035; x_wconf 82' lang='grc' dir='ltr'>τοῦ</span> <span class='ocrx_word' id='word_1_231' title='bbox 202 1998 311 2036; x_wconf 82' lang='grc' dir='ltr'>νικᾶν</span> <span class='ocrx_word' id='word_1_232' title='bbox 336 1997 461 2042; x_wconf 87' lang='grc' dir='ltr'>ὄντος,</span> <span class='ocrx_word' id='word_1_233' title='bbox 489 1994 655 2036; x_wconf 87' lang='grc' dir='ltr'>κάλλιον</span> <span class='ocrx_word' id='word_1_234' title='bbox 679 1996 803 2036; x_wconf 87' lang='grc' dir='ltr'>ἐδόκει</span> <span class='ocrx_word' id='word_1_235' title='bbox 830 1995 891 2036; x_wconf 82' lang='grc' dir='ltr'>καὶ</span> <span class='ocrx_word' id='word_1_236' title='bbox 916 1995 1247 2048; x_wconf 82' lang='grc' dir='ltr'>παραλογώτερον</span> <span class='ocrx_word' id='word_1_237' title='bbox 1273 1995 1372 2036; x_wconf 81' lang='grc' dir='ltr'>εἶναι</span> <span class='ocrx_word' id='word_1_238' title='bbox 1396 1995 1440 2036; x_wconf 88' lang='grc' dir='ltr'>τὸ</span> 
     </span>
     <span class='ocr_line' id='line_1_29' title="bbox 111 2052 1596 2115; baseline 0.001 -13"><span class='ocrx_word' id='word_1_239' title='bbox 111 2064 300 2114; x_wconf 89' lang='grc' dir='ltr'>σωθῆναι.</span> <span class='ocrx_word' id='word_1_240' title='bbox 371 2061 591 2115; x_wconf 88' lang='grc' dir='ltr'>φερομένου</span> <span class='ocrx_word' id='word_1_241' title='bbox 622 2063 698 2115; x_wconf 77' lang='grc' dir='ltr'>γὰρ</span> <span class='ocrx_word' id='word_1_242' title='bbox 727 2064 906 2103; x_wconf 85' lang='grc' dir='ltr'>ἐναντίου</span> <span class='ocrx_word' id='word_1_243' title='bbox 936 2062 1009 2114; x_wconf 89' lang='grc' dir='ltr'>μέν</span> <span class='ocrx_word' id='word_1_244' title='bbox 1043 2079 1107 2102; x_wconf 89' lang='grc' dir='ltr'>σοι</span> <span class='ocrx_word' id='word_1_245' title='bbox 1139 2065 1208 2102; x_wconf 84' lang='grc' dir='ltr'>τοῦ</span> <span class='ocrx_word' id='word_1_246' title='bbox 1231 2067 1308 2103; x_wconf 86' lang='grc' dir='ltr'>τῶν</span> <span class='ocrx_word' id='word_1_247' title='bbox 1333 2063 1435 2103; x_wconf 85' lang='grc' dir='ltr'>ἀντι-</span> <span class='ocrx_word' id='word_1_248' title='bbox 1462 2052 1596 2108; x_wconf 81' lang='lat'><em>[1410]</em></span> 
     </span>
     <span class='ocr_line' id='line_1_30' title="bbox 155 2170 1438 2213; baseline 0 -12"><span class='ocrx_word' id='word_1_249' title='bbox 155 2181 175 2201; x_wconf 87' lang='lat'><em>2</em></span> <span class='ocrx_word' id='word_1_250' title='bbox 197 2170 309 2213; x_wconf 74' lang='grc' dir='ltr'>(αὐτὸ)</span> <span class='ocrx_word' id='word_1_251' title='bbox 324 2172 361 2203; x_wconf 82' lang='grc' dir='ltr'>τὸ</span> <span class='ocrx_word' id='word_1_252' title='bbox 381 2171 509 2202; x_wconf 79' lang='lat' dir='ltr'><strong>Reiske</strong></span> <span class='ocrx_word' id='word_1_253' title='bbox 644 2181 683 2201; x_wconf 84' lang='lat'>10</span> <span class='ocrx_word' id='word_1_254' title='bbox 706 2173 733 2203; x_wconf 86' lang='grc' dir='ltr'>δ’</span> <span class='ocrx_word' id='word_1_255' title='bbox 752 2181 817 2202; x_wconf 90' lang='lat' dir='ltr'><strong>orn.</strong></span> <span class='ocrx_word' id='word_1_256' title='bbox 840 2170 921 2202; x_wconf 86' lang='lat' dir='ltr'>SY1</span> <span class='ocrx_word' id='word_1_257' title='bbox 936 2171 994 2202; x_wconf 93' lang='lat' dir='ltr'>rD</span> <span class='ocrx_word' id='word_1_258' title='bbox 1122 2181 1160 2201; x_wconf 90' lang='lat'>12</span> <span class='ocrx_word' id='word_1_259' title='bbox 1185 2171 1311 2204; x_wconf 78' lang='grc' dir='ltr'>ἅπαντα</span> <span class='ocrx_word' id='word_1_260' title='bbox 1326 2171 1438 2210; x_wconf 67' lang='lat' dir='ltr'>vulg:</span> 
     </span>
     <span class='ocr_line' id='line_1_31' title="bbox 111 2214 1439 2256; baseline 0.001 -11"><span class='ocrx_word' id='word_1_261' title='bbox 111 2215 188 2245; x_wconf 88' lang='lat' dir='ltr'><strong>add.</strong></span> <span class='ocrx_word' id='word_1_262' title='bbox 207 2216 252 2247; x_wconf 80' lang='grc' dir='ltr'>ἀεὶ</span> <span class='ocrx_word' id='word_1_263' title='bbox 271 2215 363 2246; x_wconf 86' lang='lat' dir='ltr'>SrD</span> <span class='ocrx_word' id='word_1_264' title='bbox 389 2216 414 2256; x_wconf 85' lang='lat'>(‘</span> <span class='ocrx_word' id='word_1_265' title='bbox 429 2215 449 2246; x_wconf 90' lang='lat' dir='ltr'>i.</span> <span class='ocrx_word' id='word_1_266' title='bbox 465 2226 495 2245; x_wconf 89' lang='lat' dir='ltr'>e.</span> <span class='ocrx_word' id='word_1_267' title='bbox 515 2214 534 2247; x_wconf 77' lang='grc' dir='ltr'>ἃ</span> <span class='ocrx_word' id='word_1_268' title='bbox 547 2214 614 2246; x_wconf 74' lang='grc' dir='ltr'>θεῖ’</span> <span class='ocrx_word' id='word_1_269' title='bbox 636 2214 750 2255; x_wconf 83' lang='lat' dir='ltr'>Blass)</span> <span class='ocrx_word' id='word_1_270' title='bbox 904 2225 941 2253; x_wconf 90' lang='lat'>14</span> <span class='ocrx_word' id='word_1_271' title='bbox 966 2214 1078 2247; x_wconf 81' lang='grc' dir='ltr'>εὐθέως</span> <span class='ocrx_word' id='word_1_272' title='bbox 1096 2215 1149 2246; x_wconf 89' lang='lat' dir='ltr'>hic</span> <span class='ocrx_word' id='word_1_273' title='bbox 1168 2215 1192 2246; x_wconf 90' lang='lat' dir='ltr'>S</span> <span class='ocrx_word' id='word_1_274' title='bbox 1207 2215 1237 2246; x_wconf 90' lang='lat' dir='ltr'>Y</span> <span class='ocrx_word' id='word_1_275' title='bbox 1251 2226 1266 2245; x_wconf 86' lang='lat' dir='ltr'>r</span> <span class='ocrx_word' id='word_1_276' title='bbox 1281 2216 1310 2246; x_wconf 97' lang='lat' dir='ltr'>D</span> <span class='ocrx_word' id='word_1_277' title='bbox 1328 2226 1335 2245; x_wconf 94' lang='lat'>:</span> <span class='ocrx_word' id='word_1_278' title='bbox 1359 2220 1439 2246; x_wconf 85' lang='lat' dir='ltr'>ante</span> 
     </span>
     <span class='ocr_line' id='line_1_32' title="bbox 114 2258 1440 2300; baseline 0.001 -10"><span class='ocrx_word' id='word_1_279' title='bbox 114 2260 148 2290; x_wconf 84' lang='grc' dir='ltr'>ἐν</span> <span class='ocrx_word' id='word_1_280' title='bbox 167 2258 202 2298; x_wconf 89' lang='lat' dir='ltr'>(l.</span> <span class='ocrx_word' id='word_1_281' title='bbox 225 2259 277 2299; x_wconf 78' lang='lat'>13)</span> <span class='ocrx_word' id='word_1_282' title='bbox 296 2259 388 2297; x_wconf 87' lang='lat' dir='ltr'>vulg.</span> <span class='ocrx_word' id='word_1_283' title='bbox 520 2268 557 2297; x_wconf 93' lang='lat'>17</span> <span class='ocrx_word' id='word_1_284' title='bbox 582 2258 780 2298; x_wconf 76' lang='grc' dir='ltr'>’γιγνομένων</span> <span class='ocrx_word' id='word_1_285' title='bbox 803 2258 828 2290; x_wconf 86' lang='lat' dir='ltr'>S</span> <span class='ocrx_word' id='word_1_286' title='bbox 842 2258 890 2289; x_wconf 84' lang='lat' dir='ltr'>rD</span> <span class='ocrx_word' id='word_1_287' title='bbox 1013 2269 1056 2289; x_wconf 90' lang='lat'>20</span> <span class='ocrx_word' id='word_1_288' title='bbox 1079 2261 1225 2299; x_wconf 80' lang='grc' dir='ltr'>διεξιοίην</span> <span class='ocrx_word' id='word_1_289' title='bbox 1242 2269 1280 2289; x_wconf 88' lang='lat' dir='ltr'>r:</span> <span class='ocrx_word' id='word_1_290' title='bbox 1305 2261 1440 2300; x_wconf 83' lang='grc' dir='ltr'>διεξοίην</span> 
     </span>
     <span class='ocr_line' id='line_1_33' title="bbox 115 2301 1439 2344; baseline 0.001 -12"><span class='ocrx_word' id='word_1_291' title='bbox 115 2301 139 2332; x_wconf 86' lang='lat' dir='ltr'>S</span> <span class='ocrx_word' id='word_1_292' title='bbox 154 2301 242 2341; x_wconf 80' lang='lat' dir='ltr'>FQ:</span> <span class='ocrx_word' id='word_1_293' title='bbox 268 2301 403 2344; x_wconf 69' lang='grc' dir='ltr'>διεξῄειν</span> <span class='ocrx_word' id='word_1_294' title='bbox 420 2301 449 2332; x_wconf 91' lang='lat' dir='ltr'>D</span> <span class='ocrx_word' id='word_1_295' title='bbox 539 2311 580 2331; x_wconf 88' lang='lat'>22</span> <span class='ocrx_word' id='word_1_296' title='bbox 604 2302 705 2333; x_wconf 79' lang='grc' dir='ltr'>ταῦτα’.</span> <span class='ocrx_word' id='word_1_297' title='bbox 722 2302 774 2343; x_wconf 85' lang='grc' dir='ltr'>τε]</span> <span class='ocrx_word' id='word_1_298' title='bbox 793 2301 915 2334; x_wconf 80' lang='grc' dir='ltr'>πάντας</span> <span class='ocrx_word' id='word_1_299' title='bbox 935 2301 959 2332; x_wconf 87' lang='lat' dir='ltr'>F</span> <span class='ocrx_word' id='word_1_300' title='bbox 1048 2312 1088 2341; x_wconf 88' lang='lat'>23</span> <span class='ocrx_word' id='word_1_301' title='bbox 1115 2304 1375 2343; x_wconf 79' lang='grc' dir='ltr'>συμμετρώτερον</span> <span class='ocrx_word' id='word_1_302' title='bbox 1393 2303 1415 2333; x_wconf 86' lang='lat' dir='ltr'>S</span> <span class='ocrx_word' id='word_1_303' title='bbox 1431 2313 1439 2333; x_wconf 88' lang='lat'>:</span> 
     </span>
     <span class='ocr_line' id='line_1_34' title="bbox 113 2345 1440 2387; baseline -0.001 -10"><span class='ocrx_word' id='word_1_304' title='bbox 113 2346 259 2386; x_wconf 78' lang='grc' dir='ltr'>-ιῶτερον</span> <span class='ocrx_word' id='word_1_305' title='bbox 273 2345 339 2384; x_wconf 79' lang='lat' dir='ltr'>FQ</span> <span class='ocrx_word' id='word_1_306' title='bbox 352 2356 368 2375; x_wconf 89' lang='lat' dir='ltr'>r</span> <span class='ocrx_word' id='word_1_307' title='bbox 384 2346 431 2376; x_wconf 91' lang='lat' dir='ltr'>D:</span> <span class='ocrx_word' id='word_1_308' title='bbox 449 2345 703 2387; x_wconf 84' lang='grc' dir='ltr'>συμμετρότερον</span> <span class='ocrx_word' id='word_1_309' title='bbox 713 2356 779 2385; x_wconf 87' lang='lat' dir='ltr'>mg.</span> <span class='ocrx_word' id='word_1_310' title='bbox 792 2347 844 2377; x_wconf 87' lang='lat' dir='ltr'>ed.</span> <span class='ocrx_word' id='word_1_311' title='bbox 860 2346 964 2384; x_wconf 78' lang='lat' dir='ltr'>Paris,</span> <span class='ocrx_word' id='word_1_312' title='bbox 981 2346 1022 2376; x_wconf 89' lang='lat' dir='ltr'>cf.</span> <span class='ocrx_word' id='word_1_313' title='bbox 1041 2346 1147 2377; x_wconf 84' lang='lat' dir='ltr'><strong>Bekk.</strong></span> <span class='ocrx_word' id='word_1_314' title='bbox 1163 2346 1292 2377; x_wconf 86' lang='lat' dir='ltr'>Anecd.</span> <span class='ocrx_word' id='word_1_315' title='bbox 1307 2357 1339 2386; x_wconf 91' lang='lat' dir='ltr'>p.</span> <span class='ocrx_word' id='word_1_316' title='bbox 1357 2347 1440 2377; x_wconf 82' lang='lat'>1286</span> 
     </span>
    </p>
   </div>
   <div class='ocr_carea' id='block_1_3' title="bbox 113 2388 1440 2475">
    <p class='ocr_par' dir='ltr' id='par_1_3' title="bbox 113 2388 1440 2475">
     <span class='ocr_line' id='line_1_35' title="bbox 113 2388 1440 2430; baseline 0.002 -11"><span class='ocrx_word' id='word_1_317' title='bbox 113 2398 156 2427; x_wconf 78' lang='lat'>24</span> <span class='ocrx_word' id='word_1_318' title='bbox 182 2388 364 2429; x_wconf 82' lang='grc' dir='ltr'>ἀφεθέντων</span> <span class='ocrx_word' id='word_1_319' title='bbox 385 2389 410 2420; x_wconf 84' lang='lat' dir='ltr'>S</span> <span class='ocrx_word' id='word_1_320' title='bbox 431 2399 515 2419; x_wconf 85' lang='lat' dir='ltr'>corr.</span> <span class='ocrx_word' id='word_1_321' title='bbox 541 2389 569 2419; x_wconf 90' lang='lat' dir='ltr'>Y</span> <span class='ocrx_word' id='word_1_322' title='bbox 595 2399 707 2420; x_wconf 78' lang='lat' dir='ltr'>corr-,z</span> <span class='ocrx_word' id='word_1_323' title='bbox 733 2389 966 2430; x_wconf 82' lang='grc' dir='ltr'>ἀφαιρεθέντων</span> <span class='ocrx_word' id='word_1_324' title='bbox 993 2388 1203 2428; x_wconf 81' lang='lat' dir='ltr'>S¹Y¹QrD</span> <span class='ocrx_word' id='word_1_325' title='bbox 1334 2399 1376 2428; x_wconf 87' lang='lat'>25</span> <span class='ocrx_word' id='word_1_326' title='bbox 1402 2392 1440 2422; x_wconf 79' lang='grc' dir='ltr'>ὡς</span> 
     </span>
     <span class='ocr_line' id='line_1_36' title="bbox 114 2432 1228 2475; baseline 0 -11"><span class='ocrx_word' id='word_1_327' title='bbox 114 2433 272 2473; x_wconf 74' lang='grc' dir='ltr'>ἑκατέρων</span> <span class='ocrx_word' id='word_1_328' title='bbox 290 2433 345 2474; x_wconf 87' lang='lat' dir='ltr'>(cf.</span> <span class='ocrx_word' id='word_1_329' title='bbox 364 2432 467 2464; x_wconf 87' lang='lat' dir='ltr'><strong>Isocr.</strong></span> <span class='ocrx_word' id='word_1_330' title='bbox 486 2433 518 2464; x_wconf 89' lang='lat' dir='ltr'>iv</span> <span class='ocrx_word' id='word_1_331' title='bbox 535 2432 616 2474; x_wconf 86' lang='lat'>72)]</span> <span class='ocrx_word' id='word_1_332' title='bbox 640 2434 680 2465; x_wconf 80' lang='grc' dir='ltr'>ὥς</span> <span class='ocrx_word' id='word_1_333' title='bbox 697 2443 722 2463; x_wconf 80' lang='grc'>5.</span> <span class='ocrx_word' id='word_1_334' title='bbox 734 2443 766 2465; x_wconf 87' lang='grc' dir='ltr'>ν.</span> <span class='ocrx_word' id='word_1_335' title='bbox 785 2434 819 2464; x_wconf 91' lang='lat' dir='ltr'>in</span> <span class='ocrx_word' id='word_1_336' title='bbox 837 2435 874 2473; x_wconf 86' lang='lat' dir='ltr'>S,</span> <span class='ocrx_word' id='word_1_337' title='bbox 892 2439 969 2473; x_wconf 85' lang='lat' dir='ltr'>post</span> <span class='ocrx_word' id='word_1_338' title='bbox 986 2432 1144 2475; x_wconf 82' lang='grc' dir='ltr'>ἑκατέρων</span> <span class='ocrx_word' id='word_1_339' title='bbox 1160 2432 1185 2463; x_wconf 87' lang='lat' dir='ltr'>F</span> <span class='ocrx_word' id='word_1_340' title='bbox 1198 2432 1228 2471; x_wconf 83' lang='lat' dir='ltr'><strong>Q</strong></span> 
     </span>
    </p>
   </div>
   <div class='ocr_carea' id='block_1_4' title="bbox 180 2503 1353 2536">
    <p class='ocr_par' dir='ltr' id='par_1_4' title="bbox 180 2503 1353 2536">
     <span class='ocr_line' id='line_1_37' title="bbox 180 2503 1353 2536; baseline -0.003 0"><span class='ocrx_word' id='word_1_341' title='bbox 180 2514 270 2536; x_wconf 62' lang='lat' dir='ltr'>uhu</span> <span class='ocrx_word' id='word_1_342' title='bbox 1311 2503 1353 2533; x_wconf 82' lang='lat'>23</span> 
     </span>
    </p>
   </div>
  </div>
 </body>
</html>
