1763 2778
97 144 236 198 [13031
685 143 1173 181 ΔιιΜοΣεηῑΝοὙΣ
1497 137 1587 192 [mu

260 241 322 281 διά
348 260 390 282 τε
416 242 486 292 τὴν
512 242 616 294 ὥραν
643 241 705 282 καὶ
731 243 794 282 διὰ
818 239 863 281 τὸ
887 239 1034 291 μηδένα
1067 243 1355 292 παρακαλέσαι,
1382 239 1513 282 αὐτοῖς
1544 243 1586 280 δὲ

259 313 340 351 τοῖς
364 309 594 359 ἠδικηκόσιν
614 326 660 359 με
688 310 860 361 χρῆσθαι
880 307 1085 359 μάρτυσιν.
1158 308 1182 347 a
1205 307 1274 346 οὖν
1291 307 1335 347 οὐ
1350 307 1587 358 δυνήσονται

259 376 415 428 ἔξαρνοι,
439 375 638 428 γενέσθαι,
667 380 787 415 ταῦτα
814 373 982 427 γέγραφ’
1008 374 1151 416 αὐτοῖς.
1221 372 1329 426 λέγε.

823 472 1028 499 ΜΑΡΤΎΡῙΑ.

736 533 757 543 Λ

197 546 236 583 15
326 537 375 577 Εἰ
421 538 494 587 μὲν
539 537 683 582 τοίνυν,
733 540 763 576 ὡ
810 534 945 586 ἄνδρες
990 535 1185 582 δικασταί,
1228 534 1468 586 συνέβαινεν
1505 538 1586 576 τοῖς
1607 551 1624 582 5

256 601 528 653 Ἁλιμουσίοις
553 603 640 655 περὶ
666 602 850 643 ἁπάντων
877 606 954 642 τῶν
980 605 1158 652 δημοτῶν
1189 603 1520 654 διαψηφίσασθαι
1543 603 1586 642 ἐν

257 671 385 726 ἐκείνῃ
405 676 451 727 τῇ
471 669 608 724 ἡμέρα,
631 669 733 712 εἷκδς
758 668 806 719 ἣν
832 669 895 709 καὶ
920 670 975 711 εἷς
999 669 1077 720 ὀψὲ
1101 669 1363 721 ψηφίζεσθαι,
1384 668 1433 709 ἵν’
1457 670 1585 719 ἀπηλ-

256 736 452 789 λαγμένοι
487 735 590 786 ἦσαν
628 735 869 786 ποιήσαντες
906 738 956 776 τὰ
999 737 1089 786 ὑμῖν
1127 735 1400 788 ἐψηφισμένα.
1473 737 1505 776 εἰ
1543 737 1584 776 δὲ

257 804 418 845 πλείους
447 799 470 853 ἦ
501 804 649 843 εἴκοσιν
685 803 898 843 ὑπόλοιποι
934 801 1036 852 ἦσαν
1073 806 1150 842 τῶν
1186 805 1375 853 δημοτῶν,
1414 802 1502 855 περὶ
1531 803 1585 842 ὧν

257 870 335 910 ἔδει
375 876 422 927 τῇ
458 871 648 924 ὑστεραία
686 871 1028 923 διαψηφίσασθαι,
1070 870 1132 909 καὶ
1170 870 1313 920 ὁμοίως
1348 868 1396 920 ἦν
1434 868 1583 921 ἀνάγκη
1607 886 1647 909 10

257 937 528 989 συλλέγεσθαι
557 936 648 979 τοὺς
672 937 856 988 δημότας,
883 938 923 977 τί
954 935 1039 976 ποτ’
1062 935 1109 987 ἦν
1135 936 1180 976 τὸ
1205 938 1396 990 δυσχερὲς
1430 936 1584 987 Εὐβου-

256 1006 346 1060 λίδῃ
372 1002 653 1055 ἀναβαλέσθαι
682 1005 736 1045 εἷς
769 1003 841 1054 τὴν
865 1004 1079 1055 ὑστεραίαν
1104 1005 1166 1044 καὶ
1203 1003 1289 1056 περὶ
1315 1005 1410 1055 ἐμοῦ
1432 1003 1586 1056 πρώτου

197 1083 238 1117 16
258 1071 328 1121 τὴν
352 1073 496 1124 ψῆφον
515 1071 666 1111 διδόναι
689 1075 771 1113 τοῖς
796 1071 1001 1122 δημόταις;
1029 1070 1143 1120 διότι,
1174 1069 1204 1111 ὦ
1229 1070 1366 1123 ἄνδρες
1392 1070 1585 1116 δικασταί,

259 1138 326 1178 οὐκ
364 1138 497 1190 ἠγνόει
547 1138 797 1188 Εὐβουλίδης
836 1139 907 1183 ὅτι,
954 1137 990 1179 εἷ
1028 1138 1151 1190 λόγος
1189 1136 1480 1188 ἀποδοθήσοιτο
1525 1137 1587 1178 καὶ

258 1204 545 1258 παραγένοιντό
577 1222 645 1256 μοι
677 1205 821 1247 πάντες
853 1206 889 1246 οἱ
924 1204 1090 1256 δημόται
1116 1204 1179 1245 καὶ
1206 1204 1230 1256 ἡ
1262 1206 1402 1257 ψῆφος
1431 1206 1587 1246 δικαίως
1611 1219 1645 1251 15

259 1273 402 1323 δοθείη,
435 1272 605 1323 οὐδαμοῦ
634 1271 872 1325 γενήσονται
909 1274 944 1313 οἱ
980 1273 1079 1323 μετὰ
1113 1271 1250 1312 τούτου
1287 1273 1585 1323 συνεστηκότες.

258 1339 348 1379 ὅθεν
374 1339 405 1379 δ’
431 1339 538 1379 οὗτοι
571 1340 838 1390 συνέστησαν,
869 1342 1003 1386 ταῦτα,
1041 1340 1202 1380 ἐπειδὰν
1231 1339 1318 1391 περὶ
1354 1342 1422 1379 τοῦ
1451 1338 1587 1392 γένους

196 1421 236 1456 17
257 1407 366 1451 εἴπω,
402 1406 504 1453 τότε,
531 1405 578 1447 ἂν
610 1405 808 1457 βούλησθ’
838 1406 1005 1452 ἀκούειν,
1037 1407 1125 1458 ε’ρῶ.
1196 1408 1263 1447 νῦν
1292 1408 1335 1447 δὲ
1367 1407 1407 1446 τί
1437 1406 1587 1446 δίκαιον

257 1473 398 1523 νομίζω
426 1473 488 1513 καὶ
512 1473 552 1514 τί
574 1473 899 1525 παρεσκεύασμαι
925 1477 1064 1519 ποιεῖν,
1086 1473 1223 1525 ἄνδρες
1242 1473 1441 1519 δικασταί,·
1463 1471 1587 1523 δεῖξαι

256 1540 352 1592 πρὸς
377 1541 474 1591 ὑμᾶς
500 1540 666 1591 ἐμαυτὸν
691 1539 905 1591 Ἀθηναῖον
930 1542 1026 1581 ὄντα
1052 1535 1113 1581 καὶ
1149 1542 1197 1580 τὰ
1233 1539 1328 1592 πρὸς
1353 1539 1498 1592 πατρὸς
1524 1539 1585 1580 καὶ
1607 1554 1647 1577 20

96 1605 234 1659 [1304]
255 1608 302 1645 τὰ
322 1610 416 1659 πρὸς
435 1608 593 1659 μητρός,
617 1607 678 1647 καὶ
703 1606 899 1660 μάρτυρας
925 1608 1087 1653 τούτων,
1115 1607 1181 1649 οὓς
1197 1608 1305 1658 ὑμεῖς
1325 1608 1484 1657 ἀληθεῖς
1505 1605 1581 1660 φή-

257 1673 339 1714 σετ’
378 1674 488 1720 εἶναι,
527 1674 822 1728 παρασχέσθαι,
860 1676 929 1717 τὰς
959 1677 1001 1715 δὲ
1030 1675 1228 1727 λοιδορίας
1262 1673 1324 1714 καὶ
1359 1676 1429 1716 τὰς
1459 1675 1584 1716 αἰτίας

256 1741 425 1781 ἀνελεῖν·
462 1742 560 1792 ὑμᾶς
585 1740 616 1781 δ’
643 1741 889 1783 ἀκούσαντας
921 1741 1082 1788 τούτων,
1109 1742 1178 1781 ἐὰν
1209 1743 1281 1792 μὲν
1305 1741 1395 1792 ὑμῖν
1419 1742 1584 1791 πολίτης

256 1806 308 1847 ὢν
334 1807 672 1848 κατεστασιάσθαι
699 1811 813 1854 δοκῶ,
842 1806 992 1863 σῴζειν,
1020 1809 1052 1848 εἶ
1077 1809 1118 1848 δὲ
1143 1807 1209 1859 μή,
1238 1807 1421 1860 πράττειν
1446 1809 1584 1849 ὁποῖον

255 1873 303 1914 ἄν
321 1891 357 1914 τι
382 1876 472 1925 ὑμῖν
498 1875 663 1925 εὐσεβὲς
689 1874 787 1915 εῖναι
811 1878 918 1932 δοκῇ.
989 1874 1154 1927 ἄρξομαι
1178 1874 1211 1915 δ’
1237 1876 1428 1916 ἐντεῦθεν.
1603 1888 1641 1922 25

196 1948 235 1981 18
324 1940 638 1992 Διαβεβλήκασι
663 1941 737 1994 γάρ
762 1958 837 1993 μου
861 1941 929 1982 τὸν
955 1941 1115 1994 πατέρα,
1139 1941 1189 1984 ὡς
1213 1940 1396 1992 ἐξένιζεν·
1433 1940 1496 1981 καὶ
1520 1942 1581 1982 ὅτι

253 2009 326 2059 μὲν
357 2008 475 2050 ἁλοὺς
509 2008 584 2049 ὑπὸ
611 2012 689 2049 τῶν
723 2009 923 2060 πολεμίων
947 2008 1023 2049 ὑπὸ
1048 2008 1115 2049 τὸν
1144 2008 1380 2049 Δεκελεικὸν
1405 2009 1581 2059 πόλεμον

256 2074 318 2114 καὶ
344 2076 504 2127 πραθεὶς
531 2077 582 2116 εἰς
610 2075 800 2121 Λευκάδα,
831 2075 1040 2130 Κλεάνδρῳ
1068 2075 1290 2129 περιτυχὼν
1315 2079 1368 2130 τῷ
1392 2076 1580 2132 ὑποκριτῇ

255 2144 349 2194 πρὸς
382 2142 472 2184 τοὺς
503 2142 666 2184 οἰκείους
703 2143 833 2192 ἐσώθη
871 2145 983 2195 δεῖρο
1020 2146 1235 2197 πολλοστῷ
1273 2142 1416 2197 χρόνῳ,
1455 2158 1576 2194 παρα-

297 2260 316 2280 2
340 2253 476 2292 χρῆσθαι
492 2250 543 2281 A:
569 2251 751 2292 χρήσασθαι
770 2250 793 2281 S
805 2250 830 2281 F
846 2250 875 2289 Q
891 2250 919 2280 D
1032 2261 1048 2290 7
1074 2250 1148 2292 ὀψὲ]
1166 2254 1205 2291 ψε
1221 2261 1286 2281 om.
1304 2249 1343 2281 S1
1453 2251 1473 2281 8
1497 2250 1580 2289 ἦσαν

254 2293 518 2325 Westermann:
550 2297 655 2326 εἵεσαν
688 2294 776 2332 SQ:
800 2297 912 2332 εἴησαν
945 2293 995 2324 A:
1031 2296 1127 2332 ἠίσαν
1159 2294 1212 2325 D:
1244 2295 1343 2337 ᾔεσαν
1374 2293 1400 2324 F
1509 2297 1578 2335 ὑμῖν

253 2337 369 2368 Wolf:
394 2338 465 2378 ἡμῖν
485 2338 580 2368 codd.
691 2347 727 2376 14
753 2340 769 2369 ὁ
787 2339 863 2375 Εὑβ.
882 2337 913 2366 Λ
1016 2347 1052 2376 15
1078 2338 1097 2376 ἡ
1115 2347 1178 2368 om.
1192 2337 1224 2366 A
1326 2339 1365 2368 16
1387 2338 1577 2379 γενήσοιντο

253 2380 372 2419 Cobet,
388 2381 449 2411 scd
467 2381 506 2412 cf.
524 2381 608 2412 Plat.
622 2380 720 2419 Apol.
735 2390 776 2419 29
786 2391 814 2417 c,
833 2381 989 2420 Xenoph.
1007 2380 1111 2419 Ages.
1132 2381 1152 2410 ii
1170 2390 1206 2419 3¹
1309 2382 1347 2411 18
1371 2381 1417 2421 τί]
1435 2382 1467 2413 τί
1483 2382 1532 2413 καὶ
1551 2381 1576 2412 S

251 2425 312 2455 sed
326 2426 374 2456 καὶ
391 2425 460 2464 (me
472 2425 574 2464 teste)
588 2424 722 2463 punctis
734 2424 879 2454 deletum
965 2426 1007 2454 26
1032 2423 1166 2464 ἐξένιζεν
1181 2424 1345 2463 Harpocr.
1361 2430 1396 2455 et
1405 2423 1488 2464 Arg.
1504 2427 1552 2462 §2
1567 2435 1575 2456 ε

253 2467 391 2508 ἐξένισεν
408 2468 503 2498 codd.
640 2477 680 2506 27
705 2469 870 2498 δεκελικον
887 2467 912 2497 S
1044 2477 1086 2507 29
1109 2468 1244 2506 διεσώθη
1260 2466 1292 2496 Α
