1763 2778
123 134 184 189 Lx]
611 139 955 177 ΕΠΙΤΑΦΙΟΣ
1464 134 1605 189 [1395]

122 237 262 289 ἀρετῆς
302 235 372 277 τὸν
416 240 494 277 τῶν
541 237 731 278 ἐναντίων
779 236 909 289 κύριον
956 238 1079 290 φίλον
1126 236 1315 290 γενέσθαι
1360 241 1443 280 τοῖς

122 303 282 344 ἐκείνων
312 305 470 346 οἰκείοις
498 304 723 355 βούλεσθαι
751 308 908 355 μᾶλλον
931 301 955 355 ἢ
980 303 1104 345 πάλιν
1135 303 1205 344 τὸν
1233 305 1330 357 ὑπὲρ
1364 308 1442 345 τῶν

121 371 229 412 ὅλων
265 371 443 411 κίνδυνον
478 370 662 423 ἄρασθαι.
735 371 844 422 οἶμαι
875 371 908 411 δ’
935 371 995 418 ἄν,
1017 373 1142 413 εἴτις
1179 370 1317 413 αὐτοὺς
1353 371 1501 416 τοὺςᾞ

121 436 470 490 παραταξαμένους
513 437 749 491 ἐρωτήσειεν
788 438 921 491 πότερ’
958 438 1146 491 ἡγοῦνται
1186 442 1271 480 ταῖς
1314 439 1441 480 αὐτῶν

82 518 99 550 5
120 505 277 557 ἀρεταῖς
300 501 324 555 ἢ
348 505 395 561 τῇ
417 504 623 560 παραδόξῳ
650 506 712 546 καὶ
737 511 896 562 χαλεπῇ
923 506 1024 561 τύχῃ
1058 504 1352 558 κατωρθωκέναι
1380 506 1441 546 καὶ

120 573 167 628 τῇ
192 575 262 612 τοῦ
285 573 577 625 προεστηκότος
602 573 730 613 αὐτῶν
755 574 936 628 ἐμπειρίᾳ
962 573 1026 613 καὶ
1050 573 1190 629 τόλμῃ,
1208 572 1335 613 οὐδέν’
1360 572 1440 613 οὔτ’

120 640 386 693 ἀναίσχυντον
421 639 510 680 οὔτε
546 638 744 691 τολμηρὸν
780 641 901 682 οὕτως
936 640 1048 686 εἶναι,
1084 639 1204 680 ὅντιν’
1238 639 1439 690 ἀντιποιή-

121 707 266 747 σεσθαι
296 710 375 746 τῶν
407 706 707 759 πεπραγμένων.
780 707 886 747 ἀλλὰ
920 706 997 758 μὴν
1029 708 1127 759 ὑπὲρ
1158 708 1212 747 ὧν
1238 708 1258 746 ὁ
1284 706 1441 748 πάντων

119 773 250 825 κύριος
295 774 456 824 δαίμων,
500 773 552 815 ὡς
598 774 804 825 ἐβούλετο,
845 774 974 825 ἔνειμε
1015 773 1059 814 τὸ
1099 774 1226 821 τέλος,
1266 773 1441 816 ἅπαντας

61 857 100 880 ιο
119 840 313 892 ἀφεῖσθαι
342 842 477 882 κακίας
502 840 653 893 ἀνάγκη
678 841 767 883 τοὺς
791 842 968 887 λοιπούς,
996 842 1224 893 ἀνθρώπους
1247 840 1285 895 γ’
1309 843 1440 884 ὄντας·

118 903 220 960 [περὶ
244 909 299 948 ὧν
322 907 356 947 δ’
383 908 403 947 ὁ
427 912 505 948 τῶν
531 909 719 949 ἐναντίων
744 908 901 961 ἡγεμὼν
926 910 1095 961 ὑπερῆρε
1119 908 1209 950 τοὺς
1235 909 1298 949 ἐπὶ
1317 909 1441 964 τούτῳ

118 974 350 1028 ταχθέντας,
391 975 482 1028 οὐχὶ
528 975 621 1017 τοὺς
668 975 844 1017 πολλοὺς
890 975 970 1016 οὔτ’
1011 977 1171 1016 ἐκείνων
1210 975 1291 1016 οὔθ’
1331 976 1442 1027 ἡμῶν

118 1041 329 1082 αἰτιάσαιτ’
355 1041 402 1082 ἄν
427 1059 484 1084 τις
511 1038 682 1093 εἰκότως]
710 1043 743 1083 εἰ
770 1041 802 1082 δ’
827 1041 888 1095 ἄρ’
915 1042 1001 1083 ἔστι
1026 1060 1084 1084 τις
1114 1044 1332 1095 ἀνθρώπων
1363 1044 1440 1098 ὅτῳ
1461 1060 1503 1086 22

118 1108 207 1161 περὶ
231 1109 379 1150 τούτων
405 1108 623 1162 ἐγκαλέσαι
646 1108 852 1162 προσήκει,
880 1113 962 1152 τοῖς
987 1110 1052 1151 ἐπὶ
1077 1110 1201 1165 τούτῳ
1231 1113 1441 1164 ταχθεῖσιν

59 1179 96 1211 ¹5
118 1178 327 1228 Θηβαίων,
352 1176 443 1230 οὐχὶ
466 1180 548 1219 τοῖς
574 1180 739 1219 πολλοῖς
764 1176 843 1217 οὔτ’
863 1178 1022 1218 ἐκείνων
1046 1177 1128 1217 οὔθ’
1146 1177 1254 1228 ἡμῶν
1275 1177 1434 1230 ἐγκαλέ-

117 1260 224 1284 σειεν
250 1243 298 1284 ἄν
323 1260 382 1285 τις
411 1244 582 1286 εἰκότως·
620 1244 657 1285 οἳ
682 1244 846 1295 δύναμιν
877 1245 1075 1296 λαβόντες
1109 1245 1284 1298 ἔχουσαν
1317 1244 1439 1296 θυμὸν
1461 1247 1604 1301 [1396]

115 1309 310 1362 ἀήττητον
357 1311 419 1351 καὶ
466 1310 777 1364 ἀπροφάσιστον
826 1311 890 1352 καὶ
937 1313 1170 1364 φιλοτιμίαν
1213 1312 1440 1364 ἐφάμιλλον

116 1377 244 1418 οὐδενὶ
279 1377 427 1418 τούτων
456 1378 580 1431 ὀρθῶς
613 1377 849 1432 ἐχρήσαντο.
922 1380 984 1420 καὶ
1020 1378 1068 1419 τὰ
1103 1381 1175 1430 μὲν
1211 1379 1302 1420 ἄλλ’
1327 1380 1440 1420 ἔστιν
1462 1395 1505 1428 23

115 1445 264 1486 τούτων
289 1445 339 1487 ὡς
364 1445 532 1487 ἕκαστος
556 1445 641 1499 ἔχει
664 1447 834 1499 γνώμης,
862 1447 985 1488 οὕτως
1008 1446 1324 1498 ὑπολαμβάνειν·
1360 1445 1382 1487 ὃ
1406 1445 1435 1487 δῆ

56 1529 95 1551 20
115 1512 267 1552 ἅπασιν
289 1513 431 1564 ὁμοίως
455 1516 538 1554 τοῖς
561 1513 676 1554 οὖσιν
700 1513 921 1565 ἀνθρώποις
941 1513 1149 1566 γεγένηται
1171 1514 1358 1567 φανερόν,
1379 1514 1439 1554 ὅτι

113 1579 137 1630 ἡ
175 1579 307 1630 πάσης
342 1582 412 1630 τῆς
445 1579 645 1622 Ἑλλάδος
682 1579 741 1633 ἄρ’
781 1582 984 1633 ἐλευθερία
1021 1583 1062 1621 ἐν
1094 1585 1180 1623 ταῖς
1208 1585 1331 1622 τῶνδε
1361 1584 1439 1622 τῶν

113 1646 266 1698 ἀνδρῶν
289 1649 441 1700 ψυχαῖς
465 1645 682 1702 διεσῴζετο·
708 1647 841 1699 ἐπειδὴ
866 1651 962 1700 γοῦν
980 1648 1003 1700 ἡ
1023 1648 1259 1700 πεπρωμένη
1279 1648 1439 1690 τούτους

114 1714 284 1762 ἀνεῖλεν,
330 1714 455 1756 οὐδεὶς
493 1713 664 1765 ἀντέστη
705 1718 783 1755 τῶν
830 1719 993 1756 λοιπῶν.
1068 1715 1129 1756 καὶ
1170 1716 1319 1769 φθόνος
1366 1718 1438 1766 μὲν

113 1781 230 1831 ἀπείη
257 1784 326 1821 τοῦ
348 1782 485 1834 λόγου,
512 1784 621 1822 δοκεῖ
643 1781 686 1823 δέ
708 1783 778 1833 μοί
800 1799 858 1824 τις
882 1781 930 1823 ἂν
955 1783 1076 1823 εἰπὼν
1101 1782 1152 1825 ὡς
1175 1782 1198 1833 ἡ
1219 1785 1341 1824 τῶνδε
1360 1786 1437 1824 τῶν

56 1864 94 1896 25
115 1848 266 1901 ἀνδρῶν
290 1847 407 1901 ἀρετὴ
440 1850 510 1899 τῆς
533 1847 732 1891 Ἑλλάδος
759 1848 806 1900 ἦν
834 1849 948 1903 ψυχὴ
981 1850 1150 1900 τάληθὲς
1183 1851 1321 1890 εἰπεῖν·
1358 1848 1436 1901 ἅμα
1459 1866 1502 1899 24

112 1913 190 1967 γὰρ
208 1914 256 1956 τά
279 1932 323 1956 τε
347 1916 495 1956 τούτων
515 1915 704 1967 πνεύματ’
723 1915 936 1969 ἀπηλλάγη
954 1920 1031 1957 τῶν
1051 1917 1206 1958 οἰκείων
1226 1915 1435 1968 σωμάτων,

113 1982 177 2022 καὶ
209 1981 256 2023 τὸ
286 1984 356 2033 τῆς
378 1981 578 2025 Ἑλλάδος
607 1982 747 2034 ἀξίωμ’
773 1981 975 2040 ἀνῄρηται.
1045 1983 1224 2036 μεγάλην
1260 1986 1332 2035 μὲν
1366 1984 1437 2024 οὖν

113 2049 213 2092 ἴσως
248 2049 478 2102 ὑπερβολὴν
520 2049 685 2102 δόξομεν
720 2049 868 2103 λέγειν,
906 2049 1047 2103 ῥητέον
1078 2051 1112 2091 δ’
1147 2052 1263 2102 ὅμως·
1302 2050 1437 2103 ὥσπερ

111 2115 201 2170 γάρ,
236 2118 272 2158 εἵ
304 2133 363 2159 τις
400 2118 443 2157 ἐκ
477 2121 546 2158 τοῦ
582 2118 873 2169 καθεστηκότος
910 2119 1058 2169 κόσμου
1095 2117 1140 2158 τὸ
1173 2122 1259 2171 φῶς
1291 2116 1435 2168 ἐξέλοι,

159 2235 179 2255 2
204 2226 330 2258 ἐκείνων
346 2235 410 2257 om.
428 2225 471 2256 Y¹
484 2235 501 2256 r
609 2236 630 2266 3
653 2227 727 2259 τοὺς
743 2236 808 2257 om.
828 2226 852 2258 S
866 2226 891 2257 F
904 2226 935 2265 Q
1046 2228 1110 2266 5-6
1132 2228 1183 2259 καὶ
1193 2230 1234 2269 τῇ
1250 2251 1258 2259 .
1279 2251 1285 2258 .
1307 2251 1313 2258 .
1332 2226 1436 2268 τόλμῃ

112 2273 189 2308 post
206 2269 330 2310 ἀρεταῖς
345 2274 474 2309 transp.
496 2269 635 2308 Reiske,
657 2270 761 2300 Lentz
778 2281 785 2301 ε
810 2271 1016 2309 redarguunt
1033 2271 1140 2310 ipsius
1156 2272 1317 2312 apodosis
1333 2271 1437 2301 verba

113 2322 131 2351 7
156 2313 422 2351 ἆντιποιήσασθαι
444 2313 467 2343 S
480 2313 510 2343 Y
524 2323 540 2343 ι·
655 2323 757 2354 11-13
780 2315 848 2355 περὶ
867 2337 875 2346 .
895 2337 902 2345 .
923 2338 931 2346 .
951 2314 1079 2347 εἰκότως
1100 2325 1161 2345 om.
1186 2314 1280 2352 SrQ
1293 2315 1346 2354 al.‚
1369 2314 1435 2345 del.

113 2355 286 2388 Matthaei.
303 2356 488 2396 antiquitus
506 2362 617 2387 tamen
635 2357 838 2397 interpolata
930 2367 968 2397 13
989 2371 1038 2390 τις
1049 2369 1112 2389 om.
1129 2358 1159 2396 Q
1251 2368 1288 2397 15
1313 2359 1438 2390 ἐκείνων

112 2401 174 2431 οὔθ’
191 2399 279 2438 ἡμῶν
295 2399 320 2431 S
333 2410 370 2431 r:
394 2400 482 2440 ἡμῶν
501 2399 567 2432 οὔτ’
585 2402 712 2433 ἐκείνων
727 2405 806 2432 cett.
868 2410 907 2441 19
930 2403 969 2434 ὡς
987 2412 1051 2432 om.
1070 2401 1108 2432 5ι
1164 2411 1202 2431 21
1230 2401 1249 2440 ἡ
1267 2401 1371 2439 πάσης
1386 2401 1435 2432 Y:

111 2441 238 2482 ἁπάσης
255 2452 271 2474 r
286 2454 293 2474 ε
310 2443 330 2482 ἡ
349 2445 435 2476 πᾶσα
452 2443 477 2475 S
489 2443 515 2474 F
526 2443 557 2482 Q
611 2454 653 2475 22
670 2447 749 2485 ’γοῦν
765 2444 885 2476 Wolf:
902 2445 955 2477 οὖν
972 2446 1069 2478 codd.
1124 2455 1167 2485 29
1184 2445 1325 2485 ἐξέλοιτο
1342 2444 1367 2476 S
1378 2444 1408 2475 Y
1420 2454 1438 2475 r
