<?xml version="1.0" encoding="UTF-8"?>
<!DOCTYPE html PUBLIC "-//W3C//DTD XHTML 1.0 Transitional//EN"
    "http://www.w3.org/TR/xhtml1/DTD/xhtml1-transitional.dtd">
<html xmlns="http://www.w3.org/1999/xhtml" xml:lang="en" lang="en">
 <head>
  <title>
</title>
<meta http-equiv="Content-Type" content="text/html;charset=utf-8" />
  <meta name='ocr-system' content='tesseract 3.04.00' />
  <meta name='ocr-capabilities' content='ocr_page ocr_carea ocr_par ocr_line ocrx_word'/>
</head>
<body>
  <div class='ocr_page' id='page_1' title='image "./orationesrecog03demouoft_0101.png"; bbox 0 0 1763 2778; ppageno 0'>
   <div class='ocr_carea' id='block_1_1' title="bbox 132 133 1607 190">
    <p class='ocr_par' dir='ltr' id='par_1_1' title="bbox 132 133 1607 190">
     <span class='ocr_line' id='line_1_1' title="bbox 132 133 1607 190; baseline 0.009 -18"><span class='ocrx_word' id='word_1_1' title='bbox 132 133 220 189; x_wconf 72' lang='lat' dir='ltr'>m]</span> <span class='ocrx_word' id='word_1_2' title='bbox 477 139 638 176; x_wconf 72' lang='grc' dir='ltr'>ΚΑΤΑ</span> <span class='ocrx_word' id='word_1_3' title='bbox 688 138 1033 177; x_wconf 66' lang='grc' dir='ltr'>ΣΤΕΦΑΝΟΎ</span> <span class='ocrx_word' id='word_1_4' title='bbox 1082 140 1113 176; x_wconf 85' lang='lat' dir='ltr'><strong>A</strong></span> <span class='ocrx_word' id='word_1_5' title='bbox 1485 135 1607 190; x_wconf 79' lang='lat'><em>[1114]</em></span> 
     </span>
    </p>
   </div>
   <div class='ocr_carea' id='block_1_2' title="bbox 76 236 1606 1698">
    <p class='ocr_par' dir='ltr' id='par_1_2' title="bbox 133 236 1527 491">
     <span class='ocr_line' id='line_1_2' title="bbox 198 236 1527 290; baseline 0.001 -14"><span class='ocrx_word' id='word_1_6' title='bbox 198 236 272 278; x_wconf 55' lang='grc' dir='ltr'>ζΩς</span> <span class='ocrx_word' id='word_1_7' title='bbox 310 239 383 288; x_wconf 80' lang='grc' dir='ltr'>μὲν</span> <span class='ocrx_word' id='word_1_8' title='bbox 424 237 555 277; x_wconf 88' lang='grc' dir='ltr'>τοίνυν</span> <span class='ocrx_word' id='word_1_9' title='bbox 594 238 705 278; x_wconf 86' lang='grc' dir='ltr'>ἐστὶν</span> <span class='ocrx_word' id='word_1_10' title='bbox 746 237 874 287; x_wconf 82' lang='grc' dir='ltr'>ἀληθῆ</span> <span class='ocrx_word' id='word_1_11' title='bbox 915 236 963 276; x_wconf 81' lang='grc' dir='ltr'>τὰ</span> <span class='ocrx_word' id='word_1_12' title='bbox 1003 237 1340 290; x_wconf 87' lang='grc' dir='ltr'>μεμαρτυρημένα,</span> <span class='ocrx_word' id='word_1_13' title='bbox 1381 237 1460 278; x_wconf 81' lang='grc' dir='ltr'>οὔτ’</span> <span class='ocrx_word' id='word_1_14' title='bbox 1480 251 1527 286; x_wconf 83' lang='grc'>43</span> 
     </span>
     <span class='ocr_line' id='line_1_3' title="bbox 133 302 1462 356; baseline 0.001 -12"><span class='ocrx_word' id='word_1_15' title='bbox 133 303 250 344; x_wconf 88' lang='grc' dir='ltr'>αὐτὸν</span> <span class='ocrx_word' id='word_1_16' title='bbox 287 306 427 345; x_wconf 80' lang='grc' dir='ltr'>τοῦτον</span> <span class='ocrx_word' id='word_1_17' title='bbox 465 302 543 344; x_wconf 75' lang='grc' dir='ltr'>οὔτ’</span> <span class='ocrx_word' id='word_1_18' title='bbox 582 303 707 345; x_wconf 80' lang='grc' dir='ltr'>ἄλλον</span> <span class='ocrx_word' id='word_1_19' title='bbox 744 305 842 356; x_wconf 79' lang='grc' dir='ltr'>ὑπὲρ</span> <span class='ocrx_word' id='word_1_20' title='bbox 879 304 1018 346; x_wconf 84' lang='grc' dir='ltr'>τούτου</span> <span class='ocrx_word' id='word_1_21' title='bbox 1055 303 1179 354; x_wconf 82' lang='grc' dir='ltr'>δεῖξαι</span> <span class='ocrx_word' id='word_1_22' title='bbox 1221 303 1462 355; x_wconf 82' lang='grc' dir='ltr'>δυνήσεσθαι</span> 
     </span>
     <span class='ocr_line' id='line_1_4' title="bbox 133 370 1459 424; baseline 0.001 -13"><span class='ocrx_word' id='word_1_23' title='bbox 133 371 290 423; x_wconf 78' lang='grc' dir='ltr'>νομίζω.</span> <span class='ocrx_word' id='word_1_24' title='bbox 349 371 477 411; x_wconf 80' lang='grc' dir='ltr'>ἀκούω</span> <span class='ocrx_word' id='word_1_25' title='bbox 504 370 536 411; x_wconf 84' lang='grc' dir='ltr'>δ’</span> <span class='ocrx_word' id='word_1_26' title='bbox 562 370 680 411; x_wconf 80' lang='grc' dir='ltr'>αὐτὸν</span> <span class='ocrx_word' id='word_1_27' title='bbox 703 371 881 411; x_wconf 84' lang='grc' dir='ltr'>τοιοῦτόν</span> <span class='ocrx_word' id='word_1_28' title='bbox 905 388 943 411; x_wconf 91' lang='grc' dir='ltr'>τι</span> <span class='ocrx_word' id='word_1_29' title='bbox 967 371 1288 423; x_wconf 81' lang='grc' dir='ltr'>παρεσκευάσθαι</span> <span class='ocrx_word' id='word_1_30' title='bbox 1312 371 1459 424; x_wconf 87' lang='grc' dir='ltr'>λέγειν,</span> 
     </span>
     <span class='ocr_line' id='line_1_5' title="bbox 134 436 1462 491; baseline 0.001 -13"><span class='ocrx_word' id='word_1_31' title='bbox 134 438 185 480; x_wconf 85' lang='grc' dir='ltr'>ὡς</span> <span class='ocrx_word' id='word_1_32' title='bbox 210 436 468 491; x_wconf 86' lang='grc' dir='ltr'>προκλήσεώς</span> <span class='ocrx_word' id='word_1_33' title='bbox 498 438 608 478; x_wconf 85' lang='grc' dir='ltr'>ἐστιν</span> <span class='ocrx_word' id='word_1_34' title='bbox 633 438 857 484; x_wconf 86' lang='grc' dir='ltr'>ὑπεύθυνος,</span> <span class='ocrx_word' id='word_1_35' title='bbox 886 439 974 491; x_wconf 71' lang='grc' dir='ltr'>οὐχὶ</span> <span class='ocrx_word' id='word_1_36' title='bbox 1006 439 1231 491; x_wconf 84' lang='grc' dir='ltr'>μαρτυρίας,</span> <span class='ocrx_word' id='word_1_37' title='bbox 1259 439 1322 479; x_wconf 87' lang='grc' dir='ltr'>καὶ</span> <span class='ocrx_word' id='word_1_38' title='bbox 1356 442 1462 479; x_wconf 82' lang='grc' dir='ltr'>δυοῖν</span> 
     </span>
    </p>

    <p class='ocr_par' dir='ltr' id='par_1_3' title="bbox 95 503 1529 829">
     <span class='ocr_line' id='line_1_6' title="bbox 95 503 1460 560; baseline 0.001 -15"><span class='ocrx_word' id='word_1_39' title='bbox 95 524 112 555; x_wconf 85' lang='lat'><strong><em>5</em></strong></span> <span class='ocrx_word' id='word_1_40' title='bbox 133 505 234 560; x_wconf 79' lang='grc' dir='ltr'>αὐτῷ</span> <span class='ocrx_word' id='word_1_41' title='bbox 260 503 453 557; x_wconf 88' lang='grc' dir='ltr'>προσήκει</span> <span class='ocrx_word' id='word_1_42' title='bbox 477 508 610 546; x_wconf 84' lang='grc' dir='ltr'>δοῦναι</span> <span class='ocrx_word' id='word_1_43' title='bbox 639 506 776 558; x_wconf 89' lang='grc' dir='ltr'>λόγον,</span> <span class='ocrx_word' id='word_1_44' title='bbox 803 505 849 546; x_wconf 90' lang='grc' dir='ltr'>οὐ</span> <span class='ocrx_word' id='word_1_45' title='bbox 881 505 1040 546; x_wconf 84' lang='grc' dir='ltr'>πάντων</span> <span class='ocrx_word' id='word_1_46' title='bbox 1063 510 1142 546; x_wconf 84' lang='grc' dir='ltr'>τῶν</span> <span class='ocrx_word' id='word_1_47' title='bbox 1164 505 1460 559; x_wconf 80' lang='grc' dir='ltr'>γεγραμμένων,</span> 
     </span>
     <span class='ocr_line' id='line_1_7' title="bbox 134 569 1460 625; baseline 0 -12"><span class='ocrx_word' id='word_1_48' title='bbox 134 574 171 613; x_wconf 83' lang='grc' dir='ltr'>εἴ</span> <span class='ocrx_word' id='word_1_49' title='bbox 192 590 234 613; x_wconf 92' lang='grc' dir='ltr'>τε</span> <span class='ocrx_word' id='word_1_50' title='bbox 258 573 520 625; x_wconf 82' lang='grc' dir='ltr'>προύκαλεῖτό</span> <span class='ocrx_word' id='word_1_51' title='bbox 546 590 595 624; x_wconf 90' lang='grc' dir='ltr'>με</span> <span class='ocrx_word' id='word_1_52' title='bbox 626 576 747 613; x_wconf 81' lang='grc' dir='ltr'>ταῦτα</span> <span class='ocrx_word' id='word_1_53' title='bbox 777 574 962 624; x_wconf 81' lang='grc' dir='ltr'>Φορμίων</span> <span class='ocrx_word' id='word_1_54' title='bbox 988 569 1009 623; x_wconf 79' lang='grc' dir='ltr'>ἢ</span> <span class='ocrx_word' id='word_1_55' title='bbox 1043 571 1108 623; x_wconf 86' lang='grc' dir='ltr'>μή,</span> <span class='ocrx_word' id='word_1_56' title='bbox 1138 574 1200 613; x_wconf 83' lang='grc' dir='ltr'>καὶ</span> <span class='ocrx_word' id='word_1_57' title='bbox 1231 574 1264 613; x_wconf 80' lang='grc' dir='ltr'>εἰ</span> <span class='ocrx_word' id='word_1_58' title='bbox 1295 572 1347 623; x_wconf 79' lang='grc' dir='ltr'>μὴ</span> <span class='ocrx_word' id='word_1_59' title='bbox 1378 574 1460 613; x_wconf 83' lang='grc' dir='ltr'>ἐδε-</span> 
     </span>
     <span class='ocr_line' id='line_1_8' title="bbox 133 639 1462 693; baseline 0 -14"><span class='ocrx_word' id='word_1_60' title='bbox 133 640 262 693; x_wconf 81' lang='grc' dir='ltr'>χόμην</span> <span class='ocrx_word' id='word_1_61' title='bbox 298 639 388 692; x_wconf 85' lang='grc' dir='ltr'>ἐγώ·</span> <span class='ocrx_word' id='word_1_62' title='bbox 431 643 552 680; x_wconf 80' lang='grc' dir='ltr'>ταῦτα</span> <span class='ocrx_word' id='word_1_63' title='bbox 587 641 659 691; x_wconf 82' lang='grc' dir='ltr'>μὲν</span> <span class='ocrx_word' id='word_1_64' title='bbox 695 641 769 693; x_wconf 80' lang='grc' dir='ltr'>γὰρ</span> <span class='ocrx_word' id='word_1_65' title='bbox 807 641 943 682; x_wconf 80' lang='grc' dir='ltr'>ἁπλῶς</span> <span class='ocrx_word' id='word_1_66' title='bbox 979 639 1093 682; x_wconf 80' lang='grc' dir='ltr'>αὐτὸς</span> <span class='ocrx_word' id='word_1_67' title='bbox 1128 639 1462 692; x_wconf 81' lang='grc' dir='ltr'>μεμαρτυρηκέναι</span> 
     </span>
     <span class='ocr_line' id='line_1_9' title="bbox 134 703 1462 760; baseline -0.002 -13"><span class='ocrx_word' id='word_1_68' title='bbox 134 705 272 760; x_wconf 89' lang='grc' dir='ltr'>φήσει,</span> <span class='ocrx_word' id='word_1_69' title='bbox 305 707 355 747; x_wconf 77' lang='grc' dir='ltr'>τὰ</span> <span class='ocrx_word' id='word_1_70' title='bbox 387 706 419 747; x_wconf 84' lang='grc' dir='ltr'>δ’</span> <span class='ocrx_word' id='word_1_71' title='bbox 450 705 542 747; x_wconf 80' lang='grc' dir='ltr'>ἄλλ’</span> <span class='ocrx_word' id='word_1_72' title='bbox 575 708 728 748; x_wconf 82' lang='grc' dir='ltr'>ἐκεῖνον</span> <span class='ocrx_word' id='word_1_73' title='bbox 757 710 1058 759; x_wconf 87' lang='grc' dir='ltr'>προκαλεῖσθαι,</span> <span class='ocrx_word' id='word_1_74' title='bbox 1093 709 1127 748; x_wconf 85' lang='grc' dir='ltr'>εἰ</span> <span class='ocrx_word' id='word_1_75' title='bbox 1155 706 1187 747; x_wconf 73' lang='grc' dir='ltr'>δ’</span> <span class='ocrx_word' id='word_1_76' title='bbox 1214 708 1324 747; x_wconf 82' lang='grc' dir='ltr'>ἐστὶν</span> <span class='ocrx_word' id='word_1_77' title='bbox 1353 703 1376 758; x_wconf 83' lang='grc' dir='ltr'>ἢ</span> <span class='ocrx_word' id='word_1_78' title='bbox 1409 706 1462 758; x_wconf 71' lang='grc' dir='ltr'>μὴ</span> 
     </span>
     <span class='ocr_line' id='line_1_10' title="bbox 132 773 1529 829; baseline 0 -16"><span class='ocrx_word' id='word_1_79' title='bbox 132 777 264 820; x_wconf 83' lang='grc' dir='ltr'>ταῦτα,</span> <span class='ocrx_word' id='word_1_80' title='bbox 292 773 406 815; x_wconf 80' lang='grc' dir='ltr'>οὐδὲν</span> <span class='ocrx_word' id='word_1_81' title='bbox 430 773 646 826; x_wconf 87' lang='grc' dir='ltr'>προσήκειν</span> <span class='ocrx_word' id='word_1_82' title='bbox 671 774 773 829; x_wconf 79' lang='grc' dir='ltr'>αὐτῷ</span> <span class='ocrx_word' id='word_1_83' title='bbox 803 778 981 815; x_wconf 86' lang='grc' dir='ltr'>σκοπεῖν.</span> <span class='ocrx_word' id='word_1_84' title='bbox 1041 777 1137 825; x_wconf 85' lang='grc' dir='ltr'>πρὸς</span> <span class='ocrx_word' id='word_1_85' title='bbox 1166 773 1211 824; x_wconf 79' lang='grc' dir='ltr'>δὴ</span> <span class='ocrx_word' id='word_1_86' title='bbox 1247 773 1315 814; x_wconf 85' lang='grc' dir='ltr'>τὸν</span> <span class='ocrx_word' id='word_1_87' title='bbox 1340 775 1463 826; x_wconf 88' lang='grc' dir='ltr'>λόγον</span> <span class='ocrx_word' id='word_1_88' title='bbox 1482 785 1529 819; x_wconf 87' lang='grc'>44</span> 
     </span>
    </p>

    <p class='ocr_par' dir='ltr' id='par_1_4' title="bbox 76 840 1606 1168">
     <span class='ocr_line' id='line_1_11' title="bbox 76 840 1463 893; baseline -0.002 -9"><span class='ocrx_word' id='word_1_89' title='bbox 76 863 114 884; x_wconf 93' lang='lat'>10</span> <span class='ocrx_word' id='word_1_90' title='bbox 133 845 270 881; x_wconf 83' lang='grc' dir='ltr'>τοῦτον</span> <span class='ocrx_word' id='word_1_91' title='bbox 297 842 359 882; x_wconf 89' lang='grc' dir='ltr'>καὶ</span> <span class='ocrx_word' id='word_1_92' title='bbox 384 840 456 891; x_wconf 74' lang='grc' dir='ltr'>τὴν</span> <span class='ocrx_word' id='word_1_93' title='bbox 475 842 675 882; x_wconf 82' lang='grc' dir='ltr'>ἀναίδειαν</span> <span class='ocrx_word' id='word_1_94' title='bbox 694 840 860 893; x_wconf 82' lang='grc' dir='ltr'>βέλτιόν</span> <span class='ocrx_word' id='word_1_95' title='bbox 879 843 968 882; x_wconf 88' lang='grc' dir='ltr'>ἐστι</span> <span class='ocrx_word' id='word_1_96' title='bbox 990 843 1109 893; x_wconf 82' lang='grc' dir='ltr'>μικρὰ</span> <span class='ocrx_word' id='word_1_97' title='bbox 1131 845 1335 893; x_wconf 83' lang='grc' dir='ltr'>προειπεῖν</span> <span class='ocrx_word' id='word_1_98' title='bbox 1361 842 1463 892; x_wconf 87' lang='grc' dir='ltr'>ὑμῖν,</span> 
     </span>
     <span class='ocr_line' id='line_1_12' title="bbox 134 904 1606 965; baseline -0.001 -17"><span class='ocrx_word' id='word_1_99' title='bbox 134 909 198 948; x_wconf 81' lang='grc' dir='ltr'>ἵνα</span> <span class='ocrx_word' id='word_1_100' title='bbox 225 907 277 959; x_wconf 77' lang='grc' dir='ltr'>μὴ</span> <span class='ocrx_word' id='word_1_101' title='bbox 310 907 450 959; x_wconf 84' lang='grc' dir='ltr'>λάθητ’</span> <span class='ocrx_word' id='word_1_102' title='bbox 484 908 809 960; x_wconf 80' lang='grc' dir='ltr'>ἐξαπατηθέντες.</span> <span class='ocrx_word' id='word_1_103' title='bbox 870 913 1025 960; x_wconf 84' lang='grc' dir='ltr'>πρῶτον</span> <span class='ocrx_word' id='word_1_104' title='bbox 1055 907 1140 960; x_wconf 90' lang='grc' dir='ltr'>μέν,</span> <span class='ocrx_word' id='word_1_105' title='bbox 1175 909 1270 949; x_wconf 87' lang='grc' dir='ltr'>ὅταν</span> <span class='ocrx_word' id='word_1_106' title='bbox 1304 909 1465 965; x_wconf 78' lang='grc' dir='ltr'>ἐγχειρῇ</span> <span class='ocrx_word' id='word_1_107' title='bbox 1484 904 1606 961; x_wconf 82' lang='lat'>[1115]</span> 
     </span>
     <span class='ocr_line' id='line_1_13' title="bbox 133 973 1463 1028; baseline -0.001 -13"><span class='ocrx_word' id='word_1_108' title='bbox 133 974 268 1028; x_wconf 89' lang='grc' dir='ltr'>λέγειν</span> <span class='ocrx_word' id='word_1_109' title='bbox 292 978 423 1023; x_wconf 80' lang='grc' dir='ltr'>τοῦτο,</span> <span class='ocrx_word' id='word_1_110' title='bbox 452 975 503 1019; x_wconf 84' lang='grc' dir='ltr'>ὡς</span> <span class='ocrx_word' id='word_1_111' title='bbox 525 975 586 1028; x_wconf 78' lang='grc' dir='ltr'>ἄρ’</span> <span class='ocrx_word' id='word_1_112' title='bbox 609 975 654 1016; x_wconf 87' lang='grc' dir='ltr'>οὐ</span> <span class='ocrx_word' id='word_1_113' title='bbox 674 975 832 1016; x_wconf 84' lang='grc' dir='ltr'>πάντων</span> <span class='ocrx_word' id='word_1_114' title='bbox 851 976 1067 1018; x_wconf 86' lang='grc' dir='ltr'>ὑπεύθυνός</span> <span class='ocrx_word' id='word_1_115' title='bbox 1087 977 1211 1023; x_wconf 84' lang='grc' dir='ltr'>ἐστιν,</span> <span class='ocrx_word' id='word_1_116' title='bbox 1240 973 1463 1025; x_wconf 78' lang='grc' dir='ltr'>ἐνθυμεῖσθ’</span> 
     </span>
     <span class='ocr_line' id='line_1_14' title="bbox 135 1042 1465 1097; baseline -0.001 -14"><span class='ocrx_word' id='word_1_117' title='bbox 135 1044 196 1083; x_wconf 86' lang='grc' dir='ltr'>ὅτι</span> <span class='ocrx_word' id='word_1_118' title='bbox 219 1043 283 1083; x_wconf 80' lang='grc' dir='ltr'>διὰ</span> <span class='ocrx_word' id='word_1_119' title='bbox 306 1042 414 1083; x_wconf 83' lang='grc' dir='ltr'>ταῦθ’</span> <span class='ocrx_word' id='word_1_120' title='bbox 439 1043 461 1084; x_wconf 82' lang='grc' dir='ltr'>ὁ</span> <span class='ocrx_word' id='word_1_121' title='bbox 484 1043 604 1094; x_wconf 84' lang='grc' dir='ltr'>νόμος</span> <span class='ocrx_word' id='word_1_122' title='bbox 628 1047 835 1096; x_wconf 88' lang='grc' dir='ltr'>μαρτυρεῖν</span> <span class='ocrx_word' id='word_1_123' title='bbox 862 1044 904 1084; x_wconf 86' lang='grc' dir='ltr'>ἐν</span> <span class='ocrx_word' id='word_1_124' title='bbox 929 1043 1179 1097; x_wconf 83' lang='grc' dir='ltr'>γραμματείῳ</span> <span class='ocrx_word' id='word_1_125' title='bbox 1210 1042 1374 1088; x_wconf 83' lang='grc' dir='ltr'>κελεύει,</span> <span class='ocrx_word' id='word_1_126' title='bbox 1402 1043 1465 1082; x_wconf 82' lang='grc' dir='ltr'>ἵνα</span> 
     </span>
     <span class='ocr_line' id='line_1_15' title="bbox 133 1108 1463 1168; baseline -0.001 -18"><span class='ocrx_word' id='word_1_127' title='bbox 133 1108 222 1161; x_wconf 86' lang='grc' dir='ltr'>μήτ’</span> <span class='ocrx_word' id='word_1_128' title='bbox 246 1110 413 1163; x_wconf 84' lang='grc' dir='ltr'>ἀφελεῖν</span> <span class='ocrx_word' id='word_1_129' title='bbox 439 1109 507 1168; x_wconf 72' lang='grc' dir='ltr'>ἐξῇ</span> <span class='ocrx_word' id='word_1_130' title='bbox 532 1109 630 1161; x_wconf 86' lang='grc' dir='ltr'>μήτε</span> <span class='ocrx_word' id='word_1_131' title='bbox 654 1113 889 1162; x_wconf 87' lang='grc' dir='ltr'>προσθεῖναι</span> <span class='ocrx_word' id='word_1_132' title='bbox 913 1114 995 1152; x_wconf 87' lang='grc' dir='ltr'>τοῖς</span> <span class='ocrx_word' id='word_1_133' title='bbox 1019 1108 1307 1164; x_wconf 85' lang='grc' dir='ltr'>γεγραμμένοις</span> <span class='ocrx_word' id='word_1_134' title='bbox 1329 1108 1463 1161; x_wconf 83' lang='grc' dir='ltr'>μηδέν.</span> 
     </span>
    </p>

    <p class='ocr_par' dir='ltr' id='par_1_5' title="bbox 78 1176 1527 1498">
     <span class='ocr_line' id='line_1_16' title="bbox 78 1176 1466 1230; baseline -0.003 -10"><span class='ocrx_word' id='word_1_135' title='bbox 78 1198 113 1229; x_wconf 84' lang='lat'>15</span> <span class='ocrx_word' id='word_1_136' title='bbox 134 1176 215 1217; x_wconf 84' lang='grc' dir='ltr'>τότ’</span> <span class='ocrx_word' id='word_1_137' title='bbox 251 1178 321 1218; x_wconf 72' lang='grc' dir='ltr'>οὖν</span> <span class='ocrx_word' id='word_1_138' title='bbox 356 1177 475 1218; x_wconf 84' lang='grc' dir='ltr'>αὐτὸν</span> <span class='ocrx_word' id='word_1_139' title='bbox 512 1177 591 1218; x_wconf 80' lang='grc' dir='ltr'>ἔδει</span> <span class='ocrx_word' id='word_1_140' title='bbox 625 1177 731 1217; x_wconf 81' lang='grc' dir='ltr'>ταῦτ’</span> <span class='ocrx_word' id='word_1_141' title='bbox 764 1177 1005 1230; x_wconf 81' lang='grc' dir='ltr'>ἀπαλείφειν</span> <span class='ocrx_word' id='word_1_142' title='bbox 1040 1177 1217 1218; x_wconf 86' lang='grc' dir='ltr'>κελεύειν</span> <span class='ocrx_word' id='word_1_143' title='bbox 1253 1177 1277 1217; x_wconf 73' lang='grc' dir='ltr'><strong><em>ἃ</em></strong></span> <span class='ocrx_word' id='word_1_144' title='bbox 1315 1181 1383 1217; x_wconf 81' lang='grc' dir='ltr'>νῦν</span> <span class='ocrx_word' id='word_1_145' title='bbox 1421 1176 1466 1216; x_wconf 85' lang='grc' dir='ltr'>οὐ</span> 
     </span>
     <span class='ocr_line' id='line_1_17' title="bbox 135 1243 1527 1297; baseline 0 -14"><span class='ocrx_word' id='word_1_146' title='bbox 135 1243 260 1297; x_wconf 88' lang='grc' dir='ltr'>φήσει</span> <span class='ocrx_word' id='word_1_147' title='bbox 274 1243 622 1296; x_wconf 88' lang='grc' dir='ltr'>μεμαρτυρηκέναι,</span> <span class='ocrx_word' id='word_1_148' title='bbox 642 1244 686 1284; x_wconf 88' lang='grc' dir='ltr'>οὐ</span> <span class='ocrx_word' id='word_1_149' title='bbox 705 1248 773 1284; x_wconf 84' lang='grc' dir='ltr'>νῦν</span> <span class='ocrx_word' id='word_1_150' title='bbox 795 1245 964 1285; x_wconf 86' lang='grc' dir='ltr'>ἐνόντων</span> <span class='ocrx_word' id='word_1_151' title='bbox 982 1245 1274 1297; x_wconf 73' lang='grc' dir='ltr'>ἀναισχυντεῖν.</span> <span class='ocrx_word' id='word_1_152' title='bbox 1330 1244 1466 1284; x_wconf 82' lang='grc' dir='ltr'>ἔπειτα</span> <span class='ocrx_word' id='word_1_153' title='bbox 1486 1254 1527 1289; x_wconf 88' lang='grc'>45</span> 
     </span>
     <span class='ocr_line' id='line_1_18' title="bbox 137 1310 1463 1363; baseline -0.002 -12"><span class='ocrx_word' id='word_1_154' title='bbox 137 1311 198 1351; x_wconf 88' lang='grc' dir='ltr'>καὶ</span> <span class='ocrx_word' id='word_1_155' title='bbox 231 1311 323 1353; x_wconf 87' lang='grc' dir='ltr'>τόδε</span> <span class='ocrx_word' id='word_1_156' title='bbox 355 1315 553 1359; x_wconf 86' lang='grc' dir='ltr'>σκοπεῖτε,</span> <span class='ocrx_word' id='word_1_157' title='bbox 586 1313 618 1352; x_wconf 88' lang='grc' dir='ltr'>εἰ</span> <span class='ocrx_word' id='word_1_158' title='bbox 646 1310 796 1352; x_wconf 82' lang='grc' dir='ltr'>ἐάσαιτ’</span> <span class='ocrx_word' id='word_1_159' title='bbox 822 1311 869 1352; x_wconf 79' lang='grc' dir='ltr'>ἂν</span> <span class='ocrx_word' id='word_1_160' title='bbox 895 1312 1074 1352; x_wconf 84' lang='grc' dir='ltr'>ἐναντίον</span> <span class='ocrx_word' id='word_1_161' title='bbox 1098 1312 1204 1362; x_wconf 84' lang='grc' dir='ltr'>ὑμῶν</span> <span class='ocrx_word' id='word_1_162' title='bbox 1239 1312 1306 1362; x_wconf 79' lang='grc' dir='ltr'>ἐμὲ</span> <span class='ocrx_word' id='word_1_163' title='bbox 1339 1327 1463 1363; x_wconf 87' lang='grc' dir='ltr'>προσ-</span> 
     </span>
     <span class='ocr_line' id='line_1_19' title="bbox 136 1377 1465 1431; baseline -0.001 -13"><span class='ocrx_word' id='word_1_164' title='bbox 136 1377 290 1431; x_wconf 80' lang='grc' dir='ltr'>γράψαι</span> <span class='ocrx_word' id='word_1_165' title='bbox 326 1395 363 1418; x_wconf 93' lang='grc' dir='ltr'>τι</span> <span class='ocrx_word' id='word_1_166' title='bbox 400 1379 585 1430; x_wconf 79' lang='grc' dir='ltr'>λαβόντα</span> <span class='ocrx_word' id='word_1_167' title='bbox 621 1378 665 1419; x_wconf 84' lang='grc' dir='ltr'>τὸ</span> <span class='ocrx_word' id='word_1_168' title='bbox 707 1381 987 1431; x_wconf 88' lang='grc' dir='ltr'>γραμματεῖον.</span> <span class='ocrx_word' id='word_1_169' title='bbox 1049 1379 1092 1419; x_wconf 84' lang='grc' dir='ltr'>οὐ</span> <span class='ocrx_word' id='word_1_170' title='bbox 1131 1377 1268 1428; x_wconf 84' lang='grc' dir='ltr'>δήπου.</span> <span class='ocrx_word' id='word_1_171' title='bbox 1329 1377 1465 1417; x_wconf 78' lang='grc' dir='ltr'>οὔκουν</span> 
     </span>
     <span class='ocr_line' id='line_1_20' title="bbox 136 1444 1467 1498; baseline -0.002 -12"><span class='ocrx_word' id='word_1_172' title='bbox 136 1445 226 1487; x_wconf 81' lang='grc' dir='ltr'>οὐδὲ</span> <span class='ocrx_word' id='word_1_173' title='bbox 253 1450 392 1486; x_wconf 86' lang='grc' dir='ltr'>τοῦτον</span> <span class='ocrx_word' id='word_1_174' title='bbox 419 1446 603 1498; x_wconf 84' lang='grc' dir='ltr'>ἀφαιρεῖν</span> <span class='ocrx_word' id='word_1_175' title='bbox 631 1449 708 1486; x_wconf 83' lang='grc' dir='ltr'>τῶν</span> <span class='ocrx_word' id='word_1_176' title='bbox 737 1445 1021 1498; x_wconf 86' lang='grc' dir='ltr'>γεγραμμένων</span> <span class='ocrx_word' id='word_1_177' title='bbox 1051 1447 1120 1485; x_wconf 81' lang='grc' dir='ltr'>ἐᾶν</span> <span class='ocrx_word' id='word_1_178' title='bbox 1143 1444 1347 1497; x_wconf 85' lang='grc' dir='ltr'>προσήκει.</span> <span class='ocrx_word' id='word_1_179' title='bbox 1408 1445 1467 1485; x_wconf 82' lang='grc' dir='ltr'>τίς</span> 
     </span>
    </p>

    <p class='ocr_par' dir='ltr' id='par_1_6' title="bbox 78 1510 1467 1698">
     <span class='ocr_line' id='line_1_21' title="bbox 78 1510 1467 1566; baseline -0.004 -11"><span class='ocrx_word' id='word_1_180' title='bbox 78 1532 118 1555; x_wconf 81' lang='lat'>20</span> <span class='ocrx_word' id='word_1_181' title='bbox 135 1514 211 1566; x_wconf 78' lang='grc' dir='ltr'>γὰρ</span> <span class='ocrx_word' id='word_1_182' title='bbox 250 1513 454 1553; x_wconf 82' lang='grc' dir='ltr'>ἁλώσεταί</span> <span class='ocrx_word' id='word_1_183' title='bbox 489 1530 584 1554; x_wconf 89' lang='grc' dir='ltr'>ποτε</span> <span class='ocrx_word' id='word_1_184' title='bbox 621 1514 983 1565; x_wconf 79' lang='grc' dir='ltr'>ψευδομαρτυρίων,</span> <span class='ocrx_word' id='word_1_185' title='bbox 1025 1514 1058 1552; x_wconf 84' lang='grc' dir='ltr'>εἰ</span> <span class='ocrx_word' id='word_1_186' title='bbox 1095 1510 1336 1564; x_wconf 85' lang='grc' dir='ltr'>μαρτυρήσει</span> <span class='ocrx_word' id='word_1_187' title='bbox 1371 1510 1405 1550; x_wconf 80' lang='grc' dir='ltr'>θ’</span> <span class='ocrx_word' id='word_1_188' title='bbox 1442 1510 1467 1550; x_wconf 75' lang='grc' dir='ltr'>ἃ</span> 
     </span>
     <span class='ocr_line' id='line_1_22' title="bbox 136 1577 1466 1633; baseline -0.002 -14"><span class='ocrx_word' id='word_1_189' title='bbox 136 1580 342 1631; x_wconf 83' lang='grc' dir='ltr'>βούλεται,</span> <span class='ocrx_word' id='word_1_190' title='bbox 377 1579 440 1620; x_wconf 86' lang='grc' dir='ltr'>καὶ</span> <span class='ocrx_word' id='word_1_191' title='bbox 475 1580 599 1633; x_wconf 89' lang='grc' dir='ltr'>λόγον</span> <span class='ocrx_word' id='word_1_192' title='bbox 633 1581 687 1620; x_wconf 79' lang='grc' dir='ltr'>ὧν</span> <span class='ocrx_word' id='word_1_193' title='bbox 723 1580 920 1631; x_wconf 77' lang='grc' dir='ltr'>βούλεται</span> <span class='ocrx_word' id='word_1_194' title='bbox 950 1579 1091 1626; x_wconf 84' lang='grc' dir='ltr'>δώσει;</span> <span class='ocrx_word' id='word_1_195' title='bbox 1129 1577 1220 1619; x_wconf 82' lang='grc' dir='ltr'>ἀλλ’</span> <span class='ocrx_word' id='word_1_196' title='bbox 1259 1578 1333 1631; x_wconf 81' lang='grc' dir='ltr'>οὐχ</span> <span class='ocrx_word' id='word_1_197' title='bbox 1367 1579 1466 1619; x_wconf 82' lang='grc' dir='ltr'>οὕτω</span> 
     </span>
     <span class='ocr_line' id='line_1_23' title="bbox 137 1643 1466 1698; baseline -0.002 -12"><span class='ocrx_word' id='word_1_198' title='bbox 137 1645 244 1687; x_wconf 80' lang='grc' dir='ltr'>ταῦτ’</span> <span class='ocrx_word' id='word_1_199' title='bbox 268 1646 351 1687; x_wconf 83' lang='grc' dir='ltr'>οὔθ’</span> <span class='ocrx_word' id='word_1_200' title='bbox 383 1648 402 1686; x_wconf 92' lang='grc' dir='ltr'>ὁ</span> <span class='ocrx_word' id='word_1_201' title='bbox 428 1646 546 1698; x_wconf 86' lang='grc' dir='ltr'>νόμος</span> <span class='ocrx_word' id='word_1_202' title='bbox 571 1650 716 1687; x_wconf 86' lang='grc' dir='ltr'>διεῖλεν</span> <span class='ocrx_word' id='word_1_203' title='bbox 742 1646 823 1687; x_wconf 76' lang='grc' dir='ltr'>οὔθ’</span> <span class='ocrx_word' id='word_1_204' title='bbox 843 1647 934 1697; x_wconf 83' lang='grc' dir='ltr'>ὑμῖν</span> <span class='ocrx_word' id='word_1_205' title='bbox 958 1646 1115 1687; x_wconf 82' lang='grc' dir='ltr'>ἀκούειν</span> <span class='ocrx_word' id='word_1_206' title='bbox 1138 1644 1344 1697; x_wconf 85' lang='grc' dir='ltr'>προσήκει·</span> <span class='ocrx_word' id='word_1_207' title='bbox 1376 1643 1466 1685; x_wconf 83' lang='grc' dir='ltr'>ἀλλ’</span> 
     </span>
    </p>
   </div>
   <div class='ocr_carea' id='block_1_3' title="bbox 203 1712 290 1728">
    <p class='ocr_par' dir='ltr' id='par_1_7' title="bbox 203 1712 290 1728">
     <span class='ocr_line' id='line_1_24' title="bbox 203 1712 290 1728; baseline 0 0"><span class='ocrx_word' id='word_1_208' title='bbox 203 1712 290 1728; x_wconf 62' lang='grc' dir='ltr'>Αθι</span> 
     </span>
    </p>
   </div>
   <div class='ocr_carea' id='block_1_4' title="bbox 80 1712 1534 1970">
    <p class='ocr_par' dir='ltr' id='par_1_8' title="bbox 137 1712 1464 1766">
     <span class='ocr_line' id='line_1_25' title="bbox 137 1712 1464 1766; baseline -0.001 -12"><span class='ocrx_word' id='word_1_209' title='bbox 137 1715 241 1754; x_wconf 82' lang='grc' dir='ltr'>ἐκειν</span> <span class='ocrx_word' id='word_1_210' title='bbox 273 1718 428 1755; x_wconf 84' lang='grc' dir='ltr'>απλοῦν</span> <span class='ocrx_word' id='word_1_211' title='bbox 448 1714 511 1754; x_wconf 86' lang='grc' dir='ltr'>καὶ</span> <span class='ocrx_word' id='word_1_212' title='bbox 534 1715 698 1755; x_wconf 86' lang='grc' dir='ltr'>δίκαιον.</span> <span class='ocrx_word' id='word_1_213' title='bbox 751 1714 792 1754; x_wconf 89' lang='grc' dir='ltr'>τί</span> <span class='ocrx_word' id='word_1_214' title='bbox 813 1713 1052 1766; x_wconf 87' lang='grc' dir='ltr'>γέγραπται;</span> <span class='ocrx_word' id='word_1_215' title='bbox 1088 1713 1129 1753; x_wconf 89' lang='grc' dir='ltr'>τί</span> <span class='ocrx_word' id='word_1_216' title='bbox 1149 1712 1464 1765; x_wconf 84' lang='grc' dir='ltr'>μεμαρτύρηκας;</span> 
     </span>
    </p>

    <p class='ocr_par' dir='ltr' id='par_1_9' title="bbox 80 1779 1468 1902">
     <span class='ocr_line' id='line_1_26' title="bbox 138 1779 1468 1834; baseline -0.003 -13"><span class='ocrx_word' id='word_1_217' title='bbox 138 1779 247 1821; x_wconf 82' lang='grc' dir='ltr'>ταῦθ’</span> <span class='ocrx_word' id='word_1_218' title='bbox 294 1781 346 1822; x_wconf 82' lang='grc' dir='ltr'>ὡς</span> <span class='ocrx_word' id='word_1_219' title='bbox 389 1780 519 1832; x_wconf 83' lang='grc' dir='ltr'>ἀληθῆ</span> <span class='ocrx_word' id='word_1_220' title='bbox 567 1782 730 1821; x_wconf 87' lang='grc' dir='ltr'>δείκνυε.</span> <span class='ocrx_word' id='word_1_221' title='bbox 792 1782 854 1822; x_wconf 87' lang='grc' dir='ltr'>καὶ</span> <span class='ocrx_word' id='word_1_222' title='bbox 902 1783 976 1834; x_wconf 78' lang='grc' dir='ltr'>γὰρ</span> <span class='ocrx_word' id='word_1_223' title='bbox 1016 1780 1311 1833; x_wconf 75' lang='grc' dir='ltr'>ἀντιγέγραψαι</span> <span class='ocrx_word' id='word_1_224' title='bbox 1345 1781 1468 1819; x_wconf 85' lang='grc' dir='ltr'>ταῦτα</span> 
     </span>
     <span class='ocr_line' id='line_1_27' title="bbox 80 1845 1466 1902; baseline -0.004 -12"><span class='ocrx_word' id='word_1_225' title='bbox 80 1867 118 1900; x_wconf 81' lang='lat'>²5</span> <span class='ocrx_word' id='word_1_226' title='bbox 141 1848 295 1899; x_wconf 47' lang='grc' dir='ltr'>(ἀληθῆ</span> <span class='ocrx_word' id='word_1_227' title='bbox 334 1848 621 1900; x_wconf 84' lang='grc' dir='ltr'>μεμαρτύρηκα,</span> <span class='ocrx_word' id='word_1_228' title='bbox 663 1847 914 1900; x_wconf 82' lang='grc' dir='ltr'>μαρτυρήσας</span> <span class='ocrx_word' id='word_1_229' title='bbox 953 1849 1004 1888; x_wconf 82' lang='grc' dir='ltr'>τὰ</span> <span class='ocrx_word' id='word_1_230' title='bbox 1041 1849 1085 1888; x_wconf 87' lang='grc' dir='ltr'>ἐν</span> <span class='ocrx_word' id='word_1_231' title='bbox 1124 1851 1176 1902; x_wconf 82' lang='grc' dir='ltr'>τῷ</span> <span class='ocrx_word' id='word_1_232' title='bbox 1217 1845 1466 1899; x_wconf 80' lang='grc' dir='ltr'>γραμματείῳ</span> 
     </span>
    </p>

    <p class='ocr_par' dir='ltr' id='par_1_10' title="bbox 138 1911 1534 1970">
     <span class='ocr_line' id='line_1_28' title="bbox 138 1911 1534 1970; baseline -0.001 -14"><span class='ocrx_word' id='word_1_233' title='bbox 138 1914 392 1968; x_wconf 87' lang='grc' dir='ltr'>γεγραμμένα</span> <span class='ocrx_word' id='word_1_234' title='bbox 407 1914 430 1963; x_wconf 89' lang='grc'>’,</span> <span class='ocrx_word' id='word_1_235' title='bbox 462 1915 506 1956; x_wconf 85' lang='grc' dir='ltr'>οὐ</span> <span class='ocrx_word' id='word_1_236' title='bbox 535 1915 579 1955; x_wconf 87' lang='grc' dir='ltr'>τὸ</span> <span class='ocrx_word' id='word_1_237' title='bbox 610 1916 672 1956; x_wconf 85' lang='grc' dir='ltr'>καὶ</span> <span class='ocrx_word' id='word_1_238' title='bbox 697 1915 742 1956; x_wconf 80' lang='grc' dir='ltr'>τὸ</span> <span class='ocrx_word' id='word_1_239' title='bbox 771 1920 848 1956; x_wconf 81' lang='grc' dir='ltr'>τῶν</span> <span class='ocrx_word' id='word_1_240' title='bbox 879 1917 921 1955; x_wconf 89' lang='grc' dir='ltr'>ἐν</span> <span class='ocrx_word' id='word_1_241' title='bbox 944 1919 997 1970; x_wconf 77' lang='grc' dir='ltr'>τῷ</span> <span class='ocrx_word' id='word_1_242' title='bbox 1027 1913 1290 1968; x_wconf 74' lang='grc' dir='ltr'>γραμματείῳ.</span> <span class='ocrx_word' id='word_1_243' title='bbox 1340 1911 1399 1953; x_wconf 82' lang='grc' dir='ltr'>ὅτι</span> <span class='ocrx_word' id='word_1_244' title='bbox 1435 1911 1466 1952; x_wconf 82' lang='grc' dir='ltr'>δ’</span> <span class='ocrx_word' id='word_1_245' title='bbox 1488 1921 1534 1964; x_wconf 83' lang='grc'>46</span> 
     </span>
    </p>
   </div>
   <div class='ocr_carea' id='block_1_5' title="bbox 140 1979 1401 2036">
    <p class='ocr_par' dir='ltr' id='par_1_11' title="bbox 140 1979 1401 2036">
     <span class='ocr_line' id='line_1_29' title="bbox 140 1979 1401 2036; baseline -0.002 -14"><span class='ocrx_word' id='word_1_246' title='bbox 140 1982 240 2022; x_wconf 85' lang='grc' dir='ltr'>οὕτω</span> <span class='ocrx_word' id='word_1_247' title='bbox 263 1982 369 2023; x_wconf 83' lang='grc' dir='ltr'>ταῦτ’</span> <span class='ocrx_word' id='word_1_248' title='bbox 395 1982 492 2035; x_wconf 79' lang='grc' dir='ltr'>ἔχει,</span> <span class='ocrx_word' id='word_1_249' title='bbox 513 1985 620 2034; x_wconf 83' lang='grc' dir='ltr'>λαβὲ</span> <span class='ocrx_word' id='word_1_250' title='bbox 643 1982 715 2033; x_wconf 78' lang='grc' dir='ltr'>τὴν</span> <span class='ocrx_word' id='word_1_251' title='bbox 740 1981 988 2036; x_wconf 76' lang='grc' dir='ltr'>ἀντιγραφὴν</span> <span class='ocrx_word' id='word_1_252' title='bbox 1007 1980 1129 2032; x_wconf 85' lang='grc' dir='ltr'>αὐτήν</span> <span class='ocrx_word' id='word_1_253' title='bbox 1153 1998 1233 2033; x_wconf 90' lang='grc' dir='ltr'>μοι.</span> <span class='ocrx_word' id='word_1_254' title='bbox 1291 1979 1401 2031; x_wconf 90' lang='grc' dir='ltr'>λέγε.</span> 
     </span>
    </p>
   </div>
   <div class='ocr_carea' id='block_1_6' title="bbox 142 2088 1470 2220">
    <p class='ocr_par' dir='ltr' id='par_1_12' title="bbox 142 2088 1470 2220">
     <span class='ocr_line' id='line_1_30' title="bbox 185 2088 1470 2132; baseline -0.003 -9"><span class='ocrx_word' id='word_1_255' title='bbox 185 2101 203 2130; x_wconf 95' lang='grc'><strong>7</strong></span> <span class='ocrx_word' id='word_1_256' title='bbox 226 2091 322 2124; x_wconf 77' lang='grc' dir='ltr'>αὐτὸς</span> <span class='ocrx_word' id='word_1_257' title='bbox 336 2090 456 2122; x_wconf 85' lang='lat' dir='ltr'>Wolf:</span> <span class='ocrx_word' id='word_1_258' title='bbox 480 2092 556 2123; x_wconf 83' lang='grc' dir='ltr'>αὐτὸ</span> <span class='ocrx_word' id='word_1_259' title='bbox 574 2091 661 2130; x_wconf 81' lang='lat' dir='ltr'>vulg.</span> <span class='ocrx_word' id='word_1_260' title='bbox 679 2103 685 2123; x_wconf 77' lang='lat' dir='ltr'>z</span> <span class='ocrx_word' id='word_1_261' title='bbox 711 2094 793 2132; x_wconf 83' lang='grc' dir='ltr'>αὐτῷ</span> <span class='ocrx_word' id='word_1_262' title='bbox 813 2092 842 2122; x_wconf 96' lang='lat' dir='ltr'>D</span> <span class='ocrx_word' id='word_1_263' title='bbox 983 2102 1004 2130; x_wconf 90' lang='lat'><strong>9</strong></span> <span class='ocrx_word' id='word_1_264' title='bbox 1026 2091 1199 2131; x_wconf 80' lang='grc' dir='ltr'>προσήκειν</span> <span class='ocrx_word' id='word_1_265' title='bbox 1213 2103 1298 2130; x_wconf 84' lang='grc' dir='ltr'>αυτῳ</span> <span class='ocrx_word' id='word_1_266' title='bbox 1317 2088 1341 2119; x_wconf 87' lang='lat' dir='ltr'>S</span> <span class='ocrx_word' id='word_1_267' title='bbox 1359 2089 1470 2128; x_wconf 80' lang='grc' dir='ltr'>(αιιτον</span> 
     </span>
     <span class='ocr_line' id='line_1_31' title="bbox 142 2131 1469 2176; baseline -0.002 -11"><span class='ocrx_word' id='word_1_268' title='bbox 142 2135 217 2166; x_wconf 89' lang='lat' dir='ltr'>sort.</span> <span class='ocrx_word' id='word_1_269' title='bbox 237 2133 291 2175; x_wconf 76' lang='lat' dir='ltr'>Sl)</span> <span class='ocrx_word' id='word_1_270' title='bbox 306 2144 314 2165; x_wconf 72' lang='grc' dir='ltr'><em>τ</em></span> <span class='ocrx_word' id='word_1_271' title='bbox 344 2137 427 2176; x_wconf 80' lang='grc' dir='ltr'>αὐτῷ</span> <span class='ocrx_word' id='word_1_272' title='bbox 443 2135 597 2176; x_wconf 80' lang='grc' dir='ltr'>προσήκει</span> <span class='ocrx_word' id='word_1_273' title='bbox 617 2134 642 2165; x_wconf 92' lang='lat' dir='ltr'><strong>F</strong></span> <span class='ocrx_word' id='word_1_274' title='bbox 655 2134 684 2172; x_wconf 81' lang='lat' dir='ltr'>Q</span> <span class='ocrx_word' id='word_1_275' title='bbox 699 2135 728 2164; x_wconf 93' lang='lat' dir='ltr'>D</span> <span class='ocrx_word' id='word_1_276' title='bbox 874 2145 913 2166; x_wconf 92' lang='lat'>10</span> <span class='ocrx_word' id='word_1_277' title='bbox 937 2134 1071 2171; x_wconf 82' lang='grc' dir='ltr'>βέλτιον</span> <span class='ocrx_word' id='word_1_278' title='bbox 1088 2134 1112 2165; x_wconf 84' lang='lat' dir='ltr'>S</span> <span class='ocrx_word' id='word_1_279' title='bbox 1127 2144 1135 2164; x_wconf 88' lang='lat'>:</span> <span class='ocrx_word' id='word_1_280' title='bbox 1161 2132 1339 2170; x_wconf 83' lang='grc' dir='ltr'>βέλτιστον</span> <span class='ocrx_word' id='word_1_281' title='bbox 1357 2132 1422 2169; x_wconf 80' lang='lat' dir='ltr'>FQ</span> <span class='ocrx_word' id='word_1_282' title='bbox 1439 2131 1469 2161; x_wconf 93' lang='lat' dir='ltr'><strong>D</strong></span> 
     </span>
     <span class='ocr_line' id='line_1_32' title="bbox 145 2176 1469 2220; baseline -0.002 -12"><span class='ocrx_word' id='word_1_283' title='bbox 145 2179 183 2208; x_wconf 91' lang='lat'>16</span> <span class='ocrx_word' id='word_1_284' title='bbox 207 2179 303 2220; x_wconf 80' lang='grc' dir='ltr'>φήσει</span> <span class='ocrx_word' id='word_1_285' title='bbox 321 2177 383 2209; x_wconf 75' lang='lat' dir='ltr'>Sl:</span> <span class='ocrx_word' id='word_1_286' title='bbox 407 2186 488 2219; x_wconf 83' lang='grc' dir='ltr'>φησι</span> <span class='ocrx_word' id='word_1_287' title='bbox 507 2179 530 2209; x_wconf 90' lang='lat' dir='ltr'>S</span> <span class='ocrx_word' id='word_1_288' title='bbox 548 2188 635 2209; x_wconf 82' lang='lat' dir='ltr'>corr.</span> <span class='ocrx_word' id='word_1_289' title='bbox 652 2178 742 2218; x_wconf 81' lang='lat' dir='ltr'><strong>vulg.</strong></span> <span class='ocrx_word' id='word_1_290' title='bbox 846 2189 882 2218; x_wconf 89' lang='lat'>17</span> <span class='ocrx_word' id='word_1_291' title='bbox 909 2177 1052 2220; x_wconf 79' lang='grc' dir='ltr'>ἐάσαιτ’]</span> <span class='ocrx_word' id='word_1_292' title='bbox 1070 2192 1084 2210; x_wconf 89' lang='grc' dir='ltr'>ε</span> <span class='ocrx_word' id='word_1_293' title='bbox 1102 2187 1167 2209; x_wconf 88' lang='lat' dir='ltr'>om.</span> <span class='ocrx_word' id='word_1_294' title='bbox 1188 2176 1226 2208; x_wconf 88' lang='lat' dir='ltr'>S1</span> <span class='ocrx_word' id='word_1_295' title='bbox 1328 2185 1369 2206; x_wconf 89' lang='lat'>20</span> <span class='ocrx_word' id='word_1_296' title='bbox 1390 2187 1469 2207; x_wconf 85' lang='grc' dir='ltr'>ποτε</span> 
     </span>
    </p>
   </div>
   <div class='ocr_carea' id='block_1_7' title="bbox 142 2221 528 2254">
    <p class='ocr_par' dir='ltr' id='par_1_13' title="bbox 142 2221 528 2254">
     <span class='ocr_line' id='line_1_33' title="bbox 142 2221 528 2254; baseline 0 -2"><span class='ocrx_word' id='word_1_297' title='bbox 142 2221 242 2252; x_wconf 83' lang='lat' dir='ltr'>Blass</span> <span class='ocrx_word' id='word_1_298' title='bbox 256 2231 265 2252; x_wconf 68' lang='grc' dir='ltr'>ι</span> <span class='ocrx_word' id='word_1_299' title='bbox 287 2223 415 2254; x_wconf 85' lang='grc' dir='ltr'>πώποτε</span> <span class='ocrx_word' id='word_1_300' title='bbox 432 2222 528 2253; x_wconf 90' lang='lat' dir='ltr'>codd.</span> 
     </span>
    </p>
   </div>
   <div class='ocr_carea' id='block_1_8' title="bbox 211 2477 1387 2510">
    <p class='ocr_par' dir='ltr' id='par_1_14' title="bbox 211 2477 1387 2510">
     <span class='ocr_line' id='line_1_34' title="bbox 211 2477 1387 2510; baseline -0.003 -1"><span class='ocrx_word' id='word_1_301' title='bbox 211 2489 298 2510; x_wconf 64' lang='grc' dir='ltr'>ιιι-44</span> <span class='ocrx_word' id='word_1_302' title='bbox 1367 2477 1387 2505; x_wconf 87' lang='grc'>6</span> 
     </span>
    </p>
   </div>
  </div>
 </body>
</html>
