1763 2778
140 123 254 179 van]
324 128 485 167 ΚΑΤΑ
535 129 744 167 ΕΎΕΡΓ.
793 128 897 166 ΚΑΙ
946 129 1208 167 ΜΝΗΣΙΒ.
1255 130 1434 167 ΨΕΤΔ.
1489 123 1621 178 [1144]

141 239 237 293 πρὸς
263 239 484 293 Θεόφημον
514 240 767 291 συμβόλαιον
790 240 864 290 μὲν
886 238 998 280 οὐδὲν
1024 239 1180 280 πώποτε
1211 239 1401 291 πρότερον
1426 240 1469 280 ἐν

140 308 193 363 τῷ
215 307 292 364 βίῳ
308 306 476 360 ἐγένετο,
496 306 575 347 οὐδ’
596 307 642 347 αὖ
663 310 788 358 κῶμος
806 302 829 356 ἦ
850 306 946 358 ἔρως
964 303 987 356 ἢ
1007 307 1138 365 πότος,
1157 307 1262 347 ὥστε
1282 307 1467 359 διαφερό-

141 391 261 426 μενον
302 375 394 427 περί
428 391 535 416 τινος
576 372 917 425 πλεονεκτήματος
963 370 986 424 ἦ
1034 373 1353 425 παροξυνόμενον
1393 373 1470 414 ὑπὸ

140 442 282 492 ἡδονῆς
306 441 410 484 τινὸς
428 442 560 481 ἐλθεῖν
579 442 643 481 ἐπὶ
666 440 737 491 τὴν
757 442 884 481 οἰκίαν
903 440 974 491 τὴν
992 441 1144 481 τούτου.
1193 440 1471 493 ψηφισμάτων

103 528 120 558 5
142 510 183 549 δὲ
207 508 403 561 ὑμετέρων
429 507 552 558 δήμου
578 507 640 548 καὶ
664 510 817 559 βουλῆς
843 508 905 548 καὶ
929 509 1050 558 νόμου
1074 506 1342 558 ἐπιτάξαντος,
1365 508 1468 549 εἰσέ-
1492 507 1621 561 [1145]

141 575 271 627 πραξα
295 579 434 616 τοῦτον
466 575 684 628 ὀφείλοντα
708 576 754 632 τῇ
781 575 897 615 πόλει
928 575 1048 625 σκεύη
1074 574 1265 627 τριηρικά.
1336 574 1385 616 δι’
1411 576 1470 615 ὅτι

141 641 197 689 δέ,
224 643 301 695 ἐγὼ
329 643 421 694 ὑμῖν
451 641 704 694 διηγήσομαι.
771 642 911 696 ἔτυχεν
937 643 1105 685 ἔκπλους
1137 641 1191 683 ὢν
1215 641 1381 695 τριήρων
1410 643 1471 682 καὶ
1491 654 1536 678 20

140 708 309 762 βοήθεια
345 708 674 760 ἀποστελλομένη
715 711 778 749 διὰ
820 709 978 763 τάχους.
1049 709 1169 760 σκεύη
1219 710 1285 750 οὖν
1334 711 1376 750 ἐν
1417 713 1470 764 τῷ

142 777 288 833 νεωρίῳ
309 776 384 831 οὐχ
405 777 584 830 ὑπῆρχεν
601 780 686 818 ταῖς
711 778 864 824 ναυσίν,
882 776 973 817 ἀλλ’
993 776 1153 830 ἔχοντες
1178 779 1214 818 οἱ
1237 778 1471 829 ὀφείλοντες

85 863 124 886 10
143 843 212 884 οὐκ
241 844 494 885 ἀπεδίδοσαν·
532 843 627 895 πρὸς
660 847 702 885 δὲ
732 844 883 885 τούτοις
910 843 990 884 οὐδ’
1016 845 1058 884 ἐν
1081 848 1135 899 τῷ
1169 848 1350 896 Πειραιεῖ
1376 846 1472 885 ὄντα

142 910 299 964 ἄφθονα
318 911 454 951 ὀθόνια
471 911 533 951 καὶ
552 915 770 952 στυππεῖον
790 911 850 951 καὶ
871 912 1044 964 σχοινία,
1065 912 1122 953 οἷς
1141 911 1472 961 κατασκευάζεται

141 977 310 1031 τριήρης,
328 979 433 1019 ὥστε
447 978 653 1030 πρίασθαι.
704 978 850 1031 γράφει
866 979 933 1019 οὖν
950 978 1195 1030 Χαιρέδημος
1213 982 1256 1018 τὸ
1276 977 1473 1031 ψήφισμα

141 1047 261 1092 τουτί,
288 1047 352 1086 ἵνα
388 1046 612 1101 εἰσπραχθῇ
649 1046 697 1085 τὰ
730 1046 850 1096 σκεύη
883 1049 969 1087 ταῖς
999 1046 1117 1086 ναυσὶ
1147 1045 1210 1086 καὶ
1234 1048 1286 1085 σᾶ
1311 1044 1473 1098 γένηται

142 1118 192 1171 τῇ
215 1113 345 1154 πόλει.
416 1113 484 1153 καί
503 1129 571 1163 μοι
596 1111 795 1165 ἀνάγνωθι
818 1112 863 1153 τὸ
888 1111 1098 1166 ψήφισμα.

85 1226 123 1259 15
716 1222 914 1252 ψΗΦιΣΜΑ.

209 1291 360 1332 Τούτου
383 1294 517 1334 τοίνυν
539 1296 609 1334 τοῦ
626 1293 892 1345 ψηφίσματος
921 1291 1197 1344 γεγενημένου,
1224 1291 1247 1343 ἡ
1272 1293 1344 1343 μὲν
1369 1291 1471 1345 ἀρχὴ
1493 1306 1533 1333 21

144 1358 423 1411 ἐπεκλήρωσεν
457 1361 519 1401 καὶ
556 1360 756 1412 παρέδωκε
791 1359 881 1402 τοὺς
917 1361 1155 1411 ὀφείλοντας
1190 1361 1238 1399 τὰ
1271 1360 1390 1409 σκεύη
1426 1359 1471 1415 τῇ

143 1422 287 1477 πόλει[,
315 1427 351 1467 οἱ
374 1429 417 1468 δὲ
442 1432 518 1468 τῶν
543 1429 714 1480 νεωρίων
740 1423 988 1478 ἐπιμεληταὶ]
1011 1430 1092 1468 τοῖς
1117 1426 1367 1480 τριηράρχοις
1391 1429 1473 1468 τοῖς

144 1492 386 1534 ἐκπλέουσιν
421 1495 513 1535 τότε
552 1495 614 1535 καὶ
651 1498 732 1535 τοῖς
772 1495 1028 1545 ἐπιμεληταῖς
1058 1497 1141 1535 τοῖς
1175 1495 1219 1534 ἐν
1254 1497 1338 1535 ταῖς
1372 1510 1469 1544 συμ-

85 1578 126 1600 20
144 1561 310 1612 μορίαις.
381 1561 401 1601 ὁ
449 1563 491 1603 δὲ
537 1562 656 1613 νόμος
693 1562 714 1601 ὁ
756 1564 824 1601 τοῦ
868 1561 1113 1613 Περιάνδρου
1153 1560 1371 1612 ἠνάγκαζεν
1412 1560 1474 1600 καὶ

144 1626 411 1679 προσέταττεν
433 1633 688 1681 παραλαβεῖν
712 1627 802 1670 τοὺς
827 1629 1065 1681 ὀφείλοντας
1090 1629 1136 1667 τὰ
1163 1628 1297 1678 σκεύη,
1321 1626 1404 1667 καθ’
1430 1626 1474 1667 ὃν

145 1695 184 1735 αἱ
222 1696 436 1747 συμμορίαι
472 1695 791 1750 συνετάχθησαν.
863 1695 959 1747 πρὸς
988 1697 1028 1735 δὲ
1054 1695 1206 1736 τούτοις
1231 1695 1366 1747 ἕτερον
1390 1693 1471 1747 ψή-

145 1766 278 1814 φισμα
315 1761 439 1814 δήμου
478 1763 675 1816 ἠνάγκαζε
711 1766 755 1803 τὸ
793 1762 889 1814 πρὸς
926 1761 1043 1815 μέρος
1079 1762 1173 1813 ἡμῖν
1212 1762 1360 1802 διδόναι
1395 1765 1474 1802 τῶν

145 1829 391 1881 ὀφειλόντων
438 1830 608 1871 ἕκαστον
651 1829 956 1882 εἰσπράξασθαι.
1026 1829 1167 1882 ἔτυχον
1205 1828 1251 1879 δὴ
1288 1829 1365 1881 ἐγὼ
1402 1831 1477 1879 μὲν
1494 1841 1537 1867 22

86 1913 125 1945 25
145 1900 391 1950 τριηραρχῶν
425 1897 486 1938 καὶ
519 1896 757 1949 ἐπιμελητὴς
791 1896 844 1937 ὢν
876 1899 944 1947 τῆς
971 1897 1202 1948 συμμορίας,
1233 1895 1473 1949 Δημοχάρης

189 2017 208 2037 2
232 2006 295 2039 οὐδ’
313 2006 450 2048 Sauppe
466 2020 473 2039 :
497 2007 566 2041 οὔτ’
582 2009 681 2040 codd.
813 2010 835 2039 6
859 2009 908 2040 καὶ
921 2010 1039 2040 τοῦτον
1052 2006 1091 2039 S¹
1108 2008 1168 2038 sed
1185 2008 1235 2039 καὶ
1247 2011 1370 2046 puncto
1382 2006 1474 2037 dele-

146 2055 215 2081 tum
326 2052 470 2094 τριηρικά
485 2053 595 2092 codd.‚
612 2054 653 2084 cf.
672 2052 778 2084 Bekk.
796 2052 924 2084 Anecd.
945 2053 1019 2091 236.
1042 2061 1076 2081 11
1095 2063 1101 2081 :
1124 2051 1302 2093 τριηριτικά
1320 2051 1472 2090 Dindorf‚

147 2105 232 2133 quae
250 2093 356 2126 forma
372 2095 537 2128 solemnis
551 2097 584 2128 in
601 2097 706 2127 titulis
722 2096 895 2127 navalibus
1058 2105 1075 2135 7
1103 2095 1238 2126 ἔκπλους
1255 2096 1298 2126 ὢν
1315 2094 1451 2133 Madvig
1467 2105 1475 2124 ε

148 2140 335 2170 ἐκπλουσῶν
346 2138 376 2168 D
393 2150 400 2169 z
424 2147 612 2173 εκπλευσων
628 2141 652 2171 S
668 2152 675 2171 t
701 2142 907 2172 ἐκπλεουσῶν
922 2140 947 2170 F
960 2139 990 2178 Q
1066 2149 1171 2169 10-12
1196 2138 1273 2170 ὄντα
1286 2139 1407 2178 ἄφθονα
1419 2163 1426 2169 .
1441 2161 1447 2168 -
1466 2161 1473 2169 .

146 2181 290 2223 τριηρής]
305 2182 350 2220 -ἧν
365 2183 497 2223 ἀφθονία
511 2184 619 2215 Cobet
731 2194 766 2214 11
794 2187 967 2215 στυππεῖον
982 2183 1008 2213 F
1025 2196 1088 2224 Ὑρ.,
1106 2183 1146 2212 cf.
1166 2182 1407 2212 Meisterhans³
1421 2191 1473 2220 52.

147 2235 211 2263 422
228 2235 236 2256 ε
256 2238 399 2259 στυππια
418 2228 527 2268 (vario
552 2228 708 2268 accentu)
731 2228 828 2259 codd.
905 2238 984 2258 num
1005 2229 1118 2259 τοπεΐα
1136 2225 1380 2256 scribendum?
1419 2225 1470 2256 Cf.

148 2267 173 2300 1·
190 2268 231 2300 G·
251 2267 273 2299 ii
292 2279 356 2309 790
463 2282 500 2310 13
525 2275 567 2304 σᾶ
583 2272 703 2312 scripsi
721 2283 728 2303 z
753 2274 817 2313 σῷα
833 2271 930 2302 codd.
1045 2272 1084 2301 16
1107 2270 1222 2302 τούτου
1239 2270 1344 2301 τοίνυν
1360 2268 1448 2307 vulg.
1467 2279 1475 2299 :

147 2311 264 2344 τούτου
280 2312 306 2344 S
420 2315 459 2345 18
483 2316 511 2347 οἱ
527 2315 560 2347 δὲ
576 2320 642 2348 τῶν
659 2315 682 2346 S
697 2315 764 2353 FQ
782 2327 789 2345 ε
814 2314 849 2346 δὲ
868 2315 946 2345 secl.
972 2313 1096 2354 Baiter,
1116 2324 1180 2345 om.
1199 2314 1240 2343 D.
1288 2313 1316 2343 οἵ
1333 2335 1339 2342 .
1362 2335 1368 2342 .
1385 2336 1392 2343 ,
1411 2314 1474 2343 ἐπι-

147 2357 284 2395 μεληταὶ
302 2356 367 2389 del.
389 2357 523 2398 Lipsius
590 2359 796 2401 τριηράρχαις
809 2358 847 2389 S1
862 2358 892 2397 Q
908 2358 938 2388 D
1028 2368 1066 2387 21
1095 2359 1134 2389 τὰ
1148 2357 1246 2394 σκεύη
1261 2355 1323 2385 del.
1340 2355 1475 2385 Dobree

148 2408 257 2430 21—22
273 2400 343 2432 καθ’
364 2402 402 2433 ὃν
425 2425 432 2432 .
452 2426 460 2433 .
480 2427 487 2434 .
505 2402 756 2444 συνετάχθησαν
778 2407 856 2442 post
879 2401 1069 2443 Περιάνδρου
1091 2406 1217 2441 transp.
1246 2399 1385 2438 Reiske,
1410 2398 1475 2429 del.

150 2441 286 2474 Dobree
355 2455 395 2483 24
421 2445 647 2487 εἰσπράξασθαι
661 2446 694 2484 S,
710 2446 750 2478 cf.
767 2449 782 2484 ξ
797 2447 861 2485 48:
885 2448 1050 2486 εἰσπρᾶξαι
1062 2444 1150 2483 vulg.
1212 2445 1250 2483 δὴ
1262 2442 1375 2482 vulg.:
1400 2442 1431 2473 δὲ
1451 2441 1474 2472 S
