1763 2778
135 155 137 157 .
174 121 234 177 ιν]
554 127 711 164 ΠΡΟΣ
760 127 1116 164 KAAMRAEA
1521 123 1651 178 [1277]

726 223 952 250 ΜΑΡΤΎΡΙΑΙ.

241 281 395 322 Οὔκουν
431 281 572 327 δεινόν,
606 279 636 321 ὦ
670 279 807 332 ἄνδρες
843 280 1038 328 δικασταί,
1073 279 1234 321 τούτους
1270 282 1343 331 μὲν
1378 281 1499 331 μηδὲν
1520 294 1564 319 22

175 348 360 400 ἐγκαλεῖν
395 365 462 399 μοι
495 351 671 389 τοσαῦτα
700 346 1026 400 βεβλαμμένους,
1064 346 1152 398 μηδ’
1190 346 1317 387 ἄλλον
1351 346 1500 398 μηδένα

173 418 251 455 τῶν
289 414 554 468 ἠτυχηκότων,
595 415 703 455 ἀλλὰ
744 415 816 465 τὴν
856 414 981 468 τύχην
1024 413 1221 467 στέργειν,
1264 414 1418 454 τουτονὶ
1458 416 1499 454 δὲ
1522 414 1654 468 [1278]

136 503 154 535 5
175 485 460 534 συκοφαντεῖν,·
499 481 545 523 ὃν
579 483 641 523 ὅτι
674 484 747 534 μὲν
784 481 899 523 αὐτὸς
936 481 1202 534 ἐξημάρτηκεν
1237 485 1395 534 πρῶτον
1428 482 1500 532 μὲν

173 548 245 599 τὴν
270 547 361 589 ὁδὸν
387 548 626 602 στενοτέραν
655 547 840 600 ποιήσας,
867 548 1074 601 ἐξαγαγὼν
1099 548 1172 600 ἔξω
1197 548 1269 599 τὴν
1293 547 1498 600 αἱμασιάν,

174 616 240 656 ἵνα
262 615 476 677 τᾶνδένδρα
499 618 568 667 τῆς
592 617 682 656 ὁδοῦ
712 616 917 668 ποιήσειεν
944 617 1053 662 εἵσω,
1081 615 1216 656 ἔπειτα
1241 618 1283 657 δὲ
1306 615 1376 656 τὸν
1401 617 1500 669 χλῆ-

173 685 242 723 δον
279 683 464 734 ἐκβαλὼν
498 684 554 726 εἰς
589 683 660 734 τὴν
697 683 801 730 ὁδόν,
836 681 884 732 ἐξ
912 684 966 724 ὧν
997 682 1253 736 ὑψηλοτέραν
1284 682 1355 733 τὴν
1379 682 1500 732 αὐτὴν

174 749 238 790 καὶ
263 749 502 802 στενοτέραν
526 753 769 801 πεποιῆσθαι
799 749 1072 802 συμβέβηκεν,
1100 752 1141 790 ἐκ
1170 754 1249 791 τῶν
1279 753 1500 802 μαρτυριῶν

117 838 154 859 10
174 816 297 858 αὐτίκ’
327 818 488 859 εἴσεσθε
517 817 785 871 σαφέστερον,
813 819 874 859 ὅτι
904 817 937 858 δ’
962 818 1074 858 οὐδὲν
1111 817 1377 858 ἀπολωλεκὼς
1413 816 1499 856 οὐδὲ
1522 832 1564 866 23

174 882 561 936 καταβεβλαμμένος
580 884 690 936 ἄξιον
708 885 834 937 λόγου
852 885 1090 935 τηλικαύτην
1108 902 1176 936 μοι
1195 885 1305 935 δίκην
1326 885 1500 937 εἴληχεν,

173 951 279 992 τοῦθ’
302 952 401 1003 ὑμᾶς
425 951 496 1003 ἤδη
522 952 763 1005 πειράσομαι
787 951 1002 993 διδάσκειν.
1073 954 1142 1002 τῆς
1165 953 1242 1005 γὰρ
1265 950 1408 1003 μητρὸς
1433 953 1502 1001 τῆς

175 1020 270 1070 ἐμῆς
294 1018 499 1072 χρωμένης
529 1025 577 1078 τῇ
609 1020 758 1060 τούτων
788 1020 906 1072 μητρὶ
939 1020 1031 1072 πρὶν
1060 1019 1220 1061 τούτους
1250 1020 1502 1072 ἐπιχειρῆσαι

173 1103 223 1138 με
271 1090 550 1138 συκοφαντεῖν,
596 1087 659 1127 καὶ
696 1090 793 1139 πρὸς
835 1085 1017 1137 ἀλλήλας
1059 1085 1373 1139 ἀφικνουμένων,
1417 1086 1501 1125 οἷον

117 1171 153 1203 ¹5
175 1152 278 1196 εἰκὸς
302 1153 382 1205 ἅμα
405 1156 476 1205 μὲν
496 1153 731 1207 ἀμφοτέρων
757 1155 951 1195 οἰκουσῶν
972 1156 1014 1194 ἐν
1033 1154 1138 1209 ἀγρῷ
1157 1153 1218 1193 καὶ
1244 1157 1498 1205 γειτνιωσῶν,

174 1219 254 1272 ἅμα
279 1222 321 1262 δὲ
345 1225 423 1262 τῶν
448 1221 600 1274 ἀνδρῶν
624 1220 839 1275 χρωμένων
865 1220 1058 1271 ἀλλήλοις
1084 1221 1155 1262 ἕως
1176 1220 1285 1270 ἔζων,
1307 1221 1502 1270 ἐλθούσης
1522 1235 1566 1267 24

175 1289 216 1329 δὲ
241 1290 309 1339 τῆς
335 1289 430 1339 ἐμῆς
452 1287 599 1341 μητρὸς
624 1288 675 1330 ὡς
699 1288 770 1339 τὴν
788 1289 938 1330 τούτων
955 1289 1017 1329 καὶ
1038 1286 1334 1340 ἀποδυραμένης
1355 1287 1503 1337 ἐκείνης

174 1353 223 1396 τὰ
248 1355 461 1407 συμβάντα
487 1356 549 1396 καὶ
574 1356 839 1407 δεικνυούσης,
862 1357 983 1398 οὕτως
1001 1356 1223 1406 ἐπυθόμεθα
1247 1353 1362 1395 πάνθ’
1378 1354 1501 1405 ἡμεῖς,

175 1420 206 1463 ὦ
229 1421 367 1475 ἄνδρες
392 1423 587 1464 δικασταί·
625 1424 689 1465 καὶ
712 1422 819 1476 λέγω
844 1425 917 1475 μὲν
947 1422 1045 1475 ἅπερ
1070 1422 1223 1474 ἤκουσα
1250 1424 1319 1473 τῆς
1343 1421 1501 1474 μητρός,

117 1507 157 1529 20
176 1490 277 1530 οὕτω
308 1507 376 1541 μοι
412 1490 530 1532 πόλλ’
564 1491 693 1543 ἀγαθὰ
724 1489 891 1543 γένοιτο,
927 1491 962 1532 εἰ
996 1492 1038 1531 δὲ
1068 1490 1280 1542 ψεύδομαι,
1314 1490 1504 1530 τάναντία

176 1556 337 1598 τούτων·
375 1556 398 1608 ἧ
421 1557 499 1609 μὴν
523 1558 619 1610 ὁρᾶν
653 1558 713 1598 καὶ
746 1561 815 1609 τῆς
851 1558 1002 1598 τούτων
1036 1556 1180 1609 μητρὸς
1219 1555 1372 1597 ἀκούειν
1410 1555 1500 1608 ἔφη,

178 1627 318 1677 κριθῶν
340 1626 413 1676 μὲν
436 1627 671 1678 βρεχθῆναι,
701 1626 764 1666 καὶ
793 1623 1097 1678 ξηραινομένους
1121 1625 1218 1665 ἰδεῖν
1248 1622 1380 1673 αὑτήν,
1405 1625 1503 1674 μηδὲ

176 1695 280 1743 τρεῖς
304 1692 523 1743 μεδίμνους,
552 1692 729 1745 ἀλεύρων
753 1691 787 1732 δ’
808 1692 859 1734 ὡς
878 1691 1150 1744 ἡμιμέδιμνον·
1187 1691 1323 1730 ἐλαίου
1348 1688 1381 1730 δ’
1405 1690 1503 1730 ἀπο-

178 1761 359 1809 κλιθῆναι
382 1761 456 1810 μὲν
486 1759 669 1812 κεράμιον
695 1758 883 1812 φάσκειν,
909 1759 954 1800 οὐ
982 1758 1119 1810 μέντοι
1149 1760 1290 1799 παθεῖν
1314 1755 1351 1810 γ’
1377 1755 1501 1796 οὐδέν.

117 1842 157 1875 ²5
176 1825 350 1873 τοσαῦτ’,
377 1824 406 1866 ὦ
432 1826 570 1879 ἄνδρες
602 1828 799 1873 δικασταί,
833 1828 882 1868 τὰ
915 1824 1112 1877 συμβάντ’
1146 1824 1193 1876 ἧν
1224 1824 1390 1871 τούτοις,
1417 1823 1501 1864 ἀνθ’
1524 1838 1565 1872 25

176 1894 232 1934 ὧν
255 1893 334 1947 ἐγὼ
357 1894 501 1948 χιλίων
525 1896 711 1947 δραχμῶν
735 1895 847 1945 δίκην
867 1894 1056 1945 ἀτίμητον
1077 1893 1227 1945 φεύγω.
1300 1891 1345 1932 οὐ
1362 1892 1437 1944 γὰρ
1457 1890 1502 1940 δὴ

219 2018 239 2048 5
262 2008 314 2049 ὃν]
336 2010 371 2042 ὃς
386 2008 418 2040 Α
537 2011 559 2040 6
583 2009 782 2052 στενωτέραν
805 2008 837 2039 Α
853 2009 907 2041 hic
924 2014 958 2040 et
979 2009 1076 2048 infra,
1098 2007 1266 2047 Harpocr.
1291 2017 1360 2038 S.v.
1379 2008 1504 2048 χλῆδος

178 2063 195 2092 7
220 2053 272 2084 vel
291 2051 366 2097 (τὰ)
381 2056 438 2092 τῆς
458 2053 511 2084 vel
534 2054 606 2095 [τῆς
629 2054 717 2095 ὁδοῦ]
746 2054 880 2084 Dobree
1029 2054 1050 2083 8
1076 2054 1224 2088 ἐκβαλὼν
1247 2051 1276 2081 D
1290 2050 1373 2091 pr.
1392 2050 1422 2088 Q
1435 2063 1500 2091 yp..

178 2096 347 2136 Harpocr.
368 2098 519 2136 (praeter
532 2099 604 2129 cod.
625 2098 651 2128 C
670 2099 725 2137 qui
741 2097 905 2137 ἐμβαλὼν)
921 2108 928 2128 :
955 2096 1129 2137 ἐμβάλλων
1147 2096 1170 2126 S
1185 2095 1210 2125 F
1227 2094 1256 2132 Q
1275 2106 1282 2125 τ
1308 2095 1458 2133 ἐμβαλὼν
1472 2092 1504 2122 Α

175 2142 237 2178 τὴν
260 2142 360 2179 αὐτὴν
385 2141 484 2172 sslass
507 2142 580 2172 coll.
609 2142 774 2180 Harpocr.
819 2142 874 2180 qui
901 2144 949 2181 ὑψ.
977 2142 1026 2171 καὶ
1053 2153 1105 2171 στ.
1131 2140 1192 2176 τὴν
1217 2140 1315 2175 αὐτὴν
1338 2138 1412 2169 ὁδὸν
1431 2137 1504 2175 π.);

177 2185 238 2223 τὴν
254 2185 327 2216 ὁδὸν
343 2184 368 2215 S
383 2184 407 2214 F
418 2185 448 2222 Q
462 2185 491 2214 D
506 2196 512 2216 ε
537 2184 566 2216 τ’
593 2185 669 2217 εἶναι
693 2187 753 2223 τὴν
768 2186 841 2216 ὁδὸν
857 2183 888 2214 Λ
1024 2193 1061 2222 15
1086 2183 1256 2214 οἰκούντων
1273 2181 1457 2221 ἀμφοτέρων
1472 2178 1504 2208 Λ

176 2240 383 2268 ’γειτνιουσων
394 2228 431 2259 Sl
517 2239 553 2268 17
573 2228 808 2270 ἀποδυραμένης
824 2228 848 2258 S
862 2227 948 2266 vulg.
964 2238 970 2259 :
989 2227 1222 2267 ἀποδυρομένης
1233 2225 1264 2254 Λ
1333 2226 1370 2254 18
1387 2224 1503 2255 πάντες

177 2271 202 2302 S
216 2271 246 2309 Q
262 2272 291 2301 D
396 2283 434 2311 19
458 2273 507 2304 καὶ
525 2274 552 2304 εἷ
568 2272 655 2312 λέγω
670 2272 702 2302 Α
720 2282 804 2302 corr.
912 2283 953 2301 20
978 2273 1073 2302 οὕτως
1093 2272 1159 2309 ἐμοὶ
1180 2270 1202 2300 S
1218 2269 1241 2299 F
1255 2268 1284 2306 Q
1299 2268 1328 2297 D
1396 2268 1503 2298 πολλὰ

177 2316 301 2355 κάγαθὰ
314 2315 420 2354 Blass,
433 2316 492 2346 sed
507 2316 549 2346 cf.
563 2315 609 2345 liv
619 2326 671 2355 41,
687 2316 839 2347 Prooem.
852 2315 957 2345 xxxiii
968 2325 988 2344 2
1078 2324 1119 2343 22
1143 2317 1300 2353 βρεχηναι
1315 2311 1339 2341 S
1407 2311 1504 2348 αὑτήν

177 2357 342 2390 Schaeser
358 2370 365 2389 :
388 2359 487 2398 αὐτήν
497 2359 778 2397 codd.‚Aristeid.
795 2370 825 2399 p.
841 2370 904 2397 452
994 2367 1034 2395 23
1052 2358 1259 2393 ἀποκλιθῆναι
1272 2355 1297 2384 F
1313 2355 1342 2392 Q
1358 2354 1386 2383 D
1403 2365 1409 2383 :
1430 2355 1502 2385 ἀπο-

178 2405 334 2440 κληθῆναι
356 2402 401 2433 S:
426 2404 654 2441 ἂποκλινθῆναι
674 2402 730 2433 A:
753 2404 974 2440 ἀποβληθῆναι
999 2401 1113 2431 Nabcr
1216 2409 1255 2437 24
1280 2398 1387 2438 μέντοι
1410 2397 1501 2435 vulg,

176 2445 341 2477 Aristeid.
358 2455 366 2476 ε
388 2445 497 2486 μέντοι
513 2459 551 2487 ’γε
568 2446 594 2477 S
726 2456 767 2485 25
791 2446 844 2487 ἧν]
863 2446 932 2477 ἐστὶ
948 2444 981 2475 Α
1068 2444 1195 2476 τούτοις
1210 2442 1242 2472 Α
1258 2453 1265 2472 :
1287 2441 1388 2482 τούτῳ
1405 2445 1481 2471 cett.
