1763 2778
138 148 269 203 [1213]
686 138 1203 196 [ΔΙΙΜΟΣΘΕΝΟΎΣ]
1578 136 1616 191 [L

291 246 361 296 τὴν
388 245 523 299 ἄφιξιν
548 246 619 296 τὴν
651 246 705 287 εἰς
732 244 888 291 Θάσον,
916 245 1155 297 ἀφικόμενος
1184 242 1415 294 παρέπεμπε
1448 241 1569 283 πάλιν
1595 243 1614 281 ὁ

290 313 522 366 Τιμόμαχος
549 314 650 365 μετὰ
679 316 756 353 τῶν
785 312 952 352 Θασίων
984 313 1038 352 εἰς
1070 307 1170 362 [τὴν]
1199 309 1379 362 Στρύμην
1413 313 1526 349 σῖτον
1552 309 1614 348 καὶ

229 400 271 424 22
292 380 532 427 πελταστάς,
570 380 621 421 ὡς
657 379 993 432 παραληψόμενος
1029 377 1144 419 αὐτὸς
1178 380 1221 417 τὸ
1257 377 1418 430 χωρίον.
1489 393 1611 427 παρα-

291 446 522 498 ταξαμένων
540 449 580 487 δὲ
599 449 846 498 Μαρωνιτῶν
870 446 962 496 ἡμῖν
987 449 1072 487 ταῖς
1090 445 1231 486 ναυσὶν
1254 445 1352 495 ὑπὲρ
1377 447 1445 483 τοῦ
1469 444 1615 496 χωρίου

292 514 430 554 τούτου
463 517 524 554 καὶ
560 514 790 565 μελλόντων
826 511 1112 566 ναυμαχήσειν,
1148 512 1210 552 καὶ
1246 514 1324 551 τῶν
1362 513 1616 562 στρατιωτῶν
1635 519 1652 550 5

293 582 570 634 ἀπειρηκότων,
591 584 717 621 πλοῦν
743 579 869 620 πολὺν
892 579 1173 620 πεπλευκότων
1194 579 1256 619 καὶ
1275 582 1399 618 πλοῖα
1416 577 1616 619 ἑλκόντων

293 649 334 688 ἐκ
372 647 515 689 Θάσου
552 649 607 689 εἰς
643 647 837 699 Στρύμην,
876 646 934 687 ἔτι
975 648 1018 687 δὲ
1055 649 1250 700 χειμῶνος
1289 647 1404 687 ὄντος
1447 644 1508 684 καὶ
1549 647 1617 683 τοῦ

291 716 439 768 χωρίου
475 714 675 765 ἀλιμένου,
715 715 777 754 καὶ
812 715 980 765 ἐκβῆναι
1012 713 1080 753 οὐκ
1112 711 1159 753 ὂν
1188 713 1278 753 οὐδὲ
1312 709 1616 761 δειπνοποιήσα-

293 784 387 822 σθαι
419 783 611 832 πολεμίας
641 783 710 831 τῆς
742 781 873 835 χώρας
907 781 1028 831 οὔσης
1053 780 1116 820 καὶ
1140 778 1461 831 περικαθημένων
1488 778 1614 832 κύκλῳ

291 848 336 889 τὸ
360 852 492 903 τεῖχος
518 848 580 889 καὶ
604 847 728 899 ξένων
751 848 1012 900 μισθοφόρων
1039 848 1100 888 καὶ
1130 846 1348 898 βαρβάρων
1374 845 1613 897 προσοίκων,
1640 864 1675 885 10

292 917 506 968 ἀναγκαῖον
530 914 578 966 ἦν
598 915 659 956 ἐπ’
679 915 850 967 ἀγκύρας
871 914 1136 955 ἀποσαλεύειν
1155 913 1226 963 τὴν
1246 914 1365 954 νύκτα
1383 912 1614 964 μετεώρους,

292 983 452 1025 ἀσίτους
477 983 540 1023 καὶ
565 983 799 1035 ἀγρύπνους,
827 981 1148 1035 φυλαττομένους
1171 980 1223 1032 μὴ
1256 982 1324 1030 τῆς
1357 983 1493 1021 νυκτὸς
1524 978 1617 1030 ἡμῖν

228 1067 272 1102 23
293 1051 503 1091 ἐπιθῶνται
544 1051 584 1090 αἱ
626 1052 872 1102 Μαρωνιτῶν
914 1049 1097 1101 τριήρεις.
1167 1048 1224 1088 ἔτι
1266 1049 1307 1088 δὲ
1349 1046 1501 1098 συνέβη
1549 1048 1618 1096 τῆς

291 1116 428 1158 νυκτὸς
469 1116 550 1171 ὥρᾳ
592 1116 701 1159 ἔτους
742 1118 845 1169 ὕδωρ
884 1117 946 1157 καὶ
988 1114 1161 1168 βροντὰς
1203 1115 1267 1155 καὶ
1305 1114 1450 1165 ἄνεμον
1490 1112 1617 1165 μέγαν

290 1183 479 1236 γενέσθαι
511 1183 589 1235 (ὑπ’
622 1184 740 1227 αὐτᾶς
771 1185 847 1237 γὰρ
880 1182 1090 1223 Πλειάδων
1124 1182 1257 1224 δύσεις
1287 1183 1323 1222 οἱ
1348 1181 1485 1234 χρόνοι
1511 1180 1617 1220 οὗτοι
1639 1197 1678 1231 15

139 1254 270 1310 [1214]
292 1250 423 1302 ἦσαν),
463 1250 510 1302 ἐξ
544 1252 599 1292 ὧν
635 1251 721 1292 τίνα
761 1250 829 1291 οὐκ
867 1252 1013 1296 οἴεσθε,
1054 1248 1084 1290 ‹T›
1124 1249 1261 1301 ἄνδρες
1301 1248 1496 1294 δικασταί,
1535 1251 1619 1289 τοῖς

291 1318 550 1370 στρατιώταις
586 1319 752 1368 ἀθυμίαν
791 1319 1004 1369 ἐμπεσεῖν,·
1043 1317 1174 1367 πόσην
1205 1315 1247 1356 δέ
1276 1332 1342 1367 μοι
1370 1317 1469 1367 μετὰ
1497 1318 1618 1354 ταῦτα

290 1386 509 1438 ἀπόλειψιν
532 1385 721 1438 γενέσθαι
752 1384 889 1435 πάλιν,
916 1387 994 1425 τῶν
1026 1385 1202 1437 ἀρχαίων
1234 1386 1387 1423 ναυτῶν
1420 1387 1618 1422 ταλαιπω-

286 1451 489 1504 ρουμένων
523 1454 596 1503 μὲν
632 1452 777 1498 πολλά,
817 1451 1108 1504 ὠφελουμένων
1142 1453 1185 1492 δὲ
1219 1449 1391 1503 βραχέα,
1421 1450 1499 1489 ὅσα
1537 1449 1615 1500 ἐγὼ

291 1520 480 1570 δυναίμην
506 1518 658 1574 ἑκάστῳ
684 1519 956 1570 δανειζόμενος
986 1517 1203 1570 ἐπαρκέσαι
1235 1516 1333 1568 πρὸς
1369 1515 1398 1572 ᾧ
1423 1516 1614 1570 πρότερον
1637 1531 1677 1553 20

291 1585 403 1639 εἶχον
434 1585 525 1638 παρ’
561 1587 666 1637 ἐμοῦ,
696 1586 780 1626 ἐπεὶ
811 1587 833 1625 ὅ
857 1603 904 1638 γε
937 1585 1160 1638 στρατηγὸς
1189 1584 1277 1624 οὐδὲ
1308 1587 1351 1624 τὸ
1376 1583 1442 1636 ἐφ’
1466 1582 1616 1635 ἡμέραν

290 1652 421 1695 αὐτοῖς
445 1653 599 1706 τροφὴν
623 1656 759 1705 διαρκῆ
785 1654 926 1693 ἐδίδου.
998 1652 1061 1692 καὶ
1093 1651 1166 1703 ἤδη
1195 1655 1300 1703 τρεῖς
1331 1654 1452 1702 μῆνες
1485 1651 1618 1691 ἐπετε-

289 1720 577 1773 τριηράρχηντό
609 1737 689 1771 μοι,
730 1720 792 1760 καὶ
829 1719 981 1760 οὐδέπω
1019 1719 1131 1760 οὗτος
1167 1718 1259 1769 ἧκεν
1296 1719 1359 1759 ἐπὶ
1395 1717 1467 1768 τὴν
1508 1719 1616 1763 ναῦν,

291 1786 384 1827 ἀλλ’
417 1787 662 1838 ἐμισθούμην
698 1787 840 1828 ναύτας
877 1788 965 1828 ἀντὶ
1001 1790 1079 1827 τῶν
1114 1785 1408 1832 ἀπολιπόντων,
1446 1784 1618 1834 δανειζό-

290 1871 406 1904 μενος
431 1854 629 1906 ἀργύριον.
1640 1867 1678 1898 ²5

229 1935 272 1968 24
359 1921 482 1975 Μόνῳ
506 1922 638 1962 τοίνυν
662 1921 786 1975 τούτῳ
810 1924 889 1961 τῶν
913 1920 1050 1961 ἄλλων
1075 1920 1272 1972 διαδόχων
1303 1918 1372 1960 οὐκ
1403 1919 1492 1960 ἔστι
1519 1919 1614 1970 πρό-

292 1993 417 2040 φασις
444 1988 749 2038 ὑπολειπομένη,
780 1987 828 2028 δι’
862 1990 884 2028 ὅ
914 2005 952 2028 τι
985 1989 1029 2028 οὐ
1053 1987 1178 2028 πάλαι
1203 1986 1296 2037 ἧκεν
1321 1986 1384 2026 ἐπὶ
1409 1985 1480 2036 τὴν
1509 1989 1614 2027 ναῦν.

291 2055 313 2093 ὁ
352 2055 429 2107 γὰρ
467 2054 684 2105 Εὐκτήμων
725 2055 745 2093 ὁ
782 2056 1135 2108 πεντηκόνταρχος,
1174 2054 1224 2096 ὡς
1262 2055 1304 2094 ἐκ
1338 2056 1407 2093 τοῦ
1441 2052 1618 2103 Ἑλλησ-

292 2121 438 2161 πόντου
485 2121 692 2171 ἀπεστάλη
736 2123 867 2163 οἵκαδε
909 2121 1149 2171 ἀσθενήσας,
1195 2120 1328 2170 ἐπειδὴ
1370 2119 1617 2160 κατέπλευσε

292 2188 356 2228 καὶ
387 2187 534 2239 ἤκουσε
568 2191 708 2228 τοῦτον
741 2189 828 2239 ἐμοὶ
861 2187 1047 2242 διάδοχον
1084 2187 1366 2236 καθεστηκότα,
1400 2187 1511 2229 εἰδὼς
1545 2186 1616 2226 τόν
1636 2206 1677 2236 30

345 2306 364 2326 2
388 2297 448 2335 τὴν
464 2295 544 2327 secl.
559 2296 668 2335 Blass,
689 2296 730 2328 cf.
747 2299 762 2334 ξ
777 2306 819 2335 32
910 2296 1076 2338 Στρύμνην
1093 2295 1122 2326 Α
1138 2295 1168 2326 D
1278 2297 1299 2326 6
1323 2296 1372 2328 καὶ
1391 2298 1488 2327 πλοῖα
1503 2294 1616 2327 ἑλκόν-

291 2353 354 2371 των
371 2350 434 2371 om.
453 2339 477 2370 S
653 2341 673 2369 8
697 2338 750 2380 ὃν]
768 2340 808 2378 ἦν
823 2340 855 2369 Α
1034 2351 1070 2370 ιο
1095 2340 1188 2379 prius
1204 2340 1254 2371 καὶ
1272 2349 1337 2369 om.
1353 2339 1384 2368 A
1507 2342 1615 2379 μισθο-

291 2383 396 2424 φόρων
406 2383 470 2414 del.
488 2383 596 2413 Cobet
745 2392 782 2421 13
808 2384 854 2415 ἔτι
870 2382 901 2412 Α
915 2393 923 2413 :
948 2384 1013 2414 ἐπεὶ
1032 2382 1056 2413 S
1068 2383 1092 2412 F
1105 2383 1135 2420 Q
1286 2392 1322 2421 15
1346 2382 1419 2423 γὰρ]
1434 2383 1496 2423 ’γὰρ
1510 2383 1569 2414 τὰς
1585 2382 1616 2413 Α

294 2436 331 2465 19
355 2426 575 2466 ὀφελουμένων
593 2425 617 2457 S
707 2436 745 2456 21
771 2427 809 2458 τὸ
828 2425 892 2467 ἐφ’]
910 2427 972 2464 τὴν
990 2428 1038 2467 ἐφ’
1056 2426 1086 2465 Q
1100 2426 1128 2456 D
1217 2436 1258 2464 24
1283 2425 1358 2457 ἀλλ’
1373 2424 1455 2467 (ἀεὶ)
1471 2425 1616 2465 ἐμισθού-

290 2483 352 2509 μην
371 2470 482 2500 Naber
615 2470 855 2502 ἀπολειπόντων
878 2470 901 2500 S
1033 2479 1076 2508 30
1099 2469 1324 2509 καθεστηκότα
1338 2479 1402 2500 om.
1421 2468 1453 2499 A
