1763 2778
121 132 259 188 [1224]

677 131 1192 187 [ΔΙ-ΙΜΟΣΘΕΝΟὙΣ]
1560 130 1598 186 [L

274 236 421 287 ἡλίκων
446 239 522 276 τῶν
540 235 743 286 ἐπιτιμίων
762 236 900 281 ὄντων,
919 233 987 275 ἐάν
1006 251 1064 275 τις
1089 233 1140 285 μὴ
1161 231 1382 284 διαδέξηται
1406 233 1477 284 τὴν
1503 236 1598 274 ναῦν

274 304 316 344 ἐν
343 307 394 358 τῷ
425 303 554 358 χρόνῳ
585 307 638 358 τῷ
670 301 870 356 εἰρημένῳ,
899 302 1198 354 κατεφρόνησεν
1232 300 1300 341 οὐκ
1333 302 1426 352 ἐμοῦ
1458 301 1593 352 μόνον,

211 377 252 422 58
274 372 378 411 ἀλλὰ
405 372 468 411 καὶ
490 371 599 421 ὑμῶν
625 370 687 409 καὶ
712 373 790 410 τῶν
816 370 959 420 νόμων.
1033 370 1095 410 καὶ
1121 370 1184 409 διὰ
1209 370 1280 419 μὲν
1305 372 1443 408 τοῦτον
1468 367 1597 409 πάντα

272 438 319 493 τῇ
352 438 468 478 πόλει
496 437 675 488 ἄπρακτα
709 435 876 488 γέγονεν
913 437 976 478 καὶ
1006 439 1088 477 τοῖς
1126 434 1361 488 συμμάχοις·
1401 436 1489 476 οὔτε
1520 436 1596 487 γὰρ

272 505 437 557 ἀφίκετο
472 505 535 545 ἐπὶ
568 503 639 554 τὴν
671 507 765 544 ναῦν
796 505 893 543 κατὰ
929 503 997 545 τὸν
1031 503 1164 554 νόμον,
1197 501 1276 543 οὔτ’
1311 502 1444 552 ἐπειδὴ
1474 501 1597 552 ἦλθεν

271 570 449 622 ἠθέλησε
479 570 749 621 διαδέξασθαι·
800 571 878 623 ἐγὼ
911 573 953 612 δὲ
987 570 1049 611 καὶ
1078 570 1147 621 τὸν
1182 571 1278 621 ὑπὲρ
1309 570 1476 619 ἐμαυτοῦ
1506 571 1597 620 ὑμῖν

271 639 418 692 χρόνον
452 639 514 679 καὶ
546 639 614 679 τὸν
646 639 743 690 ὑπὲρ
771 641 841 678 τοῦ
873 637 1186 691 συντριηράρχου
1218 637 1506 692 ἐλῃτούργησα,
1535 637 1597 677 καὶ

272 706 406 757 ἐπειδὴ
424 704 570 757 ἐξῆλθέ
589 722 656 753 μοι
681 705 701 745 ὁ
726 705 870 759 χρόνος
894 707 962 755 τῆς
986 705 1253 758 τριηραρχίας,
1282 702 1597 756 προστάττοντός

271 790 336 824 μοι
361 776 430 814 τοῦ
449 776 670 825 στρατηγοῦ
693 776 808 812 πλεῖν
826 771 893 824 ἐφ’
918 771 1041 824 Ἱερὸν
1062 771 1305 824 παρέπεμψα
1329 774 1380 825 τῷ
1401 769 1508 825 δήμῳ
1527 770 1597 811 τὸν

209 855 252 891 59
272 843 396 886 σῖτον,
423 841 487 880 ἵνα
511 840 629 893 ἔχητε
652 839 830 892 ἄφθονον
851 839 1039 879 ὠνεῖσθαι
1065 838 1126 878 καὶ
1150 841 1271 889 μηδὲν
1290 839 1380 890 ὑμῖν
1403 833 1491 889 (τὸ)
1515 837 1596 878 κατ’

272 909 339 958 ἐμὲ
365 908 609 958 ἐλλείπηται,
649 906 711 947 καὶ
741 905 848 946 ἄλλα
878 907 956 946 ὅσα
985 903 1008 956 ἢ
1041 907 1125 957 ἐμοὶ
1158 902 1181 955 ἦ
1217 906 1263 961 τῇ
1297 903 1445 957 τριήρει
1478 905 1594 956 ἐβου-

270 972 372 1025 λήθη
405 975 425 1014 ὁ
457 973 679 1026 στρατηγὸς
707 975 894 1027 χρῆσθαι,
929 972 1135 1026 παρέσχον
1166 971 1275 1028 αὐτῷ,
1302 972 1346 1012 οὐ
1374 973 1495 1023 μόνον
1523 971 1596 1022 τὴν

272 1041 414 1082 οὐσίαν
441 1042 682 1088 ἀναλίσκων,
713 1041 821 1082 ἀλλὰ
854 1041 916 1081 καὶ
951 1044 1004 1095 τῷ
1043 1040 1196 1091 σώματι
1235 1040 1466 1080 κινδυνεύων
1499 1055 1593 1079 συν-

272 1108 486 1155 επιπλέων,
513 1112 590 1150 τῶν
615 1110 770 1150 οἰκείων
799 1125 865 1160 μοι
894 1106 1136 1161 πραγμάτων
1171 1107 1358 1147 τοιούτων
1384 1109 1593 1157 συμβεβη-

272 1176 396 1216 κότων
423 1178 465 1217 ἐν
488 1177 541 1231 τῷ
562 1177 652 1218 τότε
679 1180 810 1231 καιρῷ,
829 1176 933 1216 ὥστε
958 1177 1055 1226 ὑμᾶς
1080 1174 1128 1215 ἂν
1154 1175 1399 1216 ἀκούσαντας
1416 1174 1595 1223 ἐλεῆσαι.

113 1218 252 1319 [122ἓῖ
270 1243 293 1294 ἡ
309 1243 382 1294 μέν
399 1261 444 1296 γε
459 1243 586 1295 μήτηρ
605 1244 746 1294 ἔκαμνε
774 1243 834 1283 καὶ
854 1242 1088 1284 ἐπιθάνατος
1108 1241 1154 1292 ἦν
1175 1244 1269 1293 ἐμοῦ
1288 1242 1595 1291 ἀποδημοῦντος,

206 1652 247 1686 61

281 1313 290 1323 a

271 1310 376 1352 ὥστε
398 1310 659 1362 μὴδύνασθαι
684 1308 759 1363 [ἂν]
785 1310 843 1350 ἔτι
867 1309 987 1360 αὐτὴν
1007 1311 1211 1361 βοηθῆσαι
1235 1312 1316 1350 τοῖς
1337 1309 1444 1360 ἐμοῖς
1469 1307 1594 1360 πράγ-

269 1394 394 1428 μασιν
433 1377 702 1429 ἀνηλωμένοις
744 1377 835 1418 ἀλλ’
876 1374 899 1427 ἢ
938 1376 1110 1430 βραχέα.
1181 1378 1332 1418 ἑκταῖος
1372 1377 1449 1428 γὰρ
1491 1375 1597 1425 ἥκων

271 1444 505 1499 ἐτύγχανον,
528 1446 590 1486 καὶ
615 1446 742 1495 ἐκείνη
762 1443 900 1485 ἰδοῦσά
924 1461 971 1495 με
989 1444 1052 1484 καὶ
1072 1446 1346 1496 προσειποῦσα
1370 1442 1441 1493 τὴν
1460 1441 1597 1495 ψυχὴν

271 1512 440 1565 ἀφῆκεν,
460 1511 589 1553 οὐκέτι
613 1516 692 1552 τῶν
712 1513 836 1552 ὄντων
858 1512 967 1563 κυρία
987 1511 1087 1551 οῦσα
1103 1511 1207 1551 ὥστε
1228 1513 1360 1551 δοῦναι
1379 1511 1457 1550 ὅσα
1477 1509 1594 1560 ἐβού-

270 1580 366 1619 λετό
401 1597 479 1630 μοι.
552 1578 749 1621 πολλάκις
787 1581 830 1619 δὲ
868 1579 1058 1631 πρότερον
1095 1577 1369 1629 μετεπέμπετό
1403 1594 1464 1628 με,
1505 1578 1597 1628 ἀφι-

271 1645 412 1686 κέσθαι
437 1645 600 1697 δεομένη
628 1646 761 1693 αὐτόν,
788 1647 821 1687 εἰ
844 1645 896 1697 μὴ
930 1651 978 1702 τῇ
1008 1644 1156 1697 τριήρει
1181 1645 1264 1685 οἶόν
1289 1662 1332 1685 τε
1363 1646 1435 1694 εἵη.
1505 1643 1527 1694 ἡ
1555 1645 1596 1684 δὲ

270 1712 380 1765 γυνή,
399 1712 447 1764 ἣν
464 1714 541 1766 ἐγὼ
559 1713 646 1765 περὶ
667 1713 859 1754 πλείστου
875 1716 1072 1764 ποιοῦμαι,
1091 1713 1269 1754 ἀσθενῶς
1285 1710 1450 1752 διέκειτο
1470 1711 1597 1751 πολὺν

269 1780 415 1833 χρόνον
440 1782 482 1821 ἐν
498 1781 542 1837 τῇ
567 1781 641 1837 ἐμῇ
666 1780 879 1834 ἀποδημίᾳ·
916 1781 965 1820 τὰ
990 1782 1032 1820 δὲ
1057 1780 1193 1820 παιδία
1218 1778 1347 1830 μικρά,
1375 1778 1397 1829 ἡ
1419 1779 1460 1818 δὲ
1481 1777 1597 1817 οὐσία

268 1847 485 1901 ὑπόχρεως·
522 1847 544 1898 ἡ
571 1849 613 1888 δὲ
638 1850 687 1900 γῆ
706 1847 781 1901 οὐχ
804 1848 909 1889 ὅπως
928 1848 1015 1887 τινὰ
1042 1845 1189 1899 καρπὸν
1214 1845 1391 1898 ἤνεγκεν,
1410 1846 1516 1885 ἀλλὰ
1535 1845 1597 1885 καὶ

270 1914 314 1954 τὸ
338 1916 440 1967 ὕδωρ
461 1915 502 1955 ἐν
527 1914 662 1969 ἐκείνῳ
687 1918 740 1970 τῷ
759 1915 928 1969 ἐνιαυτῷ,
947 1913 999 1956 ὡς
1024 1913 1169 1956 πάντες
1195 1914 1294 1958 ἴστε,
1315 1914 1356 1952 ἐκ
1376 1915 1453 1952 τῶν
1473 1909 1595 1964 φρεά-

270 1998 349 2022 των
379 1981 581 2028 ἐπέλιπεν,
619 1983 724 2022 ὥστε
755 1984 852 2032 μηδὲ
888 1979 1069 2034 λάχανον
1105 1979 1292 2032 γενέσθαι
1322 1981 1364 2019 ἐν
1394 1979 1446 2034 τῷ
1475 1977 1594 2032 κήπῳ·

271 2050 306 2089 οἱ
331 2050 373 2090 δὲ
398 2049 663 2090 δεδανεικότες
695 2049 789 2100 ἧκον
820 2048 883 2088 ἐπὶ
912 2048 1001 2089 τοὺς
1035 2048 1184 2093 τόκους,
1212 2046 1345 2097 ἐπειδὴ
1371 2047 1392 2085 ὁ
1424 2045 1599 2087 ἐνιαυτὸς

271 2114 453 2167 ἐξῆλθεν,
491 2117 524 2157 εἶ
559 2114 611 2166 μή
647 2133 705 2158 τις
742 2116 906 2166 ἀποδοίη
946 2115 1077 2156 αὐτοῖς
1112 2116 1206 2154 κατὰ
1245 2115 1314 2155 τὰς
1346 2111 1594 2165 συγγραφάς.

318 2233 338 2262 3
361 2224 464 2256 πάντα
481 2223 505 2255 S
522 2235 529 2254 ε
554 2223 679 2256 ἅπαντα
695 2228 773 2255 cett.
849 2225 871 2254 6
896 2224 971 2264 ὑπὲρ
987 2227 1067 2254 ante
1085 2224 1221 2262 ἐμαυτοῦ
1239 2232 1303 2252 om.
1323 2221 1353 2251 A
1424 2231 1462 2251 10
1480 2219 1596 2262 ἔχητε]

273 2268 334 2309 ἔχῃ
354 2268 377 2298 S
396 2281 428 2309 κῃ
445 2267 476 2298 in
495 2268 589 2306 raa),
610 2268 662 2298 D:
689 2268 757 2309 ἔχει
775 2267 806 2297 Α
910 2268 948 2299 τὸ
965 2267 1040 2298 add.
1061 2266 1229 2297 Hertlein.
1243 2265 1284 2296 cf.
1307 2267 1322 2303 ξ
1342 2274 1391 2304 13,
1408 2274 1476 2294 xxv
1491 2273 1540 2303 19,
1557 2273 1598 2293 22

276 2320 312 2349 15
332 2313 465 2349 ἐλεῆσαι
483 2310 507 2341 S
518 2311 548 2341 Λ
564 2311 593 2341 D
609 2323 616 2342 ι
634 2312 714 2351 ἡμᾶς
727 2313 859 2348 ἐλεῆσαι
871 2309 896 2340 F
909 2309 939 2348 Q
1012 2320 1048 2349 17
1067 2312 1104 2342 ἂν
1117 2310 1182 2340 del.
1199 2308 1363 2340 Schaeser
1449 2317 1486 2346 19
1503 2318 1598 2347 προσ-

273 2356 389 2386 είπασα
405 2354 471 2385 SA
484 2353 514 2392 Q
529 2355 558 2384 D
703 2364 740 2384 21
767 2354 818 2395 δὲ]
838 2357 872 2386 δε
890 2355 940 2386 καὶ
958 2353 983 2383 F
999 2353 1028 2392 Q
1046 2354 1074 2383 D
1221 2351 1468 2393 μετεπέπεμπηο
1487 2350 1600 2380 Naber

272 2407 312 2436 27
339 2398 507 2430 ἐπέλειπεν
524 2398 554 2428 Α
687 2399 728 2428 28
753 2399 781 2429 οἵ
801 2398 1017 2430 δεδανεικότες
1034 2397 1067 2428 δὲ
1086 2396 1112 2427 F
1243 2406 1286 2436 29
1311 2395 1454 2436 ἐξῆλθεν]
1474 2393 1552 2436 ἐξῄει
1569 2393 1599 2423 D

273 2442 404 2481 ἀποδοίη
421 2442 511 2481 vulg.
529 2453 535 2472 :
559 2442 723 2480 ἀποδιδοίη
741 2441 765 2471 S
778 2442 807 2471 D

1620 853 1657 875 10

1618 1527 1658 1550 20
