1763 2778
90 117 225 172 [1196]
649 119 1174 176 [ΔΗΜΟΣΘΕΝΟΥΣ]
1471 123 1573 178 [mx

824 253 968 283 ΟΡΚΟΣ.

608 330 629 341 Α

314 331 375 372 Οὐ
419 332 562 380 τοίνυν,
605 337 635 373 ὡ
674 332 810 385 ἄνδρες
851 334 1045 381 δικασταί,
1089 333 1248 387 γράψας
1284 351 1351 386 μοι
1389 336 1410 375 ὁ
1447 337 1574 388 πατὴρ

247 398 459 440 κατέλιπεν
488 401 538 440 τὰ
559 399 659 454 χρέα
680 400 815 452 μόνον,
842 401 950 441 ἀλλὰ
979 400 1044 442 καὶ
1075 402 1214 454 ἔλεγεν
1246 402 1461 454 ἀρρωστῶν
1491 403 1513 443 ὅ
1537 419 1575 444 τι

246 466 452 517 ὀφείλοιτο
475 466 579 522 αὐτῷ
604 468 787 514 ἕκαστον,
815 467 876 508 καὶ
901 467 992 520 παρ’
1019 466 1058 524 ᾧ,
1085 469 1148 509 καὶ
1173 470 1226 510 εἷς
1251 470 1273 509 ὅ
1297 486 1334 510 τι
1353 469 1509 522 ἐλήφθη
1529 469 1574 511 τὸ

1359 540 1376 549 Α
1401 536 1410 551 Ί
1454 537 1464 551 Ἴ

246 532 444 585 ἀργύριον,
483 534 546 574 καὶ
581 537 632 589 τῷ
671 535 835 590 ἀδελφῷ
870 539 921 590 τῷ
960 536 1052 591 ἐμῷ.
1124 535 1185 575 καὶ
1222 536 1273 578 ὡς
1304 553 1400 578 ταυτ
1446 539 1612 590 αληθῆ5

246 598 365 653 λέγω,
392 600 593 654 ἀνάγνωθί
612 619 679 654 μοι
703 601 773 653 τὴν
797 603 1012 655 μαρτυρίαν
1034 607 1104 644 τοῦ
1128 604 1319 657 ἀδελφοῦ.

815 720 1024 748 ΜΑΡΤΎΡῙΑ.

180 807 226 842 43
312 795 387 840 “Ως
421 796 494 849 μέν
529 799 662 841 τοίνυν
700 801 940 852 κατελείφθη
969 800 1148 852 ὀφείλων
1178 800 1373 850 Τιμόθεος
1400 798 1495 852 ἡμῖν
1529 797 1576 841 τὸ

246 864 431 917 ἀργύριον
455 865 532 907 ὑπὸ
557 869 625 907 τοῦ
650 867 809 920 πατρός,
838 867 882 908 οὗ
911 866 1116 919 δικάζομαι
1151 866 1267 922 αὐτῷ,
1303 867 1366 908 καὶ
1394 867 1574 921 γίγνεται

232 930 340 982 ,ἐμὸν
365 931 410 972 τὸ
433 931 565 984 μέρος,
592 934 615 974 ὅ
636 951 678 975 τε
704 935 880 988 ἀδελφός
910 951 979 986 μοι
1012 934 1307 987 μεμαρτύρηκεν
1334 934 1396 975 καὶ
1419 935 1439 974 ὁ
1467 937 1570 987 Φορ-
1596 953 1634 974 ιο

243 999 345 1049 μίων
380 999 401 1039 ὁ
444 999 532 1043 δοὺς
567 1000 612 1041 τὸ
647 1002 848 1055 ἀργύριον,
887 1002 992 1054 κάγὼ
1033 1000 1181 1042 τούτων
1219 1002 1354 1042 πίστιν
1392 1000 1574 1052 ἠθέλησα

88 1066 222 1121 [1197]
245 1067 452 1109 ἐπιθεῖναι.
524 1069 878 1121 προκαλεσαμένου
914 1071 955 1110 δὲ
1002 1068 1140 1109 τούτου
1174 1067 1272 1121 πρὸς
1307 1073 1360 1124 τῷ
1397 1069 1573 1126 διαιτητῇ

246 1133 307 1174 καὶ
333 1135 561 1178 κελεύοντος
588 1137 761 1189 ἐνεγκεῖν
786 1138 835 1178 τὰ
859 1136 1067 1190 γράμματα
1101 1135 1179 1176 ἀπὸ
1202 1138 1272 1186 τῆς
1295 1135 1485 1188 τραπέζης
1511 1137 1574 1177 καὶ

245 1201 473 1255 ἀντίγραφα
513 1204 726 1254 αἰτοῦντος,
777 1203 1013 1256 πέμψαντος
1067 1203 1341 1256 Φρασιηρίδην
1389 1203 1451 1244 ἐπὶ
1503 1202 1574 1255 τὴν

244 1268 452 1320 τράπεζαν,
490 1271 544 1325 τῷ
576 1286 618 1311 τε
655 1272 901 1327 Φρασιηρίδῃ
939 1270 1147 1323 ἐξενέγκας
1193 1270 1319 1310 ἔδωκα
1358 1270 1485 1322 ζητεῖν
1525 1271 1574 1311 τὰ
1597 1283 1634 1316 15

245 1334 456 1388 γράμματα
503 1336 564 1377 καὶ
614 1338 886 1392 ἐκγράφεσθαι
933 1339 1011 1378 ὅσα
1057 1338 1171 1379 οὗτος
1211 1338 1374 1390 ὤφειλε,
1411 1337 1476 1379 καὶ
1522 1337 1574 1381 ὣς

246 1402 444 1456 ὡμολόγει
471 1408 619 1456 λαβεῖν
655 1405 769 1449 οὗτος
804 1407 854 1447 τὰ
890 1405 1127 1459 ἀντίγραφα,
1164 1403 1368 1458 ἀνάγνωθί
1399 1422 1467 1458 μοι
1502 1403 1574 1458 τὴν

243 1471 471 1524 μαρτυρίαν.

828 1559 1040 1587 ΜΑΡΊῪΡῙΑ.

179 1649 225 1682 44
312 1639 422 1689 Πρὸς
444 1639 579 1680 τοίνυν
599 1637 670 1680 τὸν
694 1639 895 1690 διαιτητὴν
923 1639 1160 1690 κομίσαντός
1183 1655 1258 1690 μου
1273 1640 1322 1681 τὰ
1347 1639 1571 1692 γράμματα,
1594 1659 1634 1683 20

245 1705 382 1757 παρὼν
404 1705 425 1746 ὁ
452 1705 636 1757 Φορμίων
662 1707 724 1746 καὶ
750 1707 770 1746 ὁ
796 1706 1013 1760 Εὐφραῖος,
1036 1708 1072 1748 οἱ
1096 1706 1233 1749 δόντες
1249 1705 1295 1747 τὸ
1311 1707 1497 1760 ἀργύριον
1515 1708 1573 1750 οἷς

246 1770 458 1814 ἐκέλευσεν
484 1773 610 1820 οὗτος,
637 1772 861 1828 ἐξήλεγχον
886 1773 1004 1815 αὐτὸν
1029 1774 1072 1814 ἐν
1098 1774 1156 1816 οἷς
1170 1790 1214 1815 τε
1227 1774 1388 1827 χρόνοις
1404 1775 1573 1816 ἕκαστον

245 1840 491 1887 ἐδανείσατο,
544 1840 607 1881 καὶ
660 1841 772 1884 ὅστις
821 1841 947 1891 ἔλαβε
994 1844 1039 1881 τὸ
1086 1840 1287 1893 ἀργύριον,
1335 1842 1400 1882 καὶ
1447 1843 1502 1884 εἷς
1547 1842 1573 1883 ἃ

246 1905 536 1960 κατεχρήσατο.
604 1908 625 1947 ὁ
667 1909 709 1949 δὲ
750 1909 819 1950 τὰς
860 1910 932 1958 μὲν
970 1909 1104 1961 χιλίας
1143 1907 1206 1949 καὶ
1240 1910 1469 1960 τριακοσίας
1511 1909 1573 1950 καὶ

246 1972 492 2024 πεντήκοντα
517 1974 579 2015 καὶ
603 1975 695 2026 μίαν
723 1975 785 2015 καὶ
810 1975 866 2015 δύ’
897 1975 1048 2026 ὀβολώ,
1076 1973 1121 2017 ἃς
1154 1975 1310 2028 πρώτας
1340 1977 1572 2017 ἐδανείσατο
1596 1995 1633 2026 ²5

244 2044 312 2080 τοῦ
349 2045 609 2095 μουνιχιῶνος
645 2042 769 2093 μηνὸς
809 2042 972 2094 μέλλων
1014 2044 1176 2083 ἐκπλεῖν
1218 2042 1283 2083 ἐπὶ
1325 2045 1574 2096 Σωκρατίδου

291 2159 304 2179 1
331 2155 466 2185 ΟΡΚΟΣ
485 2151 508 2182 S
525 2162 531 2183 :
558 2157 681 2184 OPKOl
700 2152 789 2192 vulg.
943 2163 962 2192 3
988 2153 1004 2185 ὅ
1020 2152 1068 2193 τι]
1085 2151 1129 2184 ὧν
1143 2153 1174 2183 Α
1192 2166 1199 2186 :
1232 2151 1252 2184 ἅ
1267 2167 1303 2185 τε
1323 2152 1421 2185 Blass
1553 2162 1573 2192 4

245 2193 402 2234 ὠφείλετο
417 2193 449 2224 Λ
532 2197 664 2236 ἐλείφθη
681 2195 706 2226 S
818 2205 856 2227 10
879 2197 917 2229 τὸ
931 2196 1024 2237 μέρος
1054 2195 1087 2227 Α
1101 2208 1108 2227 :
1131 2198 1224 2239 μέρος
1241 2201 1319 2228 cett.
1406 2207 1440 2227 11
1467 2196 1571 2237 κάγὼ]

246 2238 309 2277 ἐγὼ
327 2238 350 2268 S
368 2249 375 2269 :
400 2239 464 2278 ἐγώ
479 2252 516 2271 τε
534 2239 671 2278 Sauppe
795 2250 832 2277 13
855 2238 930 2284 (τὰ)
945 2241 1006 2272 ἀπὸ
1024 2239 1123 2272 Blass
1241 2251 1278 2278 14
1303 2240 1500 2282 πέμψαντος]
1521 2241 1572 2272 καὶ

246 2280 429 2322 πέμψαντος
445 2281 477 2311 Α
567 2313 572 2318 ,
619 2293 655 2321 15
679 2287 725 2324 τῷ
741 2297 777 2315 τε
795 2282 827 2312 Λ
842 2295 848 2314 :
873 2288 917 2325 τῷ
935 2284 967 2316 δὲ
985 2284 1076 2324 vulg.
1097 2285 1185 2325 (sine
1201 2289 1342 2316 accentu
1358 2284 1397 2322 S)
1534 2285 1574 2314 16

247 2325 466 2366 ἐγγράφεσθαι
488 2325 590 2364 SFQ
695 2327 772 2368 ὅσα]
792 2327 811 2359 ἃ
825 2327 856 2357 Λ
994 2338 1030 2368 17
1057 2336 1211 2369 ομολογει
1228 2328 1252 2359 S
1376 2339 1418 2359 20
1441 2341 1573 2367 κομισα-

244 2368 340 2407 μένου
350 2368 382 2398 Α
499 2380 606 2408 22—23
633 2372 818 2403 ἐδανείσατο
833 2371 970 2403 ἕκαστον
983 2371 1014 2402 Α
1109 2382 1151 2411 23
1175 2373 1225 2404 καὶ
1239 2396 1246 2403 .
1261 2393 1270 2403 .
1282 2395 1291 2403 .
1308 2372 1456 2413 ἀργύριον
1467 2382 1531 2402 om.
1542 2371 1575 2401 A

246 2412 336 2445 ὅστις
354 2411 450 2444 Blass
470 2412 547 2445 coll.
568 2416 605 2452 ἐξ
623 2415 654 2454 8,
672 2425 715 2454 30
731 2425 738 2446 :
762 2416 806 2448 εἷς
823 2416 839 2448 ὅ
855 2429 888 2448 τι
904 2415 1004 2446 codd.
1139 2425 1181 2456 25
1205 2416 1256 2448 καὶ
1272 2420 1352 2447 ante
1367 2416 1442 2456 μίαν
1457 2425 1524 2447 om.
1542 2414 1575 2445 A
