1746 2774
797 432 827 469 E

401 539 589 587 ΠΡΟΣ
632 539 1219 587 ΗΡΑΚΛΕΟΔΩΡΟΝ

219 662 481 714 Δημοσθένης
504 662 818 717 ξΗρακλεοδώρῳ
845 663 886 704 εὖ
911 663 1110 715 πράττειν.
1166 663 1247 704 οὔθ’
1272 664 1379 706 ὅπως
1404 664 1479 717 χρὴ

150 730 351 771 πιστεύειν
370 731 428 772 οἷς
447 730 679 783 ἀπήγγελλέ
697 747 764 781 μοι
785 730 1039 782 Μενεκράτης
1055 731 1135 771 οὔθ’
1156 732 1262 774 ὅπως
1279 732 1477 779 ἀπιστεῖν,

113 813 129 844 5
150 798 242 850 ἔχω.
314 798 390 850 ἔφη
416 798 492 850 γὰρ
517 797 728 848 Ἐπίτιμον
761 798 1003 850 ἐνδεδεῖχθαι
1022 800 1094 849 μὲν
1120 798 1183 838 καὶ
1214 799 1391 851 ἀπῆχθαι
1414 799 1479 839 ὑπ’

150 864 329 917 Ἀράτου,
349 867 395 905 σὲ
422 864 454 904 δ’
480 865 742 917 ἀγωνίζεσθαι
769 864 830 904 καὶ
855 864 1038 906 ἁπάντων
1064 864 1166 920 αὐτῷ
1192 866 1480 918 χαλεπώτατον
1502 869 1648 925 [1490]

150 933 262 973 εῖναι.
326 930 461 983 δέομαι
497 930 543 982 δή
581 948 654 972 σου
691 931 786 984 πρὸς
819 931 915 974 Διὸς
952 930 1081 982 ξενίου
1113 933 1174 972 καὶ
1211 932 1370 973 πάντων
1403 937 1480 974 τῶν

151 1002 262 1046 θεῶν,
289 997 341 1051 μή
368 1016 415 1050 με
447 998 703 1055 καταστήσῃς
732 999 845 1049 ἀηδεῖ
874 999 935 1039 καὶ
961 1001 1073 1053 δεινῷ
1104 1000 1242 1051 μηδενὶ
1276 1003 1478 1052 περιπετῆ.

150 1066 191 1107 εὖ
216 1065 291 1119 γὰρ
315 1067 413 1112 ἴσθι,
451 1067 571 1119 χωρὶς
597 1070 664 1106 τοῦ
693 1065 830 1117 μέλειν
853 1083 920 1117 μοι
949 1069 1017 1116 τῆς
1044 1066 1254 1118 Ἐπιτίμου
1284 1070 1481 1120 σωτηρίας
1502 1085 1521 1110 z

92 1151 129 1173 10
151 1134 212 1174 καὶ
239 1135 399 1185 νομίσαι
417 1133 598 1186 μεγάλην
632 1133 680 1174 ἂν
717 1133 941 1186 συμφοράν,
971 1135 1007 1174 εἴ
1033 1151 1071 1174 τι
1094 1133 1213 1175 πάθοι
1248 1135 1311 1176 καὶ
1342 1135 1481 1176 τούτου

151 1201 201 1241 σὺ
244 1201 442 1242 συναίτιος
484 1202 578 1251 εἵης,
618 1201 857 1253 αἰσχύνομαι
897 1201 984 1241 τοὺς
1024 1202 1253 1244 συνειδότας
1289 1219 1355 1254 μοι
1391 1202 1482 1245 τοὺς

148 1268 293 1320 λόγους
325 1267 390 1310 οὓς
415 1268 493 1320 ἐγὼ
519 1268 605 1319 περὶ
633 1271 705 1307 σοῦ
738 1267 834 1319 πρὸς
867 1267 1043 1309 ἅπαντας
1073 1269 1301 1320 ἀνθρώπους
1326 1269 1479 1322 ἔλεγον,

149 1336 343 1377 πεπεικὼς
367 1334 534 1386 ἐμαυτὸν
559 1335 688 1385 ἀληθῆ
713 1334 862 1387 λέγειν,
892 1334 961 1375 οὐκ
999 1337 1041 1375 ἐκ
1066 1339 1134 1375 τοῦ
1165 1336 1482 1387 πεπλησιακέναι

150 1419 214 1442 σοι
257 1405 395 1454 πεῖραν
436 1401 551 1454 ἔχων,
591 1401 682 1442 ἀλλ’
720 1402 819 1453 ὁρῶν
855 1403 916 1441 ὅτι
953 1403 1067 1453 δόξης
1105 1403 1383 1456 ἐπιτυγχάνων
1420 1404 1481 1444 καὶ
1502 1418 1523 1454 3

90 1483 127 1516 15
149 1470 327 1510 παιδείαν
352 1468 560 1521 ἀπεδέχου,
589 1470 651 1510 καὶ
683 1473 805 1508 ταῦτα
838 1468 909 1519 τὴν
945 1469 1022 1509 ἀπὸ
1047 1472 1116 1519 τῆς
1141 1469 1361 1512 Πλάτωνος
1397 1473 1479 1511 δια-

149 1538 301 1588 τριβῆς,
323 1536 422 1588 ἤπερ
447 1537 558 1576 ἐστὶν
583 1536 633 1578 ὡς
660 1537 815 1586 ἀληθῶς
839 1540 917 1576 τῶν
942 1539 1014 1586 μὲν
1040 1536 1394 1587 πλεονεκτημάτων
1419 1537 1482 1579 καὶ

149 1608 226 1644 τῶν
251 1604 338 1655 περὶ
364 1607 485 1644 ταῦτα
510 1603 778 1655 σοφισμάτων
804 1602 892 1654 ἔξω,
920 1608 988 1644 τοῦ
1012 1605 1232 1655 βελτίστου
1260 1607 1302 1645 δὲ
1328 1604 1390 1645 καὶ
1413 1608 1483 1645 τοῦ

149 1669 393 1711 δικαιοτάτου
426 1669 540 1711 πάνθ’
576 1669 675 1711 ἕνεκ’
714 1669 975 1721 ἐξητασμένη·
1013 1671 1058 1722 ῆς
1088 1672 1144 1722 μὰ
1176 1671 1266 1714 τοὺς
1291 1672 1403 1713 θεοὺς
1428 1676 1481 1727 τῷ

150 1738 394 1790 μετασχόντι
418 1737 469 1788 μὴ
496 1737 584 1790 οὐχὶ
610 1738 800 1790 ἀψευδεῖν
823 1738 884 1778 καὶ
910 1737 1006 1790 πρὸς
1031 1737 1207 1780 ἅπαντας
1222 1739 1357 1794 ἀγαθῷ
1383 1739 1483 1780 εῖναι

94 1825 132 1846 20
151 1805 225 1857 οὐχ
248 1805 362 1844 ὅσιον
377 1805 557 1857 ἡγοῦμαι.
616 1804 773 1857 γένοιτο
797 1805 831 1844 δ’
858 1805 905 1846 ἄν
929 1823 994 1856 μοι
1021 1807 1176 1846 κάκεῖνο
1195 1810 1273 1846 τῶν
1296 1811 1461 1859 χαλεπω
1502 1815 1545 1856 4’

151 1871 291 1919 τάτων,
337 1873 370 1912 εἰ
408 1873 675 1924 παρωρμηκὼς
717 1872 887 1923 ἐμαυτὸν
928 1873 1110 1915 εὐνοϊκῶς
1151 1873 1260 1926 ἔχειν
1302 1889 1368 1913 σοι
1411 1873 1483 1924 τὴν

151 1939 332 1979 ἐναντίαν
371 1939 530 1991 γνώμην
568 1944 813 1991 μεταλαβεῖν
854 1941 1161 1992 ἀναγκασθείην,
1201 1940 1264 1980 οἶα
1301 1940 1348 1991 δὴ
1386 1941 1480 1981 ὑπο-

150 2005 369 2056 λαμβάνων
408 2010 688 2059 παρεωρᾶσθαι
728 2008 788 2047 καὶ
827 2009 1130 2060 πεφενακίσθαι.
1203 2007 1274 2048 κᾶν
1310 2007 1363 2058 μὴ
1402 2012 1479 2060 φῶ,

150 2072 282 2123 νόμιζέ
312 2072 351 2124 μ’
393 2074 513 2114 οὕτως
556 2073 672 2124 ἕξειν.
746 2076 778 2115 εἷ
820 2075 853 2114 δ’
889 2075 998 2126 ἡμῶν
1036 2075 1387 2126 καταπεφρόνηκας
1423 2076 1482 2115 ὅτι
1504 2090 1522 2126 5

195 2191 214 2219 3
240 2181 320 2222 χρὴ]
339 2182 372 2213 τί
390 2182 476 2223 F-yp.
494 2182 583 2223 Qyp.
741 2186 761 2213 6
787 2183 1054 2224 ἀνταγωνίζεσθαι
1073 2184 1201 2214 Reiske
1362 2192 1397 2222 15
1422 2185 1483 2222 τὴν

153 2226 214 2257 ἀπὸ
230 2225 349 2255 Wolf:
365 2229 424 2264 τῆς
442 2228 501 2257 ἀπὺ
519 2227 615 2257 codd.
635 2239 641 2257 :
659 2228 719 2258 ἀπὸ
738 2238 805 2265 mg.
825 2228 908 2258 edit.
926 2227 1035 2257 Paris.
1140 2237 1178 2267 19
1200 2240 1379 2267 μετασχειν
1395 2241 1424 2258 τι
1445 2227 1481 2257 Sl

153 2269 296 2301 ἅπαντας
312 2270 424 2307 codd„
442 2271 482 2300 cf.
500 2280 554 2300 xx.
571 2280 622 2308 25,
642 2272 700 2309 164
718 2282 724 2301 :
749 2271 862 2303 ἅπαντ’
882 2270 978 2302 Blass
1069 2282 1105 2301 21
1133 2272 1346 2312 παρωρμηκὼς
1361 2270 1459 2300 Blass
1475 2282 1482 2301 :

152 2313 213 2352 ’γὰρ
227 2314 376 2353 ὡρμηκὼς
390 2314 484 2344 codd.
542 2316 677 2353 ἐμαυτὸν
691 2316 807 2345 «rodda
833 2317 905 2347 κατ’
918 2316 1055 2355 ἐμαυτὸν
1068 2325 1133 2352 mg.
1147 2315 1228 2345 edit.
1244 2315 1350 2344 Paris.
1442 2325 1482 2343 22

154 2354 202 2387 οἷα
214 2357 252 2394 δὴ
265 2356 447 2387 Schaefer:
467 2358 484 2389 ἃ
498 2359 535 2395 δὴ
553 2359 649 2388 codd.
666 2369 672 2388 t
690 2358 746 2389 ἅτε
765 2360 802 2396 δὴ
821 2369 886 2396 mg.
903 2360 984 2389 edit.
1000 2359 1105 2389 Paris.
1120 2371 1127 2389 ι
1145 2360 1182 2390 ἂν
1198 2358 1232 2389 δὲ
1252 2358 1349 2388 Blass
1410 2360 1481 2389 ὑπο-

154 2399 326 2439 λαμβάνων
344 2400 367 2430 S
384 2412 389 2431 :
417 2401 632 2441 ὑπολαμβάνω
651 2402 739 2440 vulg.
763 2402 894 2441 (Blass)
1062 2412 1102 2440 23
1128 2408 1205 2432 ante
1223 2403 1283 2434 κᾶν
1300 2402 1398 2440 plene
1416 2402 1482 2432 dis-

154 2443 246 2481 tinxi,
268 2444 309 2473 Cf.
331 2446 345 2480 ξ
365 2453 383 2482 5
510 2455 549 2482 24
575 2444 680 2484 νόμιζέ
701 2459 739 2485 με
758 2445 781 2475 S
800 2447 866 2485 (me
885 2446 1011 2486 teStC):
1035 2445 1138 2486 νόμιζε
1155 2446 1330 2485 legebatur
