1763 2778
816 411 850 448 L

374 521 535 570 ΠΡΟΣ
585 525 927 566 ΠΟΛΤΚΛΕΑ
977 526 1120 567 ΠΕΡΙ
1169 527 1287 568 ΤΟΤ

493 589 1174 638 ΕΠΙΤΡΙΗΡΑΡΧΗΜΑΤΟΣ

718 718 936 748 ΎΠΟΘΕΣῙΣ.

222 786 506 838 Ἀπολλόδωρος
533 789 552 825 ὃ
580 789 775 828 Πασίωνος
800 789 1076 839 τριηραρχήσας
1101 789 1309 837 φιλοτίμως
1333 788 1398 826 τὸν
1420 789 1498 838 ὡρι-

169 843 307 892 σμένον
325 843 468 894 χρόνον,
492 844 827 893 ἐπετριηράρχησεν
848 844 970 892 ἕτερον
989 845 1055 880 οὐκ
1076 843 1216 894 ὀλίγον,
1239 845 1303 880 τοῦ
1327 842 1499 892 διαδόχου

1067 897 1157 911 ’,κ

169 900 281 935 αὐτοῦ
309 898 550 938 Πολυκλέους
576 897 629 946 μὴ
661 898 834 938 ἐλθόντος
862 899 1066 948 παραχρῆμ
1100 914 1159 934 επι
1181 898 1248 946 τὴν
1272 900 1368 941 ναῦν,
1390 900 1499 935 τοῦτο

169 952 220 994 δέ,
242 950 294 991 ὅτ’
312 951 438 1001 ἦλθεν,
460 954 502 990 οὐ
527 953 814 1002 παραλαβόντος
841 953 981 1000 εὐθέως,
1007 953 1108 989 ἀλλὰ
1135 952 1377 1002 σκηψαμένου
1402 970 1500 1002 περι-

131 1028 148 1059 5
167 1007 290 1057 μένειν
314 1006 379 1045 τὸν
404 1008 709 1058 συντριήραρχον.
767 1008 949 1045 τοσούτου
971 1007 1009 1045 δὲ
1027 1007 1163 1058 χρόνου
1183 1009 1247 1044 τοῦ
1274 1009 1500 1057 ἐπιτριηραρ-

167 1062 334 1113 χήματος
379 1063 477 1108 ἀξιοῖ
522 1062 754 1112 κομίσασθαι
800 1063 843 1100 τὸ
890 1063 1069 1111 ἀνάλωμα
1114 1063 1214 1111 παρὰ
1259 1063 1500 1102 Πολυκλέους

166 1117 465 1166 Ἀπολλόδωρος.

235 1230 329 1269 Τοῖς
354 1228 545 1270 τοιούτοις
569 1232 648 1269 τῶν
671 1228 850 1281 ἀγώνων,
877 1225 906 1267 ὦ
935 1227 1073 1279 ἄνδρες
1100 1228 1294 1274 δικασταί,
1323 1226 1385 1267 καὶ
1410 1225 1498 1267 τοὺς
1519 1230 1661 1285 [1206]

170 1294 516 1347 διαγνωσομένους
530 1294 724 1348 προσήκει
747 1294 926 1347 μάλιστα
944 1294 1161 1348 προσέχειν
1186 1294 1256 1335 τὸν
1280 1297 1384 1334 νοῦν.
1454 1293 1498 1334 οὐ

112 1386 149 1408 10
170 1364 244 1415 γὰρ
264 1361 357 1414 ἐμὸς
383 1362 444 1403 καὶ
470 1362 726 1405 Πολυκλέους
758 1363 855 1404 ἴδιός
889 1364 999 1402 ἐστιν
1033 1363 1053 1401 ὁ
1083 1362 1192 1415 ἀγὼν
1222 1362 1358 1413 μόνον,
1391 1362 1499 1401 ἀλλὰ

171 1430 232 1470 καὶ
262 1431 331 1481 τῆς
366 1430 522 1471 πόλεως
560 1431 700 1472 κοινός.
771 1431 825 1470 ὧν
862 1428 937 1482 γὰρ
973 1431 1021 1470 τὰ
1057 1432 1129 1480 μὲν
1168 1427 1396 1481 ἐγκλήματα
1420 1428 1499 1468 ἴδιά

170 1497 295 1543 ἐστιν,
329 1498 368 1537 αἱ
404 1498 447 1538 δὲ
482 1496 643 1548 βλάβαι
681 1498 818 1543 κοιναί,
850 1501 932 1539 πῶς
968 1496 1040 1550 οὐχ
1076 1497 1174 1548 ὑπὲρ
1210 1496 1359 1536 τούτων
1396 1496 1499 1537 εἰκός

170 1565 281 1604 ἐστιν
305 1563 554 1606 ἀκούσαντας
582 1565 681 1616 ὑμᾶς
714 1565 838 1616 ὀρθῶς
871 1566 1104 1617 διαγνῶναι;
1143 1565 1176 1604 εἰ
1210 1565 1283 1614 μὲν
1307 1561 1383 1615 γὰρ
1411 1562 1499 1614 περὶ

169 1630 296 1672 ἄλλου
320 1630 426 1674 τινὸς
451 1633 705 1682 συμβολαίου
731 1632 807 1684 ἐγὼ
838 1632 1123 1683 διαφερόμενος
1152 1630 1249 1682 πρὸς
1285 1628 1499 1670 Πολυκλέα

112 1715 147 1746 15
169 1695 321 1755 εἰσῄειν
346 1699 402 1741 εἰς
424 1699 537 1750 ὑμᾶς,
565 1698 656 1750 ἐμὸς
689 1698 737 1739 ἂν
770 1698 815 1748 ἦν
847 1699 908 1739 καὶ
947 1697 1201 1739 Πολυκλέους
1225 1698 1245 1736 ὁ
1271 1697 1391 1749 ἀγών·
1428 1700 1499 1737 νῦν

169 1768 211 1806 δὲ
246 1766 341 1818 περί
370 1782 413 1807 τε
437 1768 625 1820 διαδοχῆς
648 1766 745 1808 νεώς
770 1767 882 1806 ἐστιν
915 1767 934 1805 ὁ
959 1766 1082 1818 λόγος
1106 1765 1168 1805 καὶ
1193 1762 1496 1817 ἐπιτριηραρχή-

167 1849 289 1884 ματος
313 1832 431 1874 πέντε
453 1837 587 1884 μηνῶν
613 1833 676 1874 καὶ
702 1832 747 1884 ἓξ
767 1833 921 1885 ἡμερῶν
940 1831 1206 1883 ἀνηλωμένου,
1237 1831 1297 1871 καὶ
1313 1831 1401 1883 περὶ
1420 1834 1498 1870 τῶν

1516 1911 1535 1935 Ν

168 1900 312 1951 νόμων,
346 1901 494 1953 πότερα
528 1900 654 1953 κύριοί
677 1902 778 1941 εἰσιν
809 1897 832 1950 ἦ
859 1900 915 1941 οὔ.
989 1901 1204 1952 ἀναγκαῖον
1229 1898 1274 1950 δή
1298 1915 1366 1950 μοι
1389 1900 1499 1938 δοκεῖ

169 1967 270 2007 εἶναι
293 1967 450 2008 ἅπαντα
473 1967 519 2019 ἐξ
541 1969 665 2021 ἀρχῆς
690 1966 959 2020 διηγήσασθαι
994 1966 1091 2019 πρὸς
1122 1967 1232 2018 ὑμᾶς.
1306 1965 1369 2005 καὶ
1401 1963 1496 2017 πρὸς

111 2051 150 2073 20
171 2037 283 2081 θεῶν,
331 2034 470 2088 ἄνδρες
517 2036 712 2081 δικασταί,
758 2034 896 2086 δέομαι
936 2035 1055 2085 ὑμῶν,
1095 2032 1147 2085 μή
1188 2050 1237 2084 με
1285 2031 1496 2085 ἡγήσησθε

213 2121 372 2153 TITULUS
385 2134 393 2153 z
423 2122 754 2165 ἐπιτριηραρχήματος
769 2122 872 2161 vulga,
893 2121 1060 2162 Harpocr.
1072 2131 1099 2152 S.
1112 2132 1143 2152 V.
1158 2120 1313 2161 ἐπόγδοον
1327 2131 1334 2150 :
1351 2132 1496 2161 τριηραρ-

170 2165 317 2206 χήματος
336 2166 360 2196 S
372 2166 404 2196 A
422 2166 588 2206 Harpocr.
610 2177 637 2197 s.
652 2177 697 2206 v.‚
716 2166 835 2196 Pollux
852 2167 860 2195 i
883 2177 942 2205 123

213 2242 232 2261 2
257 2233 312 2263 τοῦ
329 2231 408 2262 Ald.
426 2243 433 2262 z
454 2242 518 2262 om.
537 2233 632 2263 codd.
768 2242 788 2270 3
813 2232 923 2272 αὐτοῦ]
937 2235 994 2263 τοῦ
1006 2231 1084 2262 Ald.
1103 2243 1110 2262 :
1134 2230 1200 2262 del.
1217 2230 1313 2260 Blass
1401 2230 1496 2260 τοῦτο

172 2274 307 2306 Baiter:
320 2276 437 2307 τούτου
448 2276 545 2307 codd.
610 2286 629 2314 4
646 2276 822 2317 περιμένειν
837 2275 980 2307 Reiske:
994 2289 1110 2317 παραμ.
1126 2275 1217 2305 codd.
1281 2274 1345 2312 5—6
1361 2275 1417 2304 τοῦ
1429 2274 1495 2303 ἐπι-

170 2319 447 2360 τριηραρχήματος
468 2319 583 2350 Blass:
605 2321 925 2362 ἐπιτριηραρχοῦντος
945 2319 1063 2350 codd.:
1088 2321 1146 2350 τοῦ
1166 2316 1496 2359 ἐπιτριηραρχήματος

170 2361 263 2394 ὄντος
278 2362 442 2394 Foerster
531 2364 551 2392 8
576 2363 628 2395 καὶ
645 2362 709 2394 del.
726 2363 844 2402 Cobet,
864 2363 924 2393 sed
941 2362 981 2393 cf.
999 2362 1140 2401 Antiph.
1160 2362 1192 2392 vi
1209 2371 1228 2399 3
1331 2369 1370 2389 10
1393 2358 1496 2398 μόνων

170 2403 265 2435 Bake
355 2415 392 2445 15
418 2406 507 2447 ἐμὸς]
527 2406 601 2447 ἐμός
616 2419 655 2447 γε
668 2406 699 2436 Α
715 2407 805 2438 unde
823 2406 897 2447 ἐμάς
912 2420 949 2439 τε
964 2406 1090 2436 Reiske
1183 2406 1231 2434 16»
1243 2418 1279 2436 τε
1297 2413 1362 2434 om.
1380 2401 1406 2432 F
1419 2401 1448 2440 Q
1464 2402 1494 2432 D

174 2458 212 2488 19
226 2452 258 2490 ἐξ
271 2450 372 2491 ἀρχῆς
384 2449 508 2482 ἅπαντα
522 2450 554 2480 Α
564 2451 651 2481 sicut
667 2450 747 2481 xlvii
759 2460 790 2490 3,
804 2451 873 2480 xlix
885 2461 904 2489 4
971 2460 1014 2480 20
1031 2450 1138 2490 ἄνδρες
1153 2448 1176 2479 S
1192 2459 1199 2478 :
1216 2448 1237 2479 ὦ
1251 2449 1359 2488 ἄνδρες
1372 2445 1460 2484 vulg.
