1763 2778
113 135 254 189 [1067]
675 130 1199 185 [ΔΙΙΜΟΣΘΕΝΟὙΣ]
1500 131 1604 186 [me

214 256 257 291 52
347 231 574 285 Διαρρήδην
599 232 712 285 λέγει
734 233 754 273 ὁ
780 233 910 284 νόμος,
937 231 965 273 ὦ
985 232 1122 284 ἄνδρες
1146 234 1344 282 δικασταί,
1370 234 1427 276 οἷς
1451 236 1512 274 δεῖ
1532 233 1604 285 τὴν

278 302 543 353 κληρονομίαν
563 300 673 342 εἶναι·
714 300 758 341 οὐ
777 301 832 351 μὰ
851 299 922 341 Δί’
939 299 984 340 οὗ
1000 299 1227 356 Θεοπόμπῳ
1247 301 1336 342 οὐδὲ
1356 300 1603 356 Μακαρτάτῳ

276 371 328 422 τῷ
357 369 602 419 Θεοπόμπου
629 369 717 414 υἱεῖ,
744 371 827 410 τοῖς
850 370 948 420 μηδὲ
972 366 1016 408 τὸ
1041 367 1228 420 παράπαν
1253 369 1294 409 ἐν
1319 373 1372 424 τῷ
1397 370 1489 423 οἴκῳ
1515 368 1606 409 οὖσι

276 439 328 490 τῷ
361 434 535 488 Ἃγνιόυ.
607 436 713 476 ἀλλὰ
747 436 825 476 τίνι
862 435 924 476 καὶ
961 436 1142 483 δίδωσιν;
1194 440 1275 478 τοῖς
1312 436 1490 489 ἐκγόνοις
1525 439 1606 478 τοῖς

277 501 450 555 Ἁγνίου,
477 507 560 545 τοῖς
597 503 712 544 οὖσιν
741 504 784 544 ἐν
812 505 865 558 τῷ
900 504 992 558 οἴκῳ
1029 507 1082 558 τῷ
1115 503 1277 546 ἐκείνου.
1338 507 1460 544 ταῦτα
1489 503 1553 544 καὶ
1585 503 1605 543 ὁ
1624 522 1642 555 5

276 570 393 621 νόμος
419 569 543 622 λέγει,
571 570 635 611 καὶ
658 569 704 611 τὸ
728 571 878 611 δίκαιον
903 571 1025 613 οὕτως
1049 569 1146 624 ἔχει.

214 658 256 695 53
344 636 404 677 Οὐ
427 637 573 684 τοίνυν,
601 635 631 678 ὦ
655 637 794 691 ἄνδρες
815 638 1009 686 δικασταί,
1036 641 1158 678 ταῦτα
1181 639 1254 689 μὲν
1278 638 1421 679 ἔδωκεν
1441 638 1462 678 ὁ
1486 655 1602 689 νομο-

277 703 393 755 θέτης
432 708 515 748 τοῖς
553 703 839 756 προσήκουσιν,
875 706 991 758 ἕτερα
1027 707 1071 746 δὲ
1108 705 1152 746 οὐ
1191 704 1438 758 προσέταξεν
1473 706 1607 746 πολλὰ

276 769 378 812 πάνυ
403 773 444 813 ἐν
469 775 523 827 τῷ
546 773 665 827 νόμῳ,
685 773 709 813 ἃ
734 775 795 813 δεῖ
811 776 939 814 ποιεῖν
962 772 1053 815 τοὺς
1073 771 1348 825 προσήκοντας
1373 771 1605 825 ἐπάναγκες·

277 839 385 879 ἀλλὰ
418 838 553 881 πολλὰ
589 837 692 881 πάνυ
723 840 835 881 ἐστὶν
867 840 894 881 ὃ,
919 838 1161 892 προστάττει
1192 844 1320 883 ποιεῖν
1349 844 1431 883 τοῖς
1454 839 1606 893 προσή-
1630 860 1669 883 10

277 923 427 953 κουσιν,
455 908 518 948 καὶ
554 907 760 960 πρόφασιν
796 906 980 959 οὐδεμίαν
1016 909 1192 955 δίδωσιν,
1227 907 1320 949 ἀλλ’
1356 907 1403 959 ἐξ
1436 905 1608 960 ἀνάγκης

277 973 335 1015 δεῖ
361 974 501 1016 ποιεῖν.
565 977 725 1027 μᾶλλον
750 977 792 1017 δὲ
815 974 912 1028 λέγε
938 975 1056 1016 αὐτὸν
1081 975 1149 1016 τὸν
1175 975 1296 1028 νόμον
1321 974 1389 1016 τὸν
1415 979 1582 1028 πρῶτον.

856 1107 1012 1137 ΝΟΜΟΣ.

213 1181 257 1218 54
330 1177 409 1212 Τῶν
430 1175 636 1225 ἐπικλήρων
657 1175 745 1213 ὅσαι
769 1175 918 1224 θητικὸν
940 1177 1127 1222 τελοῦσιν,
1150 1176 1213 1214 ἐὰν
1231 1175 1283 1226 μὴ
1303 1176 1489 1225 βούληται
1512 1177 1608 1228 ἔχειν

276 1230 295 1267 ὁ
323 1229 507 1281 ἐγγύτατα
531 1230 668 1281 γένους,
696 1230 867 1268 ἐκδιδότω
896 1229 1040 1271 ἐπιδοὺς
1070 1232 1089 1269 ὁ
1117 1231 1185 1280 μὲν
1213 1231 1609 1281 πεντακοσιομέδιμνος
1630 1244 1667 1277 15

113 1281 255 1336 [1068]
275 1284 521 1325 πεντακοσίας
554 1284 731 1336 δραχμάς,
769 1286 788 1323 ὁ
827 1285 857 1323 δ’
894 1285 1022 1326 ἱππεὺς
1055 1286 1280 1334 τριακοσίας,
1317 1287 1337 1324 ὁ
1371 1286 1410 1324 δὲ
1443 1286 1608 1337 ζευγίτης

275 1339 405 1378 ἑκατὸν
425 1357 491 1378 πει
493 1357 664 1389 τηκοντα,
686 1340 780 1389 πρὸς
800 1338 853 1380 οἷς
873 1341 996 1389 αὐτῆς.
1057 1341 1120 1378 ἐὰν
1140 1339 1179 1378 δὲ
1199 1340 1395 1380 ’κλείους’
1373 1357 1463 1379 ωσιν
1493 1343 1530 1379 ἐν
1558 1344 1608 1392 τῷ

275 1395 371 1445 αὐτῷ
400 1395 507 1446 γένει,
537 1397 584 1445 τῇ
614 1395 800 1445 ἐπικλήρῳ
829 1395 921 1444 πρὸς
949 1395 1060 1444 μέρος
1090 1394 1336 1433 ἐπιδιδόναι”
1320 1412 1486 1434 εκαστοι.
1545 1396 1608 1434 εἀν

276 1447 305 1487 δ’
334 1450 371 1486 αἱ
399 1451 566 1500 γυναῖκες
595 1449 745 1489 πλειους
775 1449 855 1496 ὦσι,
886 1466 938 1499 μη
972 1450 1175 1501 ἐπάναγκες
1205 1449 1295 1488 εἶναι
1322 1451 1437 1488 πλέον
1466 1449 1490 1499 3)
1519 1467 1608 1500 μιαν

276 1503 441 1541 ἐκδοῦναι
459 1507 508 1555 τῷ
525 1503 559 1555 γ’
576 1504 636 1550 ἑνί,
656 1505 759 1542 ἀλλὰ
778 1503 842 1543 τὸν
863 1505 1048 1556 ἐγγύτατα
1065 1505 1121 1542 ἀεὶ
1137 1504 1277 1543 εκδιδοι
1270 1522 1315 1542 αι
1335 1503 1358 1554 ἢ
1374 1504 1484 1543 αὐτὸν
1499 1506 1605 1556 ἔχειν.
1629 1517 1668 1540 20

275 1558 337 1596 ἐαν
357 1558 394 1596 δὲ
413 1557 464 1608 μὴ
487 1559 553 1610 ἔχῃ
574 1560 593 1597 ὁ
615 1559 803 1611 ἐγγυτάτω
824 1577 888 1611 γει
890 1575 951 1600 ους
970 1577 994 1605 η
1012 1559 1065 1609 μὴ
1091 1559 1231 1610 ἐκδῷ,
1217 1577 1236 1597 ο
1256 1560 1378 1610 ἅρχων
1405 1563 1607 1612 ἐπαιαγκα-

274 1611 402 1658 ζέτω
383 1631 406 1662 η
427 1613 537 1651 αὐτὸν
557 1614 654 1665 ἔχειν
674 1612 697 1663 ἢ
718 1614 897 1652 ἐκδοῦναι.
955 1615 1018 1652 ἐὰν
1039 1614 1082 1652 δὲ
1095 1614 1148 1665 μὴ
1170 1616 1411 1666 ἐπαναγκάσῃ
1433 1615 1452 1652 ὁ
1473 1615 1604 1666 ἅρχων,

275 1668 456 1715 ὀφειλετω
484 1669 609 1719 χιλίας
637 1668 802 1719 δραχμας
833 1669 928 1718 ἱερὰς
957 1670 1004 1719 τῇ
1026 1667 1137 1720 ἰἨρᾳ.
1197 1670 1445 1721 ἀπογραφέτω
1475 1669 1513 1708 δὲ
1542 1687 1607 1708 τον

273 1722 325 1772 μὴ
346 1724 523 1761 ποιοῦντα
541 1725 655 1761 ταῦτα
675 1725 694 1761 ὁ
714 1724 948 1774 βουλόμενος
967 1724 1060 1773 πρὸς
1079 1724 1142 1762 τὸν
1162 1725 1334 1775 ἄρχοντα.

213 1856 252 1893 55
337 1843 388 1885 (Ἄ
413 1847 486 1897 μὲν
511 1844 622 1898 λέγει
648 1846 668 1886 ὁ
692 1842 824 1897 νόμος,
852 1844 882 1887 ὦ
915 1845 1055 1899 ἄνδρες
1081 1847 1278 1893 δικασταί,
1307 1846 1480 1887 ἀκούετε.
1537 1846 1605 1888 ὅτε
1627 1857 1665 1889 25

275 1915 317 1954 δὲ
341 1915 410 1963 τῆς
436 1912 650 1965 ἐπικλήρου
670 1913 748 1954 ἔδει
768 1912 1067 1964 ἐπιδικάζεσθαι
1088 1913 1334 1967 Φυλομάχης
1358 1916 1427 1964 τῆς
1451 1914 1605 1954 τουτουὶ

273 1979 418 2032 μητρὸς
453 1983 521 2020 τοῦ
557 1981 709 2027 παιδός,
736 1980 899 2034 (Αγνίου
929 1984 971 2023 δὲ
1004 1982 1174 2034 ἀνεψιοῦ
1199 1981 1335 2024 παιδὸς
1361 1981 1482 2032 οὔσης
1507 1980 1604 2033 πρὸς

275 2047 434 2100 πατρός,
461 2048 538 2100 ἐγὼ
563 2049 636 2099 μὲν
661 2047 756 2099 ἧκον
783 2049 1036 2101 φοβούμενος
1068 2048 1138 2090 τὸν
1171 2049 1292 2100 νόμον
1325 2049 1387 2090 καὶ
1424 2049 1601 2089 ἐπεδικα-

277 2115 396 2166 ζόμην
432 2114 541 2167 γένει
579 2114 632 2156 ὢν
671 2115 886 2169 ἐγγυτάτω,
926 2117 1168 2168 Θεόπομπος
1204 2118 1246 2157 δὲ
1281 2116 1301 2156 ὁ
1339 2115 1603 2169 Μακαρτάτου

317 2233 381 2263 3-4
406 2223 494 2256 οὖσιν
515 2226 548 2256 ἐν
558 2224 644 2265 τῷΛ
734 2237 753 2264 4
779 2227 828 2258 καὶ
846 2225 954 2257 om.A
1043 2226 1107 2266 8-9
1132 2226 1239 2257 πολλὰ
1257 2249 1263 2255 .
1285 2249 1291 2256 .
1313 2249 1319 2256 .
1341 2225 1516 2266 ἐπάναγκες
1533 2224 1598 2257 del.

275 2267 404 2299 Reiske
479 2279 518 2299 10
542 2268 624 2300 πάνυ
641 2270 749 2301 πολλὰ
767 2269 799 2300 Α
900 2279 937 2308 14
955 2279 1027 2308 sqq.
1044 2270 1152 2309 legem
1167 2279 1231 2300 om.
1249 2269 1273 2299 S
1288 2269 1353 2309 FQ
1365 2269 1396 2300 D
1498 2271 1535 2299 16
1553 2268 1603 2308 ζυ-

272 2313 367 2351 ’γίτης
383 2312 492 2352 codd.‚
513 2322 597 2344 corr.
620 2312 719 2343 Wolf
871 2322 908 2352 17
935 2312 980 2345 οῖς
997 2314 1092 2344 codd.
1111 2324 1118 2343 :
1142 2316 1209 2345 τοῖς
1226 2312 1325 2343 Wolf
1431 2311 1466 2344 δὲ
1483 2311 1601 2343 Wolf:

273 2355 305 2387 δὲ
324 2356 367 2395 μὴ
385 2356 484 2387 codd.
650 2367 692 2387 20
715 2360 760 2397 τῷ
777 2358 809 2397 γ’
827 2357 874 2388 ἑνί
891 2356 932 2388 Κ.
953 2356 990 2388 F.
1011 2356 1203 2387 Herrmann
1220 2368 1227 2387 :
1250 2358 1295 2397 τῷ
1308 2353 1394 2396 γένει
1412 2356 1507 2387 codd.
1527 2367 1534 2386 :
1558 2358 1602 2397 τᾷ

274 2400 320 2431 ἑνί
337 2399 402 2439 (τοι
418 2399 501 2439 hem)
522 2400 662 2439 Drerup‚
684 2399 723 2431 cf.
748 2403 763 2437 §
782 2410 823 2439 57
957 2401 1004 2432 ἀεὶ
1024 2399 1145 2432 Blass:
1170 2402 1219 2432 δεῖ
1233 2399 1331 2431 codd.
1349 2410 1356 2430 ε
1381 2399 1445 2430 del.
1463 2399 1600 2430 Dobree

273 2444 316 2473 28
339 2443 450 2484 νόμον]
470 2443 564 2484 νόμον
579 2445 617 2476 ὒν
635 2445 658 2475 S
670 2443 694 2474 F
710 2443 740 2482 Q
754 2444 783 2473 D
