1763 2778
132 126 235 181 xum]
474 129 634 166 ΠΡΟΣ
678 128 1106 165 ΜΑΚΑΡΤΑΤΟΝ
1481 128 1620 183 [1075]

133 233 273 272 ποιεῖν.
343 228 448 269 πολύ
471 245 518 280 γε
542 227 672 267 αὐτοῖς
697 225 811 278 μέλει
835 222 858 276 ἦ
883 229 966 268 τοῖς
992 226 1126 276 νόμοις
1150 229 1233 267 τοῖς
1259 225 1459 278 ὑμετέροις

132 298 355 342 πείθεσθαι,
385 292 408 346 ἢ
443 295 548 336 ὅπως
582 293 635 345 μὴ
674 291 1015 346 ἐξερημωθήσεται
1050 294 1069 332 ὁ
1098 293 1203 334 οἶκος
1237 294 1256 332 ὁ
1286 292 1457 345 Ἀγνίου.

132 364 211 417 ἐγὼ
247 362 303 410 δέ,
335 361 364 403 (Τ)
402 361 538 414 ἄνδρες
575 361 769 406 δικασταί,
801 360 1003 412 βούλομαι
1031 360 1125 412 ’περὶ
1163 361 1328 412 ἐμαυτοῦ
1363 359 1460 412 πρὸς
1480 372 1522 407 73

131 433 231 483 ὑμᾶς
272 432 396 472 εἰπεῖν
438 430 502 470 διὰ
538 427 739 482 βραχέων,
780 428 842 468 καὶ
884 425 1075 477 ἐπιδεῖξαι
1111 428 1171 467 ὅτι
1206 427 1281 481 οὐχ
1318 428 1460 478 ὁμοίως

95 519 112 551 5
132 499 284 540 τούτοις
309 496 538 548 ἐπιμέλειαν
564 494 815 547 ἐποιησάμην
840 498 908 535 τοῦ
931 497 1038 536 οἴκου
1063 498 1131 535 τοῦ
1154 494 1327 547 Ἃγνίου,
1355 496 1460 536 ὅπως

131 565 183 618 μὴ
222 562 577 619 ἐξερημωθήσεται.
651 563 713 603 καὶ
749 562 865 605 αὐτὸς
899 562 977 616 γάρ
1009 563 1087 614 εἶμι
1118 565 1187 602 τοῦ
1224 561 1360 614 γένους
1392 565 1461 602 τοῦ

134 632 352 674 Βουσέλου.
414 630 626 683 ’Ἀβρωνος
653 632 729 683 γὰρ
751 633 820 670 τοῦ
849 629 1054 670 Βουσέλου
1081 628 1185 672 υἱέος
1214 630 1363 681 ἔλαβεν
1388 628 1460 679 τὴν

133 702 369 754 θυγατριδῆν
395 700 712 751 Καλλίστρατος,
741 698 990 749 Εὐβουλίδου
1013 698 1088 749 μὲν
1111 696 1192 738 υἱὸς
1218 697 1283 743 ὥν,
1313 696 1461 737 Βουσέ-

132 773 205 809 λου
246 767 279 807 δ’
316 768 458 809 ὑϊδοῦς·
498 766 560 806 καὶ
603 767 645 806 ἐκ
685 767 754 816 τῆς
787 764 1000 818 “Αβρωνος
1043 766 1275 817 θυγατριδῆς
1318 764 1379 804 καὶ
1418 765 1460 804 ἐκ

75 855 114 876 10
135 833 439 887 Καλλιστράτου
463 836 532 874 τοῦ
557 833 775 885 ἀδελφιδοῦ
793 835 863 873 τοῦ
876 831 1090 883 ΓἈβρωνος
1115 831 1273 884 ἐγένετο
1292 831 1314 882 ἡ
1334 830 1460 883 μήτηρ

132 903 155 955 ἡ
180 901 361 954 ἡμετέρα.
421 901 500 955 ἐγὼ
520 903 562 942 δὲ
587 900 720 950 ἐπειδὴ
747 898 1042 950 ἐπεδικασάμην
1062 901 1129 948 τῆς
1153 899 1293 939 τούτου
1314 897 1461 950 μητρὸς
1483 913 1525 949 74

134 969 198 1010 καὶ
234 968 422 1022 ἐγένοντό
460 984 529 1021 μοι
564 969 659 1009 υἱεῖς
695 969 766 1018 μὲν
802 966 998 1018 τέτταρες,
1026 965 1198 1018 θυγάτηρ
1231 967 1273 1007 δὲ
1302 965 1386 1017 μία,
1414 966 1462 1006 τὰ

133 1036 306 1089 ὀνόματα
326 1035 472 1087 ἐθέμην
488 1034 654 1082 τούτοις,
671 1032 700 1074 ὦ
727 1034 865 1086 ἄνδρες
889 1034 1084 1079 δικασταί,
1107 1036 1159 1088 τῷ
1184 1034 1257 1084 μὲν
1282 1037 1460 1085 πρεσβυ-

133 1103 237 1159 τάτῳ
261 1102 306 1144 τὸ
331 1106 400 1144 τοῦ
423 1101 570 1154 πατρὸς
593 1105 661 1141 τοῦ
687 1103 855 1153 ἐμαυτοῦ
877 1102 1016 1151 ὄνομα,
1045 1101 1218 1150 Σωσίαν,
1241 1101 1375 1152 ὥσπερ
1402 1099 1463 1140 καὶ

76 1189 112 1222 15
134 1171 286 1213 δίκαιόν
311 1172 436 1218 ἐστιν,
459 1169 522 1210 καὶ
547 1169 730 1210 ἀπέδωκα
753 1173 806 1223 τῷ
828 1167 1092 1222 πρεσβυτάτῳ
1117 1170 1232 1207 τοῦτο
1257 1167 1301 1207 τὸ
1327 1168 1463 1218 ὄνομα·

133 1243 186 1294 τῷ
212 1240 256 1280 δὲ
279 1236 365 1290 μετ’
387 1236 507 1278 αὐτὸν
530 1236 731 1292 γενομένῳ
758 1236 880 1290 τούτῳ
907 1234 1051 1286 ἐθέμην
1077 1234 1346 1285 Εὐβουλίδην,
1368 1235 1464 1286 ὅπερ
1487 1235 1627 1288 [1076Ῐι

135 1305 184 1358 ἦν
208 1307 334 1357 ὄνομα
354 1308 408 1360 τῷ
434 1304 552 1357 πατρὶ
582 1308 635 1359 τῷ
667 1305 738 1354 τῆς
771 1301 918 1355 μητρὸς
946 1305 1014 1342 τοῦ
1039 1301 1178 1343 παιδὸς
1209 1302 1375 1342 τουτουί·
1411 1305 1464 1355 τῷ

136 1375 179 1414 δὲ
210 1374 308 1425 μετὰ
333 1375 473 1413 τοῦτον
498 1369 714 1412 Μενεσθέα
736 1369 883 1421 ἐθέμην
904 1367 984 1421 (καὶ
1005 1370 1082 1423 γὰρ
1109 1369 1128 1408 ὁ
1155 1368 1386 1410 Μενεσθεὺς
1412 1369 1463 1408 οἰ-

138 1443 240 1482 κεῖος
263 1438 311 1490 ἦν
335 1441 404 1490 τῆς
430 1440 525 1490 ἐμῆς
549 1435 758 1491 γυναικός)·
797 1441 849 1492 τῷ
881 1438 924 1478 δὲ
953 1436 1136 1491 νεωτάτῳ
1166 1435 1312 1486 ἐθέμην
1343 1438 1465 1486 ὄνομα

77 1526 118 1549 20
138 1508 458 1559 Καλλίστρατον,
484 1504 505 1546 ὃ
531 1504 578 1556 ἧν
603 1507 727 1556 ὄνομα
751 1508 802 1559 τῷ
828 1504 947 1556 πατρὶ
969 1506 1040 1554 τῆς
1070 1505 1167 1554 ἐμῆς
1189 1503 1345 1555 μητρός.
1409 1502 1466 1542 ἔτι

138 1577 179 1615 δὲ
204 1574 301 1627 πρὸς
323 1574 475 1615 τούτοις
496 1572 558 1613 καὶ
575 1572 648 1623 τὴν
668 1570 863 1625 θυγατέρα
883 1571 1007 1612 ἔδωκα
1032 1571 1230 1621 οὐδαμόσε
1250 1569 1337 1621 ἔξω,
1360 1570 1466 1610 ἀλλὰ

138 1646 190 1697 τῷ
227 1643 429 1696 ἀδελφιδῷ
461 1644 515 1695 τῷ
546 1641 727 1691 ἐμαυτοῦ,
754 1640 873 1685 ὅπως,
899 1640 969 1679 ἐὰν
1000 1638 1246 1691 ὑγιαίνωσιν,
1277 1637 1338 1677 καὶ
1364 1638 1399 1677 οἱ
1424 1637 1467 1676 ἐκ

138 1708 287 1749 τούτων
323 1709 368 1749 ἐκ
402 1710 472 1748 τοῦ
508 1707 627 1747 αὐτοῦ
659 1707 799 1760 γένους
836 1704 934 1746 ὦσιν
961 1705 1112 1759 Ἁγνίᾳ.
1176 1705 1256 1756 ἐγὼ
1290 1706 1363 1756 μὲν
1399 1703 1529 1747 οῦν75

139 1779 277 1817 τοῦτον
291 1775 360 1816 τὸν
375 1775 523 1828 τρόπον
538 1772 717 1830 διῴκησα,
738 1775 843 1815 ὅπως
860 1773 908 1814 ἂν
925 1770 1195 1828 διασῴζωνται
1214 1772 1275 1812 ὅτι
1289 1770 1469 1822 μάλιστα

78 1864 118 1895 25
140 1845 176 1884 οἳ
196 1843 295 1884 οἶκοι
320 1845 355 1884 οἱ
381 1844 458 1883 ἀπὸ
477 1845 545 1883 τοῦ
565 1841 784 1883 Βουσέλου·
818 1841 981 1882 τούτους
1000 1842 1042 1881 δὲ
1061 1838 1314 1890 ἐξετάσωμεν
1334 1837 1467 1879 πάλιν.

142 1910 204 1951 καὶ
229 1910 455 1964 πρώτιστον
477 1912 550 1962 μὲν
575 1909 645 1950 τὸν
668 1909 791 1961 νόμον
815 1907 970 1949 τουτονὶ
995 1906 1205 1960 ἀνάγνωθι.

719 1989 877 2018 ΝΟΜΟΣ.

194 2044 202 2056 ε
275 2043 292 2058 1!
425 2045 435 2057 9
580 2042 590 2054 l
723 2044 739 2053 a
804 2042 814 2054 5
923 2043 940 2052 a·
1042 2039 1051 2051 x
1107 2041 1123 2051 Α
1183 2041 1192 2054 ,
1300 2038 1309 2050 t
1459 2037 1469 2049 x

206 2047 238 2080 O
268 2060 390 2094 αρχων
419 2041 667 2092 επιμελεισθω
695 2057 766 2079 των
796 2043 968 2090 ορφανων
993 2056 1054 2077 και
1079 2056 1150 2077 των
1176 2040 1383 2087 επικληρων
1413 2054 1470 2074 και

141 2100 212 2136 τῶν
240 2097 348 2136 οἴκων
375 2100 447 2136 τῶν
475 2096 773 2147 ἐξερημουμένων
799 2095 859 2134 καὶ
884 2098 956 2133 τῶν
977 2097 1167 2146 γυναικῶν,
1190 2093 1277 2131 ὅσαι
1296 2094 1471 2143 μένουσιν

190 2210 210 2231 2
235 2199 456 2243 ἐξερημώθῃΑ
545 2202 562 2233 ὁ
578 2199 720 2231 alterum
738 2210 804 2231 om.
823 2199 850 2229 F
863 2198 893 2229 D
1003 2208 1022 2236 4
1047 2199 1143 2237 δεῖξαι
1158 2195 1190 2226 Α
1300 2206 1335 2226 11
1364 2195 1470 2233 ἐπειδὴ

142 2255 207 2276 (Ἧι.
226 2243 260 2275 Α
345 2245 470 2277 τουτουὶ
489 2243 586 2274 Blass
694 2244 735 2274 16
754 2245 824 2284 μετ’
840 2242 938 2274 αὐτὸν
953 2241 979 2271 F
994 2240 1025 2279 Q
1040 2240 1070 2270 D
1088 2252 1095 2271 ε
1118 2254 1203 2279 μετα
1220 2254 1275 2271 τον
1292 2239 1330 2270 S¹
1349 2239 1380 2279 (υ
1396 2249 1422 2268 S.
1437 2248 1468 2268 v.

145 2288 217 2320 ead.
236 2288 297 2329 m.)
317 2298 324 2319 ζ
345 2289 428 2328 μετὰ
447 2288 507 2320 τὸν
521 2287 750 2328 πρεσβύτατον
764 2286 797 2316 Α
885 2286 999 2326 τουτῳὶ
1019 2284 1117 2314 Blass
1254 2293 1290 2322 17
1315 2281 1405 2324 (τῆς)
1415 2283 1471 2313 τοῦ

146 2332 246 2363 Blass
356 2331 486 2363 τουτουί
503 2331 527 2362 S
541 2332 566 2361 F
582 2331 612 2369 Q
627 2331 657 2360 D
673 2342 681 2362 ε
707 2330 820 2362 τούτου
837 2328 868 2359 Α
1045 2328 1150 2367 18-19
1175 2326 1289 2367 ἐθέμην
1306 2331 1339 2356 et
1359 2325 1472 2364 ἐθέμην

146 2376 244 2415 ὄνομα
267 2374 332 2406 del.
352 2375 568 2406 Herwerden
716 2384 759 2405 20
780 2373 855 2415 (τῷ)
870 2375 928 2411 τῆς
947 2371 1097 2402 Dindorf
1239 2379 1277 2399 21
1306 2370 1403 2410 ἔδωκα
1418 2367 1472 2398 A:

147 2418 269 2451 δέδωκα
283 2423 363 2449 cett.
384 2420 444 2459 (ex
461 2419 625 2457 δεδήλωκα
641 2417 681 2458 S)
814 2426 857 2454 23
880 2416 995 2447 τούτου
1012 2414 1045 2444 Α
1178 2424 1218 2452 24
1245 2414 1326 2444 ὅπως
1344 2413 1382 2444 ἂν
1392 2418 1470 2451 μαλ.

148 2462 359 2503 διασᾷζωνται
375 2462 406 2491 Α
511 2471 552 2500 25
575 2461 724 2494 τουτουσὶ
743 2458 774 2490 Α
871 2461 913 2489 26
937 2457 1132 2499 πρώτιστον]
1151 2460 1275 2498 πρῶτον
1292 2456 1331 2494 Α,
1350 2455 1411 2485 sed
1428 2455 1468 2484 cf-

147 2505 238 2536 xlviii
257 2516 298 2545 33
432 2506 473 2535 28
498 2515 570 2546 sqq.
589 2505 697 2543 legem
716 2514 778 2534 om.
800 2502 824 2532 S
837 2502 862 2532 F
876 2502 906 2540 Q
923 2502 951 2530 D
