1763 2778
153 120 228 176 ux]
575 125 742 163 ΚΑΤΑ
789 125 1058 163 ΝΕΑΙΡΑΣ
1501 119 1642 175 [1380]

153 223 280 265 αὐτῶν
321 223 499 275 ἁλούσης
539 227 607 275 τῆς
645 225 800 266 πόλεως
848 225 946 264 κατὰ
994 223 1133 275 κράτος
1180 222 1481 275 ἀπεσφάγησαν

153 290 296 333 πάντες
321 293 357 331 οἱ
381 291 571 342 ἡβῶντες,
597 294 733 333 παῖδες
758 294 799 332 δὲ
826 292 887 332 καὶ
912 294 1092 343 γυναῖκες
1121 290 1480 342 ἐξηνδραποδίσθη-

154 374 244 404 σαν,
286 358 376 398 ὅσοι
422 358 474 409 μὴ
524 359 753 409 αἰσθόμενοι
792 359 974 399 ἐπιόντας
1021 357 1110 405 τοὺς
1150 358 1481 408 Λακεδαιμονίους

151 424 377 475 ὑπεξῆλθον
417 423 621 475 Ἀθήναζε.
692 429 772 466 τοῖς
815 426 884 465 οὖν
926 426 1026 465 οὕτω
1064 428 1245 477 φανερῶς
1287 425 1476 476 ἐνδεδειγ-
1504 438 1569 471 104

114 490 284 542 5μένοις
322 491 396 542 τὴν
436 492 591 532 εὔνοιαν
626 496 678 546 τῷ
716 490 836 546 δήμῳ,
875 492 938 532 καὶ
975 490 1206 543 προεμένοις
1243 490 1397 531 ἅπαντα
1432 492 1481 530 τὰ

151 559 279 599 αὐτῶν
311 559 373 599 καὶ
406 562 548 600 παῖδας
578 559 640 598 καὶ
668 562 868 611 γυναῖκας,
894 559 1017 599 πάλιν
1051 562 1237 598 σκοπεῖτε
1262 562 1343 599 πῶς
1366 557 1479 609 μετέ-

151 628 238 666 δοτε
262 628 331 676 τῆς
354 626 568 668 πολιτείας.
619 627 660 665 ἐκ
685 628 761 678 γὰρ
783 630 861 665 τῶν
886 625 1165 678 ψηφισμάτων
1187 629 1265 665 τῶν
1284 625 1480 677 ὑμετέρων

151 692 376 744 καταφανὴς
412 695 537 733 πᾶσιν
561 692 674 732 ἔσται
701 693 722 731 ὁ
756 693 885 743 νόμος,
922 693 983 732 καὶ
1020 690 1222 744 γνώσεσθ’
1256 692 1319 731 ὅτι
1352 692 1479 742 ἀληθῆ

148 759 268 812 λέγω.
357 760 425 801 καί
456 777 524 812 μοι
565 762 672 811 λαβὲ
713 763 757 799 τὸ
794 759 990 812 ψήφισμα
1027 763 1139 800 τοῦτο
1181 759 1242 799 καὶ
1281 759 1481 813 ἀνάγνωθι

92 844 129 866 10
148 825 291 869 αὐτοῖς.

531 920 721 948 ΨΗΦῙΣΜΑ
739 920 832 947 ΠΕΡΙ
850 919 1095 947 ΠΛΑΤΑῙΕΩΝ.

165 987 171 992 ’
200 975 448 1025 Ἱπποκράτης
467 975 576 1022 εἶπεν,
599 977 811 1016 Πλαταιέας
831 976 923 1015 εἶναι
939 974 1157 1024 Ἀθηναίους
1181 975 1252 1013 ἀπὸ
1270 972 1394 1025 τῆσδε
1416 977 1481 1024 τῆς

147 1030 295 1080 ἡμέρας,
337 1031 524 1080 ἐπιτίμους
562 1030 727 1080 καθάπερ
769 1031 804 1068 οἱ
841 1032 954 1068 ἄλλοι
992 1029 1192 1079 Ἀθηναῖοι,
1229 1030 1288 1067 καὶ
1320 1032 1480 1080 μετεῖναι

147 1087 270 1125 αὐτοῖς
299 1085 418 1134 ὧνπερ
446 1085 657 1134 Ἀθηναίοις
684 1086 837 1135 μέτεστι
865 1086 1022 1132 πάντων,
1053 1086 1113 1122 καὶ
1143 1086 1244 1133 ἱερῶν
1271 1086 1331 1122 καὶ
1355 1085 1477 1131 ὁσίων,

90 1155 125 1186 15
145 1140 248 1189 πλὴν
276 1139 310 1177 εἴ
334 1156 388 1180 τις
418 1138 640 1189 ἱερωσύνηῆ
666 1141 798 1190 τελετή
825 1143 929 1178 ἐστιν
956 1143 994 1177 ἐκ
1014 1140 1151 1190 γένους,
1175 1139 1267 1188 μηδὲ
1286 1142 1358 1177 τῶν
1377 1140 1480 1178 ἐννέα

147 1194 344 1245 ἀρχόντων,
365 1196 442 1234 τοῖς
461 1194 492 1232 δ’
512 1196 551 1231 ἐκ
571 1195 719 1232 τούτων.
779 1196 994 1243 κατανεῖμαι
1021 1194 1058 1232 δὲ
1081 1194 1165 1233 τοὺς
1192 1195 1405 1234 Πλαταιέας
1431 1196 1480 1234 εἷς

145 1249 230 1288 τοὺς
259 1248 396 1298 δήμους
425 1249 484 1286 καὶ
512 1250 577 1289 τὰς
606 1250 739 1296 φυλάς.
800 1248 946 1286 ἐπειδὰν
975 1249 1013 1286 δὲ
1038 1248 1237 1298 νεμηθῶσι,
1263 1266 1315 1297 μη
1344 1249 1479 1294 ἐξέστω
1501 1248 1636 1304 [1381]

148 1303 199 1341 ἔτι
227 1302 410 1355 Ἀθηναίῳ
437 1303 567 1353 μηδενὶ
594 1303 790 1355 γίγνεσθαι
820 1304 1052 1349 Πλαταιεων,
1083 1303 1135 1353 μὴ
1171 1303 1351 1354 εὑρομένω
1379 1304 1480 1352 παρὰ

145 1360 211 1396 *rofi
232 1358 349 1408 δήμου
368 1360 434 1396 τοῦ
452 1357 671 1408 Ἀθηναίων.

417 1448 438 1465 ¹3*

87 1463 126 1485 20
211 1448 369 1502 ‘OpZm-e,
414 1468 444 1490 ω
483 1449 620 1503 ἄνδρες
668 1449 885 1501 Ἀθηναῖοι,
936 1449 988 1492 ὡς
1033 1453 1165 1490 καλῶς
1211 1453 1274 1489 καὶ
1323 1450 1478 1490 δικαίως
1503 1468 1564 1504 105

145 1516 324 1570 ἔγραψεν
346 1516 369 1557 ὁ
389 1515 518 1570 ῥήτωρ
541 1518 637 1570 ὑπὲρ
662 1521 730 1557 τοῦ
754 1517 878 1568 δήπου
896 1520 966 1557 τοῦ
987 1515 1222 1566 Ἀθηναίων,
1245 1516 1307 1556 καὶ
1329 1514 1479 1565 ἠξίωσε

145 1584 236 1626 τοὺς
262 1583 489 1626 Πλαταιέας
512 1585 796 1636 λαμβάνοντας
818 1585 890 1635 τὴν
916 1586 1067 1636 δωρεὰν
1091 1588 1248 1636 πρῶτον
1270 1585 1343 1635 μὲν
1374 1586 1476 1623 δοκι-

145 1654 346 1702 μασθῆναι
374 1653 416 1692 ἐν
451 1655 504 1706 τῷ
541 1653 779 1706 δικαστηρίῳ
816 1651 901 1692 κατ’
929 1651 1053 1703 ἄνδρα
1085 1651 1268 1697 ἕκαστον,
1300 1651 1334 1690 εἰ
1367 1650 1478 1690 ἔστιν

147 1718 374 1760 Πλαταιεὺς
408 1719 469 1758 καὶ
503 1719 537 1759 εἷ
567 1722 643 1759 τῶν
677 1720 808 1770 φίλων
839 1722 917 1759 τῶν
948 1721 1016 1769 τῆς
1050 1719 1216 1765 πόλεως,
1245 1719 1308 1758 ἵνα
1335 1717 1386 1769 μὴ
1414 1716 1478 1757 ἐπὶ

87 1799 125 1832 25
146 1784 267 1841 ταύτῃ
309 1785 354 1841 τῇ
397 1785 600 1838 προφάσει
647 1786 793 1826 πολλοὶ
833 1786 1099 1837 μεταλάβωσι
1146 1788 1213 1835 τῆς
1259 1784 1475 1825 πολιτείας·

146 1851 282 1893 ἔπειτα
309 1852 400 1894 τοὺς
432 1853 743 1903 δοκιμασθέντας
779 1854 1059 1906 ἀναγραφῆναι
1089 1854 1131 1893 ἐν
1165 1851 1293 1908 στήλῃ
1330 1851 1473 1907 λιθίνῃ,

147 1920 210 1960 καὶ
235 1921 383 1970 στῆσαι
409 1921 450 1959 ἐν
475 1920 691 1972 ἀκροπόλει
714 1922 820 1972 παρὰ
846 1926 893 1977 τῇ
912 1923 1000 1975 θεῷ,
1028 1921 1092 1960 ἵνα
1111 1917 1278 1974 σῴζηται
1301 1919 1323 1969 ἡ
1351 1919 1477 1970 δωρεὰ

146 1989 228 2028 τοῖς
253 1987 569 2039 ἐπιγιγνομένοις
595 1987 656 2026 καὶ
679 1985 704 2043 ᾗ
730 1986 936 2039 ἐξελέγξαι
961 1988 1051 2027 ὅτου
1077 1987 1123 2027 ἂν
1149 1987 1314 2026 ἕκαστος
1333 1983 1358 2041 ᾗ
1376 2002 1473 2037 συγ-

147 2052 276 2105 γενής.
349 2054 411 2094 καὶ
442 2055 611 2106 ὕστερον
646 2053 714 2093 οὐκ
749 2054 797 2109 ἐᾷ
822 2055 1035 2108 γίγνεσθαι
1067 2053 1281 2104 Ἀθηναῖον
1314 2051 1472 2103 ἐξεῖναι,
1496 2062 1564 2098 106

189 2173 209 2202 3
233 2162 411 2202 αἰσθόμενοι
465 2162 580 2195 Blass:
644 2163 861 2203 αἰσθανόμενοι
916 2163 1065 2202 Svulg.:
1118 2162 1358 2204 προαισθόμενοι
1405 2161 1473 2201 FQ

148 2214 168 2244 5
190 2206 385 2247 προειμένοις
401 2206 509 2237 Cobet
617 2207 638 2236 8
662 2208 752 2239 ἔσται
771 2207 895 2238 Hude:
921 2210 1011 2239 ἐστιν
1027 2207 1123 2238 codd.
1226 2216 1259 2236 11
1287 2210 1474 2238 ΨΗΦῙΣΜΑ

148 2259 213 2280 om.
234 2249 257 2280 S
418 2259 454 2288 ¹3
480 2251 640 2289 ἐπιτίμους
658 2250 781 2281 Cobet:
809 2252 951 2290 ἐντίμους
967 2251 1064 2280 codd.
1176 2251 1226 2281 καὶ
1242 2253 1319 2279 ante
1335 2251 1474 2288 μετεῖναι

148 2303 214 2323 om.
234 2291 271 2323 5ι
434 2303 472 2332 15
497 2293 601 2334 (ἀλλὰ
615 2294 659 2332 μὴ
675 2296 739 2325 τῶν
755 2294 939 2334 ἵερωσυνῶν,
959 2297 1026 2326 τοῖς
1043 2295 1073 2324 δ’
1089 2295 1124 2324 ἐκ
1139 2292 1278 2333 τούτων)
1294 2297 1372 2322 ante
1388 2293 1474 2329 πλὴν

148 2336 311 2366 insertum
336 2337 439 2367 voluit
470 2337 682 2367 Riehemann
708 2337 781 2367 coll.
810 2339 846 2374 ξς
880 2347 932 2376 92,
970 2338 1029 2366 106
1188 2338 1226 2366 16
1250 2340 1327 2375 post
1350 2336 1473 2366 τούτων

148 2378 298 2409 lacunam
314 2380 431 2410 statuit
452 2379 550 2410 Blass
687 2390 729 2410 20
753 2382 846 2420 ὁρᾶτε
864 2379 888 2410 S
902 2390 918 2410 r
931 2380 960 2409 D
978 2390 984 2409 :
1009 2382 1102 2419 ὁρᾶτε
1119 2381 1156 2417 δὴ
1172 2378 1260 2417 vulg.
1381 2388 1421 2416 24
1445 2380 1474 2410 εἰ

147 2425 211 2453 τῶν
229 2422 252 2452 S
264 2422 295 2460 Q
307 2435 359 2463 γρ.
375 2422 406 2452 Y
419 2433 435 2452 r
448 2423 477 2452 D
493 2434 500 2453 :
524 2422 568 2455 εἷς
583 2426 648 2454 τῶν
664 2422 688 2452 F
702 2422 732 2460 Q
867 2424 908 2452 26
933 2422 1125 2463 ἀναγράφειν
1144 2422 1173 2451 Ι)
1300 2431 1339 2460 27
1360 2424 1472 2458 στῆναι

149 2464 318 2496 Richards
406 2467 488 2507 παρὰ
507 2466 530 2496 S
543 2466 572 2495 Y
587 2476 603 2496 r
616 2466 663 2496 D:
687 2467 763 2506 πρὸς
781 2465 847 2503 FQ
