1763 2778
474 130 639 168 ΠΡοο
651 130 801 168 IMIA.
870 133 1134 170 XIV—xvm
1497 120 1639 177 [1429]

152 226 343 281 μέγιστον
369 232 531 270 ἔπαινον
551 228 690 280 φέρειν
708 234 756 284 τῇ
781 229 908 274 πόλει,
935 227 980 268 τὸ
1003 227 1168 279 μηδενὸς
1189 227 1302 267 ἕνεκα
1320 226 1476 278 κέρδους

153 295 254 336 ἰδίου
276 295 454 338 πολλοὺς
478 296 677 337 κινδύνους
701 297 798 347 ὑπὲρ
823 295 940 335 αὐτοῦ
957 298 1026 334 τοῦ
1045 296 1195 335 δικαίου
1212 296 1474 350 προῃρῆσθαι.

152 362 231 414 ἐγὼ
263 364 307 402 δὲ
337 362 484 413 ταύτην
506 362 540 403 τ’
566 363 693 413 ἀληθῆ
727 362 799 412 τὴν
825 361 946 412 δόξαν
972 362 1071 404 εῖναι
1102 362 1246 412 νομίζω
1279 363 1375 400 κατὰ
1406 363 1475 411 τῆς

152 429 307 471 πόλεως
340 429 403 470 καὶ
437 429 651 480 βούλομαι,
687 430 842 470 κάκεῖνο
876 429 908 469 δ’
941 428 1215 479 ὑπολαμβάνω
1254 428 1476 480 σωφρόνων

113 508 131 539 5
153 495 371 547 ἀνθρώπων
403 495 519 549 ἔργον
553 496 664 542 εἶναι,
700 498 794 546 ἴσην
828 496 1017 548 πρόνοιαν
1046 500 1122 536 τῶν
1156 497 1288 536 αὐτοῖς
1323 496 1477 535 οἰκείων

152 563 328 615 ὅσηνπερ
367 566 446 603 τῶν
487 563 710 615 ἀλλοτρίων
751 566 965 610 ποιεῖσθαι,
1004 564 1068 603 ἵνα
1103 562 1156 613 μὴ
1200 561 1478 615 φιλάνθρωποι

150 631 287 681 μόνον,
309 630 418 671 ἀλλὰ
443 629 505 670 καὶ
529 634 620 671 νοῦν
645 630 804 683 ἔχοντες
830 631 1042 683 φαίνησθε.

787 770 839 806 lZ

210 848 347 896 Ἴσως,
374 847 403 889 ὧ
437 849 575 902 ἄνδρες
607 849 824 900 Ἀθηναῖοι,
860 848 1053 902 προσήκει
1083 854 1137 905 τῷ
1170 848 1404 904 βουλομένῳ
1440 866 1478 891 τι

93 935 132 957 10
152 921 356 969 παραινεῖν
391 918 481 969 ὑμῖν
517 918 617 958 οὕτω
653 920 865 970 πειρᾶσθαι
901 917 1034 970 λέγειν
1076 918 1125 957 ὡς
1165 919 1226 958 καὶ
1263 916 1476 968 δυνήσεσθ’

150 984 370 1035 ὑπομεῖναι·
410 986 444 1025 εἰ
476 986 518 1025 δὲ
551 984 603 1036 μὴ
641 988 769 1031 τοῦτο,
803 984 956 1037 ἀφέντα
992 984 1082 1026 τοὺς
1119 984 1265 1026 ἄλλους
1302 983 1478 1026 ἅπαντας

151 1051 309 1103 λόγους,
344 1051 433 1103 περὶ
465 1051 593 1092 αὐτῶν
622 1053 676 1092 ὧν
707 1056 894 1092 σκοπεῖτε
927 1052 1232 1102 συμβουλεύειν,
1270 1051 1332 1091 καὶ
1369 1050 1477 1091 ταῦθ’

152 1117 203 1160 ὡς
229 1120 292 1158 διὰ
315 1118 593 1172 βραχυτάτων.
647 1119 691 1159 οὐ
717 1118 791 1172 γὰρ
818 1120 947 1172 ἐνδείᾳ
971 1136 1037 1170 μοι
1063 1122 1211 1159 δοκεῖτε
1236 1119 1369 1170 λόγων
1389 1118 1478 1159 οὐδὲ

149 1188 220 1226 νῦν
243 1186 339 1238 ὁρᾶν
363 1187 411 1225 τὰ
446 1185 657 1238 πράγματα
686 1185 815 1226 πάντα
844 1185 1141 1236 λελυμασμένα,
1169 1186 1276 1225 ἀλλὰ
1305 1189 1357 1239 τῷ
1387 1185 1476 1227 τοὺς
1519 1237 1525 1243 ⁴

93 1269 129 1301 15
149 1255 222 1303 μὲν
260 1255 409 1293 ἑαυτῶν
444 1255 559 1294 ἕνεκα
597 1257 832 1305 δημηγορεῖν
871 1253 933 1293 καὶ
970 1252 1265 1298 πολιτεύεσθαι,
1301 1252 1393 1293 τοὺς
1435 1254 1477 1292 δὲ

148 1319 265 1371 μήπω
301 1320 438 1360 τούτου
474 1321 692 1362 δεδωκότας
728 1324 866 1372 πεῖραν
902 1322 1058 1371 μᾶλλον
1095 1320 1200 1361 ὅπως
1239 1319 1279 1359 εὖ
1317 1318 1477 1369 δόξουσι

149 1386 286 1439 λέγειν
309 1387 559 1437 σπουδάζειν,
580 1384 603 1437 ἢ
630 1391 710 1429 πῶς
736 1387 851 1440 ἔργον
878 1386 924 1438 ἐξ
945 1388 998 1427 ὧν
1018 1387 1188 1439 λέγουσί
1209 1403 1246 1426 τι
1270 1386 1476 1439 συμφέρον

150 1452 435 1507 πραχθήσεται.
491 1455 569 1506 ἐγὼ
595 1454 628 1494 δ’
649 1455 712 1494 ἵνα
735 1454 787 1506 μὴ
812 1454 923 1494 λάθω
948 1454 1179 1494 τούναντίον
1199 1453 1242 1493 οὗ
1268 1453 1370 1506 φημὶ
1395 1456 1477 1494 δεῖν

149 1520 264 1562 αὐτὸς
289 1525 424 1567 ποιῶν,
453 1522 514 1562 καὶ
540 1522 662 1562 πλείω
689 1522 776 1573 περὶ
800 1525 878 1562 τῶν
903 1521 1039 1561 ἄλλων
1064 1518 1087 1571 ἦ
1116 1521 1203 1572 περὶ
1227 1521 1280 1561 ὧν
1306 1519 1477 1570 ἀνέστην

90 1608 130 1630 20
148 1586 292 1640 λέγων,
324 1588 441 1641 ἀφεὶς
475 1588 605 1629 τᾶλλα
633 1588 774 1635 πάντα,
808 1589 833 1629 ἃ
864 1593 1040 1641 παραινῶ
1073 1588 1134 1628 καὶ
1167 1587 1212 1639 δὴ
1238 1586 1478 1639 πειράσομαι

150 1653 246 1707 πρὸς
270 1655 370 1706 ὑμᾶς
394 1657 530 1697 εἰπεῖν.

784 1793 844 1830 ΙΗ

216 1873 385 1915 Δοκεῖτέ
415 1891 483 1926 μοι
517 1875 674 1916 δικαίως
703 1874 763 1921 ἄν,
791 1872 820 1914 ὦ
853 1873 989 1926 ἄνδρες
1015 1873 1230 1924 Ἀθηναῖοι,
1258 1871 1476 1926 προσέχειν

149 1939 218 1981 τὸν
243 1945 349 1987 νοῦν,
377 1942 413 1982 εἵ
434 1958 492 1983 τις
510 1941 722 1994 ὑπόσχοιθ’
738 1942 828 1992 ὑμῖν
847 1941 969 1981 ταύτὰ
988 1942 1118 1981 δίκαια
1139 1941 1201 1980 καὶ
1221 1939 1474 1992 συμφέροντα
1495 1938 1638 1993 [1430]

90 2029 128 2061 25
149 2007 291 2058 δείξειν
311 2007 392 2048 ὄνθ’
410 2009 507 2060 ὑπὲρ
530 2009 583 2048 ὧν
602 2007 888 2059 βουλευόμεθα.
949 2009 1028 2060 ἐγὼ
1054 2009 1187 2048 τοίνυν
1206 2009 1337 2058 οἴομαι
1360 2010 1474 2046 τοῦτο

149 2074 336 2125 ποιήσειν
361 2075 405 2115 οὐ
429 2078 628 2128 χαλεπῶς,
655 2075 703 2115 ἂν
727 2077 836 2126 ὑμεῖς
854 2075 989 2128 βραχύ
1008 2075 1048 2115 τί
1063 2092 1130 2126 μοι
1149 2076 1338 2124 πεισθῆτε
1357 2072 1472 2113 πάνυ.

149 2141 202 2192 μὴ
221 2141 361 2188 πάντα,
384 2141 435 2184 ὣς
454 2142 621 2184 ἕκαστος
641 2143 724 2196 ἔχει
744 2143 900 2194 γνώμης
925 2143 1033 2193 ὑμῶν
1053 2141 1141 2193 περὶ
1159 2145 1238 2181 τῶν
1254 2140 1471 2193 παρόντων,

196 2260 216 2289 4
233 2250 448 2291 ὑπολαμβάνω
462 2251 540 2282 secl.
558 2251 654 2281 BlaSS
735 2253 756 2281 6
773 2252 853 2289 ὅσην
865 2251 933 2292 περὶ
947 2253 1012 2282 ’τῶν
1026 2251 1052 2280 F
1140 2260 1178 2280 10
1194 2251 1352 2291 περαίνειν
1364 2248 1388 2279 S
1403 2249 1428 2279 F
1442 2248 1473 2278 Y

153 2303 187 2323 11
215 2296 242 2326 εἶ
257 2294 292 2325 δὲ
307 2294 367 2335 μὴ]
387 2295 458 2326 ἔστι
475 2294 508 2326 δὲ
526 2304 542 2324 r
653 2294 774 2335 ἀφέντα
790 2294 904 2325 Wolf:
928 2295 1068 2335 ἀφέντας
1085 2294 1180 2324 codd.
1296 2303 1332 2322 12
1356 2293 1473 2331 λόγους

150 2347 215 2368 om.
235 2337 258 2367 S
272 2337 302 2367 Y
315 2337 342 2367 C
465 2347 502 2376 17
528 2339 547 2375 ἢ
565 2337 646 2369 ὅπως
663 2348 678 2367 1·
690 2337 720 2367 D
853 2348 959 2376 19-20
983 2339 1001 2375 ἢ
1019 2339 1087 2378 περὶ
1105 2337 1147 2368 ὧν
1164 2336 1304 2374 ἀνέστην
1319 2336 1425 2375 λέγων
1442 2345 1467 2372 Γ,

151 2381 192 2410 cf.
214 2380 368 2412 Prooem.
387 2380 422 2410 lii
437 2391 445 2411 ε
468 2380 575 2420 λέγων
592 2380 696 2421 (λέγω
711 2381 748 2421 F)
767 2382 786 2419 ἢ
803 2383 872 2422 περὶ
890 2380 932 2412 ὧν
949 2381 1089 2418 ἀνέστην
1108 2383 1186 2420 ἐρῶν
1203 2385 1280 2409 cett.
1371 2390 1412 2408 20
1437 2378 1469 2418 ἃ]

150 2425 219 2465 περὶ
251 2425 355 2456 αὐτῶν
389 2424 408 2456 ἃ
429 2434 445 2454 1·
576 2434 618 2462 23
640 2425 679 2455 ’ἂν
710 2435 773 2454 om.
793 2425 818 2454 F
952 2435 993 2464 24
1017 2425 1119 2455 ταύτὰ
1151 2423 1212 2453 Sl:
1249 2425 1351 2454 ταῦτα
1380 2421 1469 2460 vulg.

150 2469 194 2497 26
216 2468 248 2499 τί
269 2481 322 2507 μοι
341 2467 500 2498 Paulina:
523 2481 575 2508 μοι
593 2468 690 2498 codd.
707 2479 714 2498 ε
736 2482 767 2499 τι
783 2467 861 2498 Ald.
1002 2477 1040 2505 27
1068 2468 1128 2509 ἔχῃ
1148 2466 1213 2505 SQ
