1763 2778
114 509 133 541 5

95 844 134 866 10

93 1171 132 1204 15

92 1515 132 1537 20

151 119 230 174 Lm]
577 122 737 160 ΚΑΤΑ
785 121 1052 159 ΝΕΑΙΡΑΣ

152 220 325 275 ἐραστὴν
361 223 455 262 ὄντα
481 222 655 274 Νεαίρας
684 220 850 271 ταυτησὶ
878 222 1051 261 παλαιὸν
1081 218 1300 261 καὶπολλὰ
1325 219 1479 268 ἀνηλω-

155 290 248 330 κότα
273 290 330 332 εἷς
352 288 473 339 αὐτην
500 289 563 329 καὶ
587 289 857 340 καταγόμενον
881 289 986 340 παρὰ
1018 287 1171 329 τούτοις
1200 287 1319 328 ὁπότε
1345 287 1479 336 ἐπιδη-

151 355 315 408 μήσειεν
339 354 531 406 Ἀθήναζε
556 354 620 396 διὰ
638 355 709 406 τὴν
729 356 869 407 φιλίαν
888 354 960 404 τὴν
980 354 1164 406 Νεαίρας,
1187 353 1479 404 ἐπιβουλεύσας

154 422 361 476 Στέφανος
399 424 546 469 οὑτοσί,
586 421 947 474 μεταπεμψάμενος
994 422 1050 463 εἷς
1096 420 1217 473 ἀγρὸν
1265 420 1315 461 ὡς
1364 420 1478 466 θύων,

152 489 355 542 λαμβάνει
384 489 527 543 μοιχὸν
560 490 623 530 ἐπὶ
658 495 706 546 τῇ
738 489 899 541 θυγατρὶ
931 494 979 545 τῇ
1010 489 1185 540 Νεαίρας
1210 487 1388 537 ταυτησί,
1415 487 1479 527 καὶ

153 558 210 600 εἷς
233 558 368 611 φόβον
393 555 648 607 καταστήσας
667 556 877 609 πράττεται
896 558 995 606 μνᾶς
1013 554 1234 607 τριάκοντα,
1256 554 1318 595 καὶ
1338 554 1480 605 λαβὼν

153 623 348 677 ἐγγυητὰς
369 624 519 664 τούτων
544 622 840 676 Ἀριστόμαχόν
862 639 907 663 τε
934 622 1004 663 τὸν
1033 620 1385 673 θεσμοθετήσαντα
1419 621 1480 661 καὶ

154 692 411 744 Ναυσίφιλον
437 691 504 731 τὸν
530 691 775 731 Ναυσινίκου
796 692 867 731 τοῦ
889 688 1082 742 ἄρξαντος
1111 690 1207 734 υἱόν,
1235 689 1402 740 ἀφίησιν
1429 688 1480 730 ὡς

153 758 416 799 ἀποδώσοντα
446 759 548 813 αὑτῷ
582 757 626 798 τὸ
657 757 854 811 ἀργύριον.
926 756 1100 807 ἐξελθὼν
1128 758 1170 796 δὲ
1203 756 1224 795 ὁ
1248 754 1480 797 Ἐπαίνετος

154 825 217 865 καὶ
258 824 375 868 αὐτὸς
416 826 535 865 αὑτοῦ
575 825 705 878 κύριος
750 825 962 878 γενόμενος
1003 823 1200 877 γράφεται
1248 822 1346 875 πρὸς
1389 821 1480 864 τοὺς

153 892 395 943 θεσμοθέτας
418 891 578 945 γραφὴν
603 891 812 944 Στέφανον
833 892 1000 937 τουτονί,
1024 892 1165 933 ἀδίκως
1189 892 1393 943 εἱρχθῆναι
1417 888 1481 930 ὑπ’

153 959 284 1006 αὐτοῦ,
310 958 408 1000 κατὰ
440 959 511 1000 τὸν
533 960 656 1012 νόμον
679 958 721 1000 ὃς
752 959 916 1004 κελεύει,
942 957 1013 999 ἐάν
1040 975 1098 1000 τις
1124 959 1266 999 ἀδίκως
1296 955 1402 1013 εἵρξῃ
1430 956 1480 998 ὡς

151 1027 307 1080 μοιχόν,
333 1026 574 1080 γράψασθαι
594 1026 692 1078 ’πρὸς
717 1026 807 1068 τοὺς
830 1025 1075 1076 θεσμοθέτας
1095 1025 1236 1066 ἀδίκως
1262 1026 1478 1077 εἱρχθῆναι,

153 1093 215 1133 καὶ
249 1092 319 1134 ἐὰν
353 1096 425 1145 μὲν
451 1094 523 1150 ἕλῃ
553 1093 623 1134 τὸν
649 1091 833 1146 εἵρξαντα
867 1093 928 1133 καὶ
962 1093 1056 1149 δόξῃ
1087 1093 1229 1134 ἀδίκως
1260 1093 1476 1142 ἐπιβεβου-

151 1163 330 1207 λεῦσθαι,
358 1162 485 1216 ἀθῷον
511 1161 613 1202 εἶναι
634 1161 753 1201 αὐτὸν
785 1161 847 1201 καὶ
875 1159 966 1202 τοὺς
996 1158 1190 1212 ἐγγυητὰς
1222 1157 1480 1211 ἀπηλλάχθαι

151 1230 219 1279 τῆς
257 1228 412 1281 ἐγγύης·
451 1227 520 1268 ἐὰν
556 1231 597 1269 δὲ
633 1227 729 1284 δόξῃ
763 1231 905 1281 μοιχὸς
941 1227 1054 1273 εἶναι,
1089 1230 1331 1279 παραδοῦναι
1362 1225 1480 1266 αὐτὸν

153 1295 303 1336 κελεύει
339 1294 428 1337 τοὺς
465 1297 658 1348 ἐγγυητὰς
693 1299 746 1350 τῷ
783 1296 928 1342 ἑλόντι,
960 1295 1024 1335 ἐπὶ
1057 1296 1099 1335 δὲ
1129 1297 1198 1334 τοῦ
1227 1294 1480 1345 δικαστηρίου

151 1361 244 1403 ἄνευ
277 1363 512 1416 ἐγχειριδίου
542 1365 716 1416 χρῆσθαι
750 1362 774 1403 ὅ
799 1379 836 1404 τι
861 1362 909 1403 ἂν
934 1363 1129 1418 βουληθῇ,
1157 1361 1208 1403 ὡς
1231 1364 1357 1415 μοιχῷ
1383 1362 1477 1400 ὄντι.

153 1431 251 1470 κατὰ
284 1429 330 1480 δὴ
367 1433 506 1470 τοῦτον
541 1429 609 1471 τὸν
645 1431 767 1481 νόμον
796 1429 997 1483 γράφεται
1027 1428 1147 1469 αὐτὸν
1179 1429 1199 1468 ὁ
1232 1427 1477 1473 Ἐπαίνετος,

151 1496 215 1537 καὶ
247 1495 444 1549 ὡμολόγει
476 1499 549 1549 μὲν
581 1500 757 1550 χρῆσθαι
787 1502 836 1554 τῇ
864 1496 1070 1551 ἀνθρώπῳ,
1108 1495 1152 1535 οὗ
1182 1495 1318 1546 μέντοι
1340 1494 1480 1548 μοιχός

151 1580 198 1617 γε
231 1563 342 1604 εἶναι·
381 1565 468 1605 οὔτε
504 1566 579 1617 γὰρ
616 1563 822 1617 Στεφάνου
856 1563 1048 1617 θυγατέρα
1080 1562 1201 1613 αὐτὴν
1237 1561 1337 1603 εἶναι
1373 1562 1480 1602 ἀλλὰ

152 1632 337 1684 Νεαίρας,
376 1630 445 1682 τήν
480 1648 524 1672 τε
563 1631 713 1684 μητέρα
754 1631 873 1682 αὐτῆς
915 1629 1137 1671 συνειδέναι
1177 1629 1479 1680 πλησιάζουσαν

151 1698 268 1752 αὐτῷ,
300 1698 547 1749 ἀνηλωκέναι
582 1716 625 1739 τε
660 1700 794 1739 πολλὰ
829 1700 883 1739 εἷς
921 1697 1052 1744 αὐτάς,
1087 1696 1249 1749 τρέφειν
1286 1713 1329 1737 τε
1360 1696 1480 1736 ὁπότε

152 1764 446 1816 ἐπιδημήσειεν,
474 1765 546 1816 τὴν
578 1766 705 1806 οἰκίαν
738 1768 849 1816 ὅλην·
887 1766 959 1806 τόν
992 1781 1035 1805 τε
1072 1764 1192 1815 νόμον
1230 1764 1293 1804 ἐπὶ
1328 1764 1479 1805 τούτοις

151 1832 434 1885 παρεχόμενος,
463 1831 504 1875 ὃς
540 1833 608 1873 οὐκ
637 1834 683 1888 ἐᾷ
717 1833 781 1874 ἐπὶ
803 1832 972 1888 ταύτῃσι
995 1831 1140 1885 μοιχὸν
1160 1834 1309 1882 λαβεῖν
1331 1830 1479 1870 ὁπόσαι

150 1896 200 1938 ἂν
223 1897 285 1939 ἐπ’
308 1899 573 1952 ἐργαστηρίου
596 1903 793 1942 καθῶνται
814 1897 839 1951 ἢ
870 1903 1083 1940 πωλῶνται
1114 1896 1475 1950 ἀποπεφασμένως,

151 1964 413 2018 ἐργαστήριον
438 1966 609 2020 φάσκων
633 1967 695 2008 καὶ
721 1970 834 2007 τοῦτο
864 1967 977 2014 εἶναι,
1007 1965 1078 2016 τὴν
1104 1965 1310 2018 Στεφάνου
1336 1966 1474 2010 οἰκίαν,

192 2086 213 2116 4
236 2075 399 2116 Στέφανος
438 2075 578 2116 Sauppe
596 2088 604 2108 t
642 2078 658 2108 ὁ
692 2081 748 2110 Στ.
791 2077 886 2107 codd.
998 2076 1101 2107 θύσων
1125 2075 1239 2106 Naber
1394 2083 1413 2113 5
1436 2076 1477 2116 τῇ

149 2120 281 2160 Νεαίρας
299 2119 463 2150 Schaefer
477 2131 484 2150 z
508 2123 566 2158 τῆς
577 2126 614 2152 Ν.
629 2120 724 2151 codd.
818 2131 834 2159 7
861 2119 1057 2159 θεσμοθέτην
1070 2119 1099 2149 Y
1115 2129 1131 2149 r
1145 2119 1174 2149 D
1267 2128 1302 2149 11
1327 2122 1476 2159 ερχθηναι

150 2161 175 2193 S
192 2167 226 2193 et
243 2163 289 2193 sic
306 2163 471 2202 deinceps
607 2173 645 2202 14
671 2165 783 2196 ἀδίκως
798 2163 870 2205 δόξῃ
891 2164 947 2194 Υι·
960 2164 989 2193 D
1103 2173 1140 2192 21
1169 2164 1268 2201 αὐτὴν
1284 2172 1348 2193 om.
1370 2161 1400 2192 Y
1414 2172 1429 2191 r
1444 2161 1475 2191 D

149 2215 191 2245 24
205 2204 295 2249 (τὸν)
308 2208 358 2238 ἐπὶ
371 2206 473 2237 Hude
570 2216 610 2245 25
635 2208 773 2249 ταύτῃσι
787 2207 886 2237 Blass
900 2218 908 2238 z
932 2207 1052 2244 ταύτης
1068 2206 1092 2237 S
1104 2216 1119 2236 r
1138 2206 1304 2245 Harpocr.
1322 2216 1329 2236 :
1345 2205 1477 2237 ταύταις

148 2249 239 2288 vulg.
310 2249 442 2290 λαβεῖν]
459 2252 544 2281 ἑλεῖν
556 2250 598 2287 D,
610 2251 671 2280 sed
685 2254 798 2287 λαβεῖν
811 2250 839 2280 D
852 2264 902 2291 γρ.
1004 2252 1046 2280 26
1063 2254 1140 2289 post
1152 2253 1309 2282 καθῶνται
1319 2250 1338 2287 ἢ
1351 2249 1426 2279 add.
1443 2251 1477 2280 ἐν

148 2295 190 2334 τῇ
220 2294 320 2334 ἀγορᾷ
348 2294 444 2325 codd.
478 2293 644 2332 Harpocr.
678 2304 704 2324 S.
718 2305 748 2325 v.
782 2298 914 2326 πωλῶσι
932 2305 939 2325 :
968 2294 1033 2324 del.
1062 2293 1216 2323 Francke
1306 2295 1474 2324 πωλῶνται

149 2335 319 2366 Heraldus
334 2347 342 2367 Ζ
374 2340 553 2369 πωλοῦνται
579 2337 748 2376 Harpocr.
781 2348 806 2368 S.
824 2348 854 2369 V.
881 2336 1166 2378 ἀποπεφασμένως,
1202 2335 1243 2368 cf.
1268 2335 1345 2376 LyS.
1372 2346 1395 2365 x
1426 2345 1472 2374 19,

148 2378 236 2411 Plut.
254 2379 360 2410 Solon
377 2390 439 2417 23:
464 2381 596 2412 πωλῶσί
609 2394 641 2412 τι
658 2381 764 2419 codd.‚
787 2381 952 2420 Harpoer.
970 2391 1038 2411 S.v.
1056 2383 1185 2411 πωλῶσι
1311 2380 1473 2419 ἀποπεφα-

148 2422 270 2461 σμένως
287 2423 401 2461 codd.‚
419 2423 587 2462 Harpocr.
605 2433 632 2454 S.
648 2434 679 2454 v.
696 2435 703 2455 :
728 2426 937 2466 πεφασμένως
958 2424 1051 2462 Lys.‚
1078 2424 1166 2454 Plut.
1327 2432 1366 2460 27
1389 2420 1475 2465 (καὶ)

148 2466 361 2508 ἐργαστήριον
378 2466 539 2497 Schaefer

1499 113 1644 168 [1366]

1500 294 1640 347 [1367]

1499 351 1541 395 65

1499 762 1545 797 66

1499 1438 1543 1480 67
