1763 2778
109 156 252 264 {1339}

111 211 232 265 [1339

210 276 253 312 53

209 609 250 645 54

206 1014 246 1051 55

204 1482 247 1525 56

104 1942 245 1997 [1340]

678 161 1194 216 [AMMOEOENOTE]
1494 163 1598 218 [tvm

793 263 813 280 ’τ’

340 267 569 318 Μοιροκλῆς
606 266 752 312 τοίνυν,
789 284 820 305 ω
861 265 998 315 ἄνδρες
1031 266 1226 312 δικασταί,
1263 266 1283 305 ὁ
1319 266 1364 306 τὸ
1401 265 1597 319 ψήφισμα

272 333 431 385 γράψας
457 334 553 372 κατὰ
578 335 656 372 τῶν
681 332 770 374 τοὺς
794 332 989 383 ἐμπόρους
1018 332 1270 378 ἀδικούντων,
1299 332 1360 372 καὶ
1385 334 1526 373 πείσας
1553 333 1597 373 οὐ

271 400 394 450 μόνον
427 400 527 450 ὑμᾶς
565 400 671 439 ἀλλὰ
709 400 770 439 καὶ
798 399 888 441 τοὺς
917 398 1147 453 συμμάχους
1184 398 1368 451 φυλακήν
1399 417 1487 440 τινα
1518 403 1596 440 τῶν

273 466 593 518 κακουργούντων
628 465 888 516 ποιήσασθαι,
924 466 992 506 οὐκ
1033 467 1282 520 αἰσχυνεῖται
1317 466 1453 506 αὐτίκα
1487 466 1597 518 μάλα

270 532 401 585 λέγων
436 534 531 585 ὑπὲρ
571 534 788 585 Θεοκρίνου
825 533 982 573 ἐναντία
1017 536 1098 575 τοῖς
1135 535 1273 573 ἑαυτοῦ
1313 534 1593 586 ψηφίσμασιν,

271 601 376 640 ἀλλὰ
408 597 601 651 τολμήσει
633 601 784 640 πείθειν
816 601 916 651 ὑμᾶς
952 599 1003 642 ὡς
1039 599 1114 653 χρὴ
1151 599 1220 640 τὸν
1255 600 1377 642 οὕτως
1415 604 1595 653 φανερῶς

269 665 584 719 ἐξεληλεγμένον
603 665 751 719 φάσεις
774 667 1010 718 ποιούμενον
1026 667 1179 709 ἀδίκους
1200 668 1297 707 κατὰ
1316 671 1394 708 τῶν
1415 667 1595 719 ἐμπόρων

269 734 432 786 ἀφεῖναι
457 734 518 773 καὶ
543 733 594 784 μὴ
620 732 935 786 τιμωρήσασθαι,
962 735 1098 784 ὥσπερ
1125 734 1239 774 ἕνεκα
1263 733 1403 775 τούτου
1434 733 1594 787 γράψας

269 802 443 853 καθαρὰν
473 800 573 841 εἶναι
601 799 674 851 τὴν
697 800 911 848 θάλατταν,
938 801 1003 841 ἵνα
1036 799 1231 842 σωθέντες
1258 802 1295 841 οἱ
1328 800 1520 844 πλέοντες
1552 802 1595 842 ἐκ

267 870 337 908 τοῦ
369 867 569 920 πελάγους
603 869 647 908 ἐν
677 871 730 923 τῷ
765 867 900 919 λιμένι
932 866 1116 921 χρήματα
1142 866 1303 909 ’τούτοις
1338 868 1593 915 ἀποτίνωσιν,

267 931 290 984 ἢ
316 934 506 987 διαφέρον
530 951 567 975 τι
598 938 678 976 τοῖς
712 935 909 987 ἐμπόροις,
937 934 984 974 ἂν
1005 934 1153 987 μακρὸν
1179 936 1440 987 διαφυγόντες
1470 939 1595 976 πλοῦν

269 1003 466 1058 Θεοκρίνῃ
499 1001 784 1054 περιπέσωσιν.
833 1002 912 1054 ἐγὼ
945 1000 977 1042 δ’
1007 1002 1114 1052 οἶμαι
1139 1005 1218 1042 τῶν
1241 1004 1314 1053 μὲν
1341 1001 1438 1042 κατὰ
1470 1006 1594 1043 πλοῦν

267 1067 510 1121 γιγνομένων
536 1070 610 1123 οὐχ
641 1070 754 1120 ὑμᾶς,
785 1069 895 1110 ἀλλὰ
927 1068 1017 1111 τοὺς
1051 1067 1295 1121 στρατηγοὺς
1325 1069 1387 1109 καὶ
1416 1068 1505 1111 τοὺς
1531 1069 1595 1110 ἐπὶ

266 1139 350 1178 τοῖς
375 1139 540 1187 μακροῖς
572 1137 729 1179 πλοίοις
761 1137 909 1179 αἰτίους
943 1135 1055 1182 εἶναι,
1089 1139 1167 1176 τῶν
1199 1135 1233 1176 δ’
1259 1136 1302 1177 ἐν
1329 1140 1382 1191 τῷ
1417 1139 1598 1188 Πειραιεῖ

269 1202 332 1243 καὶ
354 1205 450 1255 πρὸς
475 1206 559 1244 ταῖς
583 1203 726 1256 ἀρχαῖς
745 1203 860 1254 ὑμᾶς,
884 1203 922 1244 οἳ
945 1202 1094 1243 τούτων
1119 1202 1244 1255 κύριοι
1276 1202 1461 1244 ἁπάντων
1487 1202 1591 1244 ἐστέ.

267 1269 327 1310 διὸ
355 1269 418 1310 καὶ
447 1270 606 1321 μᾶλλόν
637 1271 725 1311 ἐστι
755 1269 944 1323 τηρητέον
974 1269 1063 1312 τοὺς
1099 1269 1238 1311 ἐνθάδε
1273 1271 1595 1322 παραβαίνοντας

267 1336 356 1379 τοὺς
381 1336 523 1387 νόμους
547 1340 628 1378 τῶν
646 1336 724 1388 ἔξω
749 1341 833 1380 τοῖς
854 1337 1124 1391 ψηφίσμασιν
1146 1336 1215 1377 οὐκ
1242 1338 1502 1388 ἐμμενόντων,
1530 1338 1595 1378 ἵνα

265 1402 317 1454 μὴ
357 1405 495 1454 δοκῆτε
534 1403 642 1444 αὐτοὶ
680 1402 813 1457 πράως
851 1404 915 1445 ἐπὶ
952 1407 1033 1446 τοῖς
1068 1403 1321 1457 γιγνομένοις
1358 1403 1495 1457 φέρειν
1532 1404 1594 1444 καὶ

268 1469 489 1511 συνειδέναι
507 1487 546 1512 τι
562 1471 714 1513 τούτοις
738 1472 794 1512 ὧν
812 1471 1065 1523 πράττουσιν.
1115 1470 1160 1511 οὐ
1177 1472 1255 1523 γὰρ
1273 1470 1398 1522 δήπου
1416 1472 1595 1522 Μηλίους

265 1537 350 1590 μέν,
385 1536 414 1578 ὦ
449 1537 701 1589 Μοιρόκλεις,
738 1537 835 1578 κατὰ
867 1538 914 1579 τὸ
948 1538 1023 1578 σὸν
1058 1536 1257 1591 ψήφισμα
1293 1537 1388 1579 δέκα
1418 1537 1595 1579 τάλαντα

265 1607 335 1645 νῦν
360 1604 664 1657 εἰσεπράξαμεν,
697 1605 760 1646 ὅτι
787 1605 877 1648 τοὺς
909 1606 1064 1661 λῃστὰς
1093 1604 1347 1656 ὑπεδέξαντο,
1374 1605 1529 1646 τουτονὶ
1561 1603 1595 1645 δ’

266 1670 491 1725 ἀφήσομεν,
520 1670 562 1714 ὃς
588 1672 650 1712 καὶ
675 1671 720 1712 τὸ
745 1671 819 1713 σὸν
843 1671 1042 1725 ψήφισμα
1067 1671 1132 1714 καὶ
1151 1671 1243 1715 τοὺς
1273 1672 1427 1724 νόμους,
1456 1671 1503 1712 δι’
1528 1671 1596 1715 οὓς

266 1740 448 1790 οἰκοῦμεν
469 1738 543 1790 τὴν
568 1739 700 1789 πόλιν,
726 1739 1023 1791 παραβέβηκεν·
1062 1739 1125 1780 καὶ
1149 1737 1238 1781 τοὺς
1261 1740 1335 1790 μὲν
1357 1740 1426 1781 τὰς
1451 1737 1595 1790 νήσους

266 1806 468 1849 οἰκοῦντας
501 1806 734 1857 κωλύσομεν
768 1806 927 1853 ἀδικεῖν,
963 1804 1028 1859 ἐφ’
1051 1805 1120 1848 οὓς
1152 1804 1320 1859 τριήρεις
1353 1808 1414 1847 δεῖ
1435 1805 1593 1858 πληρώ-

268 1889 414 1915 σαντας
448 1872 674 1925 ἀναγκάσαι
704 1874 753 1913 τὰ
785 1874 917 1914 δίκαια
945 1876 1086 1924 ποιεῖν,
1111 1873 1210 1924 ὑμᾶς
1235 1875 1277 1914 δὲ
1305 1873 1395 1915 τοὺς
1417 1873 1593 1926 μιαρούς,

267 1940 326 1981 οῖς
353 1940 472 1980 αὐτοῦ
499 1941 563 1980 δεῖ
592 1938 830 1991 καθημένους
865 1940 1049 1981 τουτουσὶ
1082 1939 1180 1980 κατὰ
1214 1940 1305 1982 τοὺς
1335 1940 1477 1992 νόμους
1510 1941 1593 1981 ἐπι-

266 2008 390 2047 θεῖναι
419 2007 543 2057 δίκην,
573 2006 767 2059 ἐάσομεν,·
806 2008 888 2055 οὔκ,
923 2007 973 2048 ἄν
1003 2023 1051 2060 γε
1084 2009 1336 2061 σωφρονῆτε.
1396 2006 1493 2060 λέγε
1523 2006 1594 2058 τὴν

266 2071 434 2124 στήλην.

310 2193 326 2214 Ι
353 2184 370 2216 ὅ
398 2193 463 2214 om.
494 2182 527 2213 A
683 2194 743 2214 1-2
766 2184 804 2215 τὸ
835 2184 983 2225 ψήφισμα
1009 2184 1133 2226 γράψας
1163 2183 1211 2215 S:
1240 2183 1363 2224 ’γράψας
1386 2184 1424 2216 τὸ
1447 2187 1480 2224 ψ.
1506 2183 1593 2223 vulg.

265 2237 285 2266 4
309 2226 571 2268 κακουργούντων
601 2227 691 2258 SD:
729 2227 913 2268 κακούργων
949 2227 1038 2266 vulg.
1215 2228 1402 2269 αἰσχύνεται
1441 2226 1595 2266 SFQD

269 2280 308 2301 10
331 2271 483 2311 χρήματα
516 2270 642 2303 τούτοις
680 2270 774 2302 SD:
811 2271 936 2303 τούτοις
973 2284 1026 2312 χρ.
1066 2269 1154 2309 vulg.
1338 2280 1375 2309 15
1400 2270 1527 2302 πάντων
1562 2269 1596 2301 Α

270 2314 310 2344 16
323 2313 482 2355 τηρητέον
495 2316 565 2345 ἐστὶ
577 2313 608 2344 Α
700 2314 738 2344 18
754 2315 841 2346 αὐτοὶ
855 2314 950 2346 codd.
967 2325 974 2344 :
990 2318 1034 2354 τῷ
1046 2313 1144 2344 Blass
1211 2313 1278 2355 καὶ]
1293 2314 1373 2354 μηδὲ
1386 2313 1418 2343 Α
1510 2323 1550 2353 19
1563 2327 1596 2346 τι

267 2357 393 2390 τούτοις
407 2357 439 2387 Α
455 2368 463 2388 2
485 2358 612 2390 τούτοις
627 2357 653 2388 S
669 2358 757 2397 vulg.
848 2357 891 2389 ὧν
907 2357 1101 2398 πράττουσιν
1117 2367 1183 2388 om.
1201 2356 1233 2387 A
1321 2358 1422 2395 δήτι-ου
1435 2357 1593 2398 Μηλίους]

268 2415 327 2433 που
339 2402 468 2439 Τηνίους
483 2402 535 2433 A:
559 2402 630 2434 ποτ’
645 2401 847 2443 ἐνίουςΩ-γρ.
939 2412 980 2432 20
1003 2401 1026 2433 ὦ
1048 2400 1363 2443 Μ.]ὁΜὺ“ροκλεῖ35
1464 2411 1502 2430 21
1529 2401 1594 2433 εἶσ-

268 2444 444 2486 επράξαμεν
475 2445 524 2476 S:
548 2445 759 2487 εἶσπράξαμεν
788 2444 859 2484 Q¹t
883 2444 1090 2485 εἰσπράξομεν
1119 2445 1208 2483 vulg.
1367 2454 1408 2484 25
1432 2446 1531 2477 ποιεῖν
1553 2444 1596 2476 τὰ

267 2490 372 2562 ΔΞξκῖιᾷιιι
388 2490 473 2571 ὑμδῖς
489 2487 521 2519 Α
652 2499 692 2528 27
719 2488 854 2527 ἐάσομεν
871 2488 1056 2520 Mfinscher
1070 2499 1079 2521 :
1103 2490 1195 2521 ἐᾶσαι
1212 2488 1236 2519 S
1254 2486 1321 2527 FQ
1334 2487 1365 2518 D
1382 2499 1389 2519 :
1414 2486 1594 2529 ἐάσουσι(ν)

346 2545 397 2573 ’γρ-
457 2545 508 2573 Ὑρ·

1615 548 1633 580 5

1617 885 1656 906 10

1617 1555 1657 1577 20

1617 1893 1658 1927 ²5
