1763 2778
108 836 147 858 10

109 1168 146 1200 Ι5

107 1509 147 1531 20

172 110 220 166 ιι]
256 116 403 153 ΠΕΡΙ
451 116 567 153 ΤΟὙ
613 115 790 155 ΣΤΕΦ.
837 115 962 153 ΤΗΣ
1004 116 1426 154 ΤΡΙΗΡΑΡΧΙΑΣ
1538 118 1645 172 1231]

171 213 344 265 σάμενος
368 214 623 267 τριηραρχίαν
649 212 862 270 ἐκπλεύσῃ,
889 212 1040 256 πάντας
1069 215 1298 263 ἀνθρώπους
1323 214 1410 267 ἄγει
1437 215 1499 255 καὶ
1520 221 1651 275 [1232]

170 280 297 335 φέρει,
325 282 472 323 καὶτὰς
491 283 563 332 μὲν
584 280 760 333 ὠφελίας
779 281 856 334 ἰδίᾳ
877 285 1102 333 καρποῦται,
1123 283 1193 323 τὰς
1220 284 1261 322 δὲ
1281 283 1390 324 δίκας
1409 282 1497 322 τού-

169 365 248 389 των
271 349 293 388 ὁ
316 348 448 401 τυχὼν
473 349 637 388 δίδωσιν
659 348 779 398 ὑμῶν,
807 347 870 388 καὶ
892 349 1031 399 μόνοις
1054 350 1144 399 ὑμῖν
1170 349 1367 399 οὐδαμόσε
1387 349 1498 390 ἔστιν

170 415 262 456 ἄνευ
287 415 490 467 κηρυκείου
506 415 676 466 βαδίσαι
698 416 762 456 διὰ
787 416 858 458 τὰς
872 414 948 456 ὑπὸ
972 416 1121 456 τούτων
1139 416 1411 469 ἀνδροληψίας
1437 418 1498 457 καὶ

170 483 295 525 σύλας
322 480 700 533 κατεσκευασμένας·
741 482 846 523 ὥστε
870 488 916 539 τῇ
942 482 977 532 γ’
999 483 1164 536 ἀληθείᾳ
1184 487 1345 524 σκοπῶν
1370 483 1417 523 ἄν
1441 501 1499 526 τις
1522 503 1562 536 14

170 551 275 602 εὕροι
298 551 369 592 τὰς
390 550 575 592 τοιαύτας
598 548 769 603 τριήρεις
788 549 863 604 οὐχ
886 551 984 601 ὑπὲρ
1008 550 1129 600 ὑμῶν,
1148 551 1255 590 ἀλλὰ
1281 549 1366 591 καθ’
1390 551 1497 602 ὑμῶν

170 618 490 658 ἐκπεπλευκυίας.
550 616 621 657 τὸν
639 618 718 671 γὰρ
747 618 844 669 ὑπὲρ
872 619 941 667 τῆς
970 617 1125 658 πόλεως
1159 616 1398 670 τριήραρχον
1428 619 1497 658 οὐκ

169 684 247 725 ἀπὸ
265 688 344 725 τῶν
377 688 518 725 κοινῶν
541 687 769 736 προσδοκᾶν
798 683 874 738 χρὴ
909 683 1163 734 πλουτήσειν,
1191 684 1283 726 ἀλλ’
1317 685 1396 726 ἀπὸ
1420 689 1497 725 τῶν

169 752 277 793 ἰδίων
316 753 364 792 τὰ
402 754 471 802 τῆς
508 751 665 793 πόλεως
703 752 1010 804 ἐπανορθώσειν,
1053 753 1160 804 εἴπερ
1197 752 1311 792 ἔσται
1346 769 1382 792 τι
1419 756 1497 793 τῶν

167 819 338 860 δεόντων
355 819 460 871 ὑμῖν.
518 818 668 860 τούτων
688 821 729 860 δὲ
749 818 930 859 τάναντί’
956 819 1123 861 ἕκαστος
1145 820 1324 872 ἐγνωκὼς
1344 821 1496 860 ἐκπλεῖ·

168 887 231 928 καὶ
248 885 325 939 γάρ
342 903 404 927 τοι
421 888 470 926 τὰ
485 889 561 926 τῶν
587 887 713 926 αὑτῶν
733 886 889 938 τρόπων
907 885 1165 937 ἁμαρτήματα
1188 891 1273 928 ταῖς
1295 886 1498 939 ὑμετέραις

166 952 345 1004 βλάβαις
377 955 696 1005 ἐπανορθοῦνται.
771 953 836 994 καὶ
870 954 1018 994 τούτων
1051 953 1166 994 οὐδέν
1195 956 1305 994 ἐστιν
1334 954 1496 1006 ἄλογον.
1521 972 1560 1009 15

167 1021 361 1062 δεδώκατε
398 1022 474 1074 γὰρ
510 1024 593 1063 τοῖς
628 1019 891 1071 βουλομένοις
921 1022 1081 1068 ἀδικεῖν,
1117 1021 1165 1061 ἂν
1195 1024 1267 1073 μὲν
1303 1020 1495 1068 λάθωσιν,

168 1088 291 1142 ἔχειν,
318 1088 389 1129 ἐὰν
418 1089 461 1130 δὲ
489 1091 691 1140 ληφθῶσι,
719 1088 956 1141 συγγνώμης
986 1092 1135 1142 τυχεῖν·
1187 1093 1269 1131 τοῖς
1305 1089 1374 1129 οῦν
1402 1088 1494 1139 ἠμε-

166 1156 313 1207 ληκόσι
337 1154 453 1207 δόξης
468 1154 580 1196 ἄδεια
604 1159 732 1196 ποιεῖν
751 1156 774 1195 ὅ
797 1172 836 1195 τι
859 1154 907 1195 ἂν
932 1156 1162 1206 βούλωνται
1182 1155 1361 1208 γέγονεν.
1420 1160 1498 1196 τῶν

166 1225 241 1274 μὲν
263 1224 396 1263 τοίνυν
422 1225 586 1264 ἰδιωτῶν
602 1222 690 1263 τοὺς
710 1223 810 1273 μετὰ
834 1226 902 1262 τοῦ
918 1225 1058 1264 παθεῖν
1080 1223 1353 1274 μανθάνοντας
1378 1223 1498 1275 ἀπρο-

169 1288 365 1332 σκέπτους
400 1288 657 1341 ὀνομάζομεν·
710 1291 811 1341 ὑμᾶς
849 1289 905 1336 δέ,
946 1291 1089 1332 οἵτινες
1128 1291 1217 1332 οὐδὲ
1256 1291 1496 1332 πεπονθότες

168 1357 363 1399 πολλάκις
386 1357 458 1409 ἤδη
486 1357 754 1410 φυλάττεσθε,
783 1358 824 1398 τί
838 1374 896 1399 τις
923 1357 1134 1399 καλέσειεν
1158 1358 1226 1405 ἄν,·

228 1423 368 1475 ’Ἄξιον
391 1426 524 1465 τοίνυν
549 1424 611 1464 καὶ
641 1424 728 1477 περὶ
751 1429 830 1465 τῶν
856 1425 1144 1477 συνειρηκότων
1169 1427 1304 1466 εἰπεῖν.
1377 1426 1496 1466 οὕτως
1522 1432 1563 1467 16

167 1492 242 1545 γὰρ
273 1492 464 1544 ἡγοῦνταί
491 1509 595 1533 τινες
623 1489 810 1541 ἐξουσίαν
843 1492 944 1533 εἶναι
976 1494 1121 1544 σφίσιν
1156 1494 1218 1534 καὶ
1251 1496 1378 1534 ποιεῖν
1410 1494 1432 1532 ὅ
1460 1510 1498 1534 τι

166 1559 384 1610 βούλονται
419 1559 481 1599 καὶ
511 1558 648 1611 λέγειν
674 1559 763 1611 παρ’
796 1560 899 1610 ὑμῖν,
933 1559 1037 1600 ὥστε
1073 1563 1149 1600 τῶν
1179 1560 1270 1601 τότε
1299 1577 1494 1612 συγκατη-

167 1625 389 1678 γορούντων
412 1625 496 1677 μετ’
517 1625 841 1678 Ἀριστοφῶντος
865 1627 929 1667 καὶ
955 1631 1103 1678 πικρῶν
1129 1628 1255 1668 ὄντων
1280 1630 1359 1668 τοῖς
1379 1644 1493 1679 μεμι-

168 1693 348 1734 σθωκόσι
376 1695 447 1735 τὰς
468 1694 723 1747 τριηραρχίας
755 1697 823 1734 νῦν
850 1694 1061 1734 κελεύουσί
1087 1711 1190 1736 τινες
1214 1695 1371 1736 τούτους
1403 1712 1492 1734 στε-

168 1764 368 1813 φανῶσαι,
402 1760 466 1801 καὶ
502 1763 611 1801 δυοῖν
643 1760 807 1812 θάτερον
844 1760 1130 1817 ἐξελέγχουσιν
1167 1762 1318 1807 αὑτούς,
1354 1758 1376 1812 ἢ
1414 1760 1495 1801 τότ’

167 1828 341 1870 ἐκείνους
374 1828 516 1870 ἀδίκως
551 1832 907 1880 συκοφαντοῦντες,
939 1825 963 1879 ἢ
1001 1832 1071 1869 νῦν
1105 1828 1233 1869 τοῖσδ’
1271 1829 1335 1869 ἐπὶ
1369 1829 1499 1884 μισθῷ

168 1898 487 1948 συνηγοροῦντες.
561 1896 624 1936 καὶ
662 1896 910 1948 χαρίσασθαι
947 1896 1176 1936 κελεύουσιν
1211 1896 1323 1947 ὑμᾶς,
1362 1897 1497 1948 ὥσπερ
1520 1914 1559 1948 17

167 1962 258 2014 περὶ
281 1965 440 2015 δωρεᾶς,
467 1960 559 2002 ἀλλ’
585 1962 630 2002 οὐ
655 1963 743 2014 περὶ
772 1963 1004 2014 νικητηρίων
1034 1967 1114 2004 τῶν
1145 1964 1280 2016 λόγων
1304 1965 1446 2010 ὄντων,
1473 1960 1495 2013 ἢ
1515 1963 1654 2017 [1233]

169 2030 231 2070 καὶ
255 2028 373 2083 χάριν
398 2028 612 2081 τιθεμένων
637 2031 701 2070 διὰ
716 2033 794 2070 τῶν
814 2031 999 2071 τοιούτων
1023 2034 1107 2072 τοῖς
1130 2031 1350 2081 ἀμελοῦσιν
1373 2031 1494 2082 ὑμῶν,

167 2095 260 2137 ἀλλ’
286 2096 330 2136 οὐ
348 2098 410 2138 διὰ
428 2101 507 2138 τῶν
525 2097 748 2148 βελτιόνων
768 2100 848 2138 τοῖς
864 2098 1128 2150 ὑπηρετοῦσιν
1144 2098 1168 2138 ἃ
1186 2100 1247 2139 δεῖ
1263 2098 1496 2152 χαρίζεσθαι

210 2215 230 2236 2
255 2206 411 2247 ὠφελείας
426 2206 457 2236 Α
554 2216 574 2245 3
598 2206 671 2246 ἡμῖν
687 2208 824 2246 οὐδαμοῦ
839 2203 889 2236 Ab
977 2217 997 2245 4
1022 2208 1169 2249 κηρυκίου
1187 2207 1211 2238 S
1223 2206 1254 2237 A
1343 2217 1362 2245 5
1387 2207 1418 2246 γ’
1429 2217 1493 2237 om.

167 2248 199 2279 A
344 2251 365 2280 8
389 2251 452 2291 χρὴ
468 2252 649 2291 προσδοκᾶν
664 2247 722 2288 Ab,
742 2250 861 2290 Ri‘lger
1024 2261 1063 2281 12
1089 2253 1312 2291 ἐπανορθοῦται
1332 2249 1449 2280 SADF
1464 2250 1495 2288 Q

169 2302 209 2332 13
234 2294 288 2324 ἐὰν
303 2292 363 2333 μὲν
377 2294 409 2323 Α
522 2293 720 2326 λανθάνωσιν
735 2293 783 2325 Ab
894 2304 930 2332 15
956 2295 1062 2326 ἄδειαν
1080 2295 1103 2325 S
1117 2293 1154 2325 F¹
1167 2295 1197 2333 Q
1306 2296 1344 2324 16
1366 2294 1441 2334 τοῦ]
1458 2295 1495 2325 τὸ

166 2335 214 2367 Aa
227 2336 253 2366 F
265 2346 348 2368 corr.
441 2337 695 2378 ἀπροσκέπτους]
715 2337 734 2370 ἃ
750 2338 900 2378 προσήκει
919 2338 1071 2377 ἀνοήτους
1086 2337 1134 2368 Aa
1237 2338 1277 2368 18
1297 2339 1334 2370 ἂν
1351 2348 1415 2369 om.
1436 2336 1492 2369 Ab.

166 2385 247 2411 ante
261 2394 311 2413 τις
327 2379 424 2420 ponit
440 2380 490 2411 A¹³⁸
579 2391 618 2412 21
644 2381 721 2413 τότε
736 2381 768 2411 Α
784 2393 790 2412 :
814 2381 892 2413 ποτὲ
911 2386 989 2414 cett.
1081 2391 1122 2421 25
1141 2383 1190 2414 ἐπὶ
1206 2385 1307 2422 μισθῷ
1322 2384 1429 2413 τοῖσδε
1446 2377 1495 2410 Ab

167 2424 210 2454 28
233 2424 314 2465 τοῖς]
332 2425 363 2456 οἵ
374 2425 406 2466 ’γ’
422 2423 471 2455 Aa
