1763 2778
91 109 236 165 [1085]
636 109 1156 164 [ΔΙΙΜΟΣΘΕΝΟΥΣ]
1483 110 1584 166 [xmv

255 215 436 268 δειχότας
460 213 508 265 ἐξ
530 213 657 254 αὐτῶν
682 216 759 254 τῶν
782 217 1001 266 μαρτυριῶν
1026 212 1077 256 ὡς
1111 213 1214 254 εἰσὶν
1250 212 1357 265 γένει
1389 213 1584 266 ἐγγυτέρω

256 280 449 334 προσήκει
486 285 758 333 κληρονομεῖν,
797 281 861 322 καὶ
895 280 946 332 μὴ
984 280 1055 331 τὴν
1091 283 1159 320 τοῦ
1201 279 1584 334 διαμαρτυρήσαντος

257 349 447 390 ἀπόνοιαν
477 349 636 400 κρείττω
670 351 748 389 τῶν
775 347 972 400 ὑμετέρων
996 348 1126 399 νόμων
1151 347 1352 400 γενέσθαι.
1422 347 1485 388 καὶ
1509 349 1586 401 γὰρ

258 417 291 457 εἰ
319 416 364 473 τῇ
395 414 556 466 ποιήσει
588 415 870 469 ἰσχυρίζονται,
901 414 949 466 ἣν
979 415 1030 457 ὡς
1062 415 1219 468 ἐγένετο
1249 415 1362 466 ἡμεῖς
1391 414 1583 466 δείξομεν,

256 483 580 533 τετελευτηκότος
606 500 652 535 γε
675 486 743 523 τοῦ
769 482 1065 533 εἰσποιηθέντος
1091 481 1214 533 δήπου
1238 482 1403 526 ἄπαιδος
1434 482 1495 523 καὶ
1519 486 1586 522 τοῦ

258 552 365 591 οἴκου
397 550 514 604 μέχρι
549 552 616 601 τῆς
653 549 843 602 ἡμετέρας
881 548 1034 601 λήξεως
1068 549 1384 602 ἐξηρημωμένου,
1423 553 1505 592 πῶς
1541 549 1584 591 οὐ

257 617 449 669 προσήκει
474 617 565 660 τοὺς
589 617 789 671 ἐγγυτάτω
815 617 921 670 γένει
945 619 1076 664 ὄντας,
1102 617 1263 660 τούτους
1294 617 1366 668 τὴν
1399 622 1585 669 κληρονο-

257 686 350 737 μίαν
371 686 625 736 κομίσασθαι,
648 685 712 726 καὶ
734 686 833 736 ὑμᾶς
857 684 909 736 μὴ
930 689 1011 727 τοῖς
1036 684 1265 736 δυναμένοις
1291 684 1434 737 ἄριστα
1458 701 1582 737 παρα-

259 752 547 799 σκευάσασθαι,
575 754 681 793 ἀλλὰ
705 756 787 794 τοῖς
813 751 1080 804 ἀδικουμένοις
1103 756 1184 793 τῶν
1206 757 1382 793 πολιτῶν
1400 755 1584 804 βοηθεῖν,·

197 827 238 861 16
259 821 292 861 εἰ
324 822 397 871 μὲν
429 819 504 873 γὰρ
531 819 596 872 ἐφ’
621 820 714 871 ἡμῖν
740 818 787 871 ἣν
820 820 925 862 ὥστε
948 819 1126 871 δείξασιν
1155 821 1204 860 τὰ
1229 820 1316 873 περὶ
1349 822 1418 860 τοῦ
1445 819 1586 873 γένους

260 887 322 928 καὶ
363 890 433 939 τῆς
473 888 750 940 διαμαρτυρίας
788 886 906 938 αὐτῆς
944 889 1167 939 καταβῆναι
1207 887 1272 928 καὶ
1316 886 1482 939 μηδενὸς
1529 886 1587 927 ἔτι

258 955 444 998 πλείονος
487 955 614 1007 λόγου
660 956 936 1007 προσδεῖσθαι,
981 955 1128 1008 σχεδόν
1175 972 1214 996 τι
1260 958 1339 995 τῶν
1383 955 1587 1007 μεγίστων

259 1022 475 1074 εἰρημένων
505 1021 574 1063 οὐκ
608 1021 657 1063 ἂν
686 1021 946 1076 ἠνωχλοῦμεν
971 1023 1020 1062 τὰ
1042 1024 1182 1063 πλείω.
1253 1021 1389 1073 ἐπειδὴ
1413 1023 1456 1063 δὲ
1479 1021 1587 1063 οὗτοι

258 1093 340 1131 τοῖς
364 1091 436 1141 μὲν
461 1090 596 1141 νόμοις
621 1089 690 1129 οὐκ
715 1091 1045 1142 ἐνισχυριοῦνται,
1070 1093 1125 1144 τῷ
1158 1091 1203 1131 δὲ
1233 1088 1521 1142 προειληφέναι
1548 1105 1589 1129 τι

257 1161 335 1197 τῶν
360 1156 600 1210 πραγμάτων
639 1158 681 1197 ἐκ
709 1160 778 1197 τοῦ
813 1156 963 1198 ἄνωθεν
997 1157 1144 1210 χρόνου
1178 1157 1240 1197 καὶ
1264 1157 1316 1212 τῷ
1344 1158 1589 1208 ἐμβεβατευ-

259 1223 368 1265 κέναι
391 1225 448 1267 εἷς
470 1224 542 1275 τὴν
567 1224 719 1270 οὐσίαν,
747 1224 899 1267 τούτοις
931 1226 1152 1277 τεκμηρίοις
1182 1224 1378 1278 χρώμενοι
1408 1222 1589 1277 φήσουσι

259 1295 533 1344 κληρονομεῖν,
562 1293 778 1344 ἀναγκαῖον
803 1293 899 1334 ἴσως
926 1291 990 1332 καὶ
1013 1293 1103 1344 περὶ
1136 1291 1287 1332 τούτων
1315 1292 1428 1332 ἐστὶν
1463 1292 1588 1332 εἰπεῖν

259 1360 321 1400 καὶ
347 1358 473 1410 δεῖξαι
496 1359 656 1401 τούτους
682 1358 841 1400 πάντων
864 1359 1085 1411 ἀνθρώπων
1108 1358 1359 1411 βιαιοτάτους
1383 1359 1513 1401 ὄντας.

197 1442 236 1476 17
323 1426 380 1467 Τὸ
414 1427 489 1479 γὰρ
526 1425 572 1477 ἐξ
604 1427 740 1480 ἀρχῆς,
778 1424 807 1467 ὦ
845 1425 982 1479 ἄνδρες
1018 1427 1214 1473 δικασταί,
1258 1426 1484 1467 ἐκδιδόασιν
1515 1424 1589 1476 τὴν

258 1493 441 1546 ἀδελφὴν
475 1493 546 1544 τὴν
580 1496 728 1535 ἑαυτῶν
758 1494 779 1534 ὁ
812 1495 1055 1544 Μειδυλίδης
1091 1493 1156 1534 καὶ
1186 1494 1208 1534 6
1234 1492 1448 1547 Ἀρχιάδης
1477 1495 1586 1534 Λεω-

93 1566 236 1621 [1086]
260 1560 416 1616 στράτῳ
445 1559 695 1616 Ἐλευσινίῳ·
731 1562 831 1612 μετὰ
863 1564 1051 1602 δὲταῦτα
1087 1563 1130 1602 ἐκ
1164 1560 1354 1613 θυγατρὸς
1385 1563 1453 1611 τῆς
1479 1562 1587 1601 ἐκδο-

258 1628 397 1679 θείσης
421 1628 601 1681 ἀδελφῆς
623 1629 767 1679 ταύτης
789 1628 917 1669 αὐτῶν
941 1629 1122 1681 γίγνεται
1144 1628 1380 1680 Λεωκράτης
1412 1629 1432 1668 ὁ
1461 1626 1589 1679 πατὴρ

258 1694 522 1747 Λεωστράτου
553 1697 722 1746 τουτουί,
751 1695 965 1749 σκέψασθε
1002 1695 1054 1738 ὡς
1085 1695 1314 1738 πολλοστὸς
1346 1696 1402 1737 εἷς
1426 1694 1498 1746 τὴν
1520 1697 1590 1735 τοῦ

259 1761 472 1816 Ἀρχιάδου
498 1763 733 1816 συγγένειαν
759 1762 984 1816 προσήκων,
1007 1764 1107 1816 ὑπὲρ
1132 1763 1177 1804 οὗ
1204 1763 1274 1814 τὴν
1311 1762 1589 1815 διαμαρτυρίαν

259 1831 481 1881 πεποίηται.
550 1830 699 1871 τούτων
723 1829 758 1871 δ’
779 1831 901 1873 οὕτως
926 1831 1103 1885 ἐχόντων
1129 1831 1149 1870 ὁ
1175 1832 1249 1882 μὲν
1275 1829 1489 1884 Ἀρχιάδης
1518 1828 1588 1870 οὐκ

258 1896 409 1950 ἐγάμει,
452 1898 474 1938 6
515 1899 557 1939 δὲ
603 1898 843 1949 Μειδυλίδης
885 1899 905 1938 ὁ
948 1897 1124 1951 ἀδελφὸς
1171 1898 1302 1945 αὐτοῦ,
1344 1896 1506 1939 πάππος
1546 1897 1588 1937 δὲ

301 2018 322 2047 3
347 2007 450 2048 νόμων
469 2007 508 2040 5ι
524 2019 530 2039 :
558 2009 693 2048 νομίμων
711 2007 736 2039 S
754 2018 839 2040 corr.
858 2008 948 2049 vulg.
1085 2018 1105 2047 5
1130 2021 1169 2049 γε
1187 2007 1372 2039 Schaeser:
1395 2007 1457 2048 ’γὰρ
1473 2005 1504 2037 Α
1522 2017 1529 2037 t
1554 2005 1587 2038 δὲ

259 2051 284 2083 S
300 2051 387 2091 vulg.
406 2051 473 2083 del.
491 2051 591 2083 Wolf
716 2053 846 2084 ἄπαιδος
864 2051 982 2083 Wolf:
1006 2053 1116 2084 παιδὸς
1132 2052 1229 2083 codd.
1408 2053 1430 2082 6
1453 2049 1586 2091 λήξεως]

259 2096 378 2136 λήξεως
396 2096 496 2134 δήπου
512 2095 554 2133 Α,
573 2095 737 2127 Schaefer
753 2096 854 2134 δήπου
870 2106 975 2135 supra
992 2096 1104 2126 deleto
1192 2106 1214 2135 9
1237 2099 1290 2127 τἰ-ὀῑ
1307 2097 1437 2134 βοηθεῖν
1455 2095 1479 2126 S
1550 2103 1590 2125 10

257 2140 321 2180 ’γὰρ
337 2139 460 2178 codd.;
486 2144 600 2171 tuetur
616 2139 712 2170 Stahl
734 2139 874 2178 (Rhein.
896 2139 982 2170 Mus.
1004 2139 1126 2180 1902):
1151 2138 1206 2172 οὖν
1220 2138 1357 2170 Bekker
1449 2148 1484 2170 11
1511 2150 1587 2178 μαρ-

258 2183 365 2224 τυρίας
381 2182 413 2212 Α
505 2193 542 2213 12
565 2183 731 2223 μεγίστων
748 2182 814 2214 SA
831 2194 839 2214 :
863 2185 1028 2215 πλείστων
1040 2183 1071 2222 Q
1088 2196 1139 2224 γρ.
1158 2194 1165 2213 :
1182 2193 1246 2214 om.
1262 2182 1352 2222 vulg.
1447 2191 1485 2220 13
1509 2195 1587 2219 ηνω-

258 2233 408 2266 χλουμην
425 2225 462 2257 S¹
554 2227 604 2258 καὶ
621 2231 701 2257 ante
718 2225 805 2259 οὗτοι
822 2227 899 2259 add.
919 2226 944 2259 S
956 2226 989 2257 A
1090 2236 1128 2265 14
1155 2228 1411 2267 ἐνισχυριοῦνται
1426 2224 1452 2257 S
1464 2225 1495 2263 Q
1511 2238 1563 2266 Ὗρ.
1580 2236 1587 2255 :

257 2270 480 2311 ἶσχυριοῦνται
497 2269 528 2300 Α
544 2281 551 2300 t
576 2269 795 2310 ἰσχυρίζονται
812 2269 838 2300 F
853 2269 884 2308 Q
995 2280 1034 2309 15
1058 2273 1116 2302 τοῦ
1133 2272 1205 2309 ἐμβ.
1228 2270 1259 2300 Α
1367 2280 1403 2308 17
1429 2272 1494 2300 δεῖν
1511 2274 1587 2308 post

258 2316 467 2355 κληρονομεῖν
477 2314 552 2344 add.
569 2313 783 2351 Bockmeijcr
853 2313 943 2345 ἐστὶν
954 2318 1030 2353 post
1042 2313 1163 2345 τούτων
1176 2313 1201 2344 S
1212 2313 1261 2344 A:
1285 2318 1361 2352 post
1374 2315 1449 2345 ἴσως
1463 2312 1487 2342 F
1501 2312 1531 2350 Q
1544 2311 1585 2351 D,

257 2357 333 2388 sort.
353 2357 537 2387 delendum
618 2366 656 2386 21
684 2357 867 2398 ἐλευσεινίῳ
884 2358 908 2387 S
925 2357 979 2387 hic
997 2362 1031 2388 et
1048 2357 1134 2387 infra
1214 2368 1255 2387 22
1278 2358 1398 2395 ταύτης
1414 2356 1439 2388 S
1452 2356 1478 2387 F
1491 2356 1521 2395 Q
1535 2355 1587 2386 D:

256 2403 314 2438 τῆς
330 2400 383 2430 A:
408 2399 527 2438 ταύτης
544 2403 602 2437 τῆς
622 2400 770 2430 Dindorf
880 2411 922 2439 23
945 2404 1139 2432 πολλοστῶς
1158 2399 1327 2432 Richards
1442 2410 1484 2440 24
1506 2409 1586 2430 num

256 2443 332 2485 ὑπὲρ
342 2442 461 2486 οὗ<τοῦ
471 2442 609 2485 κλήρου)
621 2444 637 2474 ‘3
663 2442 705 2477 ef.
722 2445 737 2482 5
753 2452 792 2482 13
901 2452 942 2483 25
966 2444 1135 2484 πεποίηται
1144 2444 1242 2476 codd.
1258 2455 1267 2476 ς
1289 2444 1477 2483 πεποίηνται
1488 2442 1588 2474 Blass

1609 839 1648 861 10

1610 1510 1650 1533 20
