1763 2778
116 123 243 177 [1172]
663 123 993 178 [ΔΙΙΜΟΣΘΕ
1006 123 1186 177 ΝΟὙΣ]
1459 123 1589 177 [mm

265 228 353 280 περὶ
379 230 419 268 δὲ
443 231 510 267 τοῦ
534 228 718 269 πλείονος
744 227 926 279 ἀργυρίου
956 225 1034 267 οὐδ’
1068 227 1197 267 ὁτιοῦν
1223 225 1330 266 εἶπεν
1357 227 1399 266 ἐν
1422 230 1475 280 τῷ
1500 226 1589 266 τότε

207 309 245 343 17
266 296 409 350 χρόνῳ·
471 295 533 335 καὶ
575 295 816 335 ἀποδίδωσιν
863 293 952 346 περὶ
994 292 1202 344 ἑξακοσίας
1249 294 1357 335 τινὰς
1399 292 1586 346 δραχμάς.

268 363 329 402 καὶ
354 362 493 403 τούτου
526 365 592 402 τοῦ
617 363 812 414 ἀργυρίου,
845 361 889 401 οὗ
919 360 1119 401 ἀπέδωκεν
1156 361 1176 400 ὁ
1205 359 1422 412 ἅνθρωπος,
1461 363 1589 402 καλῶς

268 430 329 470 καὶ
354 430 510 471 δικαίως
535 431 632 469 κατὰ
657 429 746 470 τοὺς
771 429 909 480 ὅρκους
934 428 999 470 οὒς
1025 428 1236 479 ὠμόσαμεν
1266 427 1374 478 ἡμεῖς
1405 426 1466 467 καὶ
1493 427 1590 467 κατὰ

266 498 336 538 τὰς
373 495 568 547 συνθήκας
600 498 669 538 τὰς
704 495 882 546 κειμένας
911 497 1014 548 παρὰ
1043 499 1095 550 τῷ
1131 494 1411 551 Ἀνδροκλείδῃ
1446 493 1490 534 τὸ
1519 496 1589 545 μὲν

267 564 387 614 ἥμισυ
432 565 509 616 ἐγὼ
545 563 711 615 ἔλαβον,
751 562 795 603 τὸ
834 562 866 603 δ’
907 563 1030 614 ἥμισυ
1078 562 1214 603 οὑτοσὶ
1253 561 1587 613 Ὀλυμπιόδωρος.

206 641 246 675 18
266 632 363 682 μετὰ
402 633 443 672 δὲ
481 634 602 670 ταῦτα
643 630 688 671 οὐ
725 633 862 684 πολλῷ
899 630 1028 684 χρόνῳ
1066 630 1234 682 ὕστερον
1267 630 1310 670 ἐκ
1347 629 1487 679 ταύτης
1521 631 1590 679 τῆς

266 698 441 751 ὑποψίας
455 701 522 749 τῆς
539 697 634 750 πρὸς
652 696 721 738 τὸν
741 696 895 747 οἰκέτην
913 697 1001 749 περὶ
1025 700 1093 737 τοῦ
1109 697 1292 749 ἀργυρίου
1311 696 1354 736 οὗ
1375 695 1588 742 ἀπέδωκεν,

267 765 408 816 ἔδησεν
451 764 518 805 τὸν
558 764 764 817 ἄνθρωπον
799 763 864 805 καὶ
902 763 1151 815 ἐβασάνισεν
1187 763 1301 806 αὐτὸς
1339 762 1403 816 ἐφ’
1441 765 1589 809 ἑαυτοῦ,

265 832 366 883 ἡμᾶς
386 834 426 872 δὲ
451 833 496 873 οὐ
522 830 807 884 παρεκάλεσεν,
829 831 1041 883 ὀμωμοκὼς
1068 837 1177 889 κοινῇ
1202 829 1385 882 ζητήσειν
1406 830 1468 871 καὶ
1492 828 1589 882 πρά-

265 898 346 950 ξειν
369 898 452 951 μετ’
478 900 570 950 ἐμοῦ
595 899 735 940 πάντα.
809 899 871 939 καὶ
896 899 916 938 ὁ
941 898 1155 952 ἄνθρωπος,
1183 895 1212 938 ὦ
1237 897 1373 949 ἄνδρες
1397 898 1591 944 δικασταί,

268 967 588 1017 κατατεινόμενος
617 966 694 1006 ὑπὸ
726 968 795 1017 τῆς
824 965 1008 1017 βασάνου
1042 965 1390 1018 προσωμολόγησε
1426 965 1489 1006 καὶ
1523 966 1593 1006 τὰς

268 1032 539 1085 ἑβδομήκοντα
584 1037 683 1085 μνᾶς
732 1032 940 1085 εἰληφέναι
987 1033 1232 1086 ὑφελόμενος
1280 1033 1480 1084 Κόμωνος,
1532 1031 1593 1072 καὶ

267 1101 509 1142 ἀποδίδωσιν
539 1100 643 1142 ἅπαν
676 1100 720 1141 τὸ
751 1101 936 1153 ἀργύριον
961 1104 1076 1141 τοῦτο
1105 1099 1416 1155 Ὀλυμπιοδώρῳ
1441 1099 1592 1154 τουτῳί.

207 1182 247 1217 19
268 1169 346 1220 ἐγὼ
366 1168 410 1215 δ’,
434 1167 462 1208 ὦ
479 1168 615 1220 ἄνδρες
635 1168 830 1214 δικασταί,
850 1167 983 1219 ἐπειδὴ
1002 1168 1202 1219 ἐπυθόμην
1218 1168 1306 1220 περὶ
1326 1169 1394 1218 τῆς
1409 1166 1594 1219 βασάνου

266 1239 333 1275 τοῦ
358 1236 562 1288 ἀνθρώπου
587 1235 650 1276 καὶ
675 1236 737 1277 ὅτι
759 1235 1014 1277 ἀποδεδωκὼς
1040 1237 1096 1286 εἴη
1123 1234 1168 1275 τὸ
1191 1234 1595 1287 ἀργύριον,,ἐνόμιζόν

266 1320 333 1354 μοι
357 1303 581 1344 ἀποδώσειν
603 1307 745 1344 τοῦτον
767 1301 813 1343 τὸ
838 1302 961 1354 ἥμισυ
983 1305 1052 1343 τοῦ
1077 1302 1273 1354 ἀργυρίου,
1303 1302 1438 1354 ὥσπερ
1462 1300 1526 1342 καὶ
1550 1300 1594 1341 τὸ

269 1371 457 1422 πρότερον
495 1369 571 1411 ἀπὸ
606 1374 685 1412 ’τῶν
721 1370 864 1424 χιλίων
899 1372 1085 1423 δραχμῶν
1122 1369 1311 1410 ἀπέδωκε.
1384 1369 1446 1410 καὶ
1483 1367 1594 1410 εὐθὺς

266 1439 339 1489 μὲν
374 1437 418 1477 οὐ
454 1436 555 1478 πάνυ
585 1455 622 1478 τι
655 1437 864 1492 ἠνώχλουν
900 1437 1038 1493 τούτῳ,
1075 1437 1292 1489 ἡγούμενος
1327 1436 1446 1477 αὐτὸν
1480 1439 1595 1476 τοῦτο

267 1505 496 1556 γνώσεσθαι
517 1505 578 1545 καὶ
595 1504 810 1556 διοικήσειν
836 1504 899 1545 καὶ
922 1505 1008 1556 ἐμοὶ
1034 1505 1096 1545 καὶ
1122 1506 1256 1559 ἑαυτῷ,
1285 1504 1390 1546 ὅπως
1415 1503 1596 1555 ἑκάτερος

267 1572 375 1623 ἡμῶν
401 1571 480 1623 ἕξει
505 1574 554 1613 τὰ
578 1574 710 1613 δίκαια
735 1574 832 1613 κατὰ
851 1572 942 1614 τοὺς
967 1573 1105 1625 ὅρκους
1130 1571 1280 1613 καὶτὰς
1307 1569 1502 1621 συνθήκας
1527 1572 1596 1613 τὰς

268 1639 362 1692 πρὸς
385 1639 486 1690 ἡμᾶς
515 1639 654 1682 αὐτοὺς
682 1641 771 1692 περὶ
806 1643 874 1680 τοῦ
907 1641 1125 1692 ἰσομοιρεῖν
1159 1638 1345 1680 ἁπάντων
1373 1639 1428 1679 ὧν
1452 1638 1596 1689 Κόμων

203 1724 248 1748 20
267 1705 314 1757 ἦν
344 1707 653 1749 καταλελοιπώς·
698 1706 832 1757 ἐπειδὴ
867 1708 910 1748 δὲ
939 1705 1182 1759 ἐνδιέτριβεν
1218 1706 1282 1747 καὶ
1313 1705 1426 1746 οὐδὲν
1458 1706 1593 1751 ἐποίει,

268 1774 503 1826 διελεγόμην
528 1774 663 1829 τουτῳὶ
691 1773 1010 1829 Ὀλυμπιοδώρῳ,
1039 1774 1100 1814 καὶ
1126 1772 1259 1824 ἠξίουν
1292 1771 1596 1823 ἀπολαμβάνειν

120 1837 246 1891 [1173]
268 1840 312 1881 τὸ
336 1842 503 1892 ἐμαυτοῦ
527 1841 644 1893 μέρος
676 1845 743 1881 τοῦ
769 1842 963 1893 ἀργυρίου.
1035 1841 1172 1881 οὑτοσὶ
1200 1843 1242 1881 δὲ
1274 1840 1596 1892 Ὀλυμπιόδωρος

269 1908 333 1949 ἀεί
353 1924 391 1948 τι
415 1908 708 1961 προύφασίζετο
735 1908 796 1949 καὶ
823 1909 1029 1960 ἀναβολὰς
1059 1909 1241 1949 ἐποιεῖτο.
1313 1907 1376 1948 καὶ
1401 1908 1444 1948 ἐν
1475 1907 1597 1962 τούτῳ

268 1979 320 2030 τῷ
348 1979 464 2030 καιρῷ
491 1976 619 2027 ἕτεροί
641 1992 744 2018 τινες
767 1975 919 2029 ἔλαχον
941 1979 1010 2016 τοῦ
1034 1974 1180 2027 κλήρου
1203 1979 1272 2015 τοῦ
1305 1975 1506 2024 Κόμωνος,
1535 1973 1597 2014 καὶ

270 2043 290 2081 ὁ
317 2042 553 2084 Κάλλιππος
571 2042 818 2094 ἐπεδήμησεν
844 2044 886 2083 ἐκ
911 2045 979 2094 τῆς
1005 2043 1236 2093 ἀποδημίας,
1259 2043 1278 2081 ὁ
1305 2041 1396 2093 ἐμὸς
1422 2042 1597 2093 ἀδελφὸς

205 2125 245 2151 21
270 2109 290 2149 ὁ
315 2108 564 2161 ὁμοπάτριος·
604 2109 665 2150 καὶ
689 2110 802 2152 οὗτος
827 2110 973 2164 ἔλαχεν
1000 2110 1111 2152 εὐθὺς
1129 2112 1198 2150 τοῦ
1220 2109 1464 2161 ἡμικληρίου.
1536 2108 1597 2148 καὶ

269 2176 408 2232 τουτῳὶ
437 2176 747 2232 Ὀλυμπιοδώρῳ
782 2177 986 2230 πρόφασις
1019 2177 1081 2217 καὶ
1114 2178 1207 2227 αὕτη
1241 2176 1400 2229 ἐγένετο
1433 2174 1529 2228 πρὸς
1554 2174 1597 2214 τὸ

313 2287 333 2316 8
358 2286 393 2318 οὗ
410 2285 571 2319 ἀπέδωκεν
586 2286 664 2318 secl.
684 2286 782 2317 Blass
924 2298 945 2326 9
969 2285 1036 2327 ἐφ’]
1055 2285 1108 2327 ἀφ’
1126 2286 1155 2316 Λ
1303 2296 1341 2316 10
1362 2283 1414 2328 (ὁ)
1429 2285 1597 2325 ὀμωμοκὼς

273 2330 439 2369 Ilertlein,
460 2332 520 2361 sed
537 2331 577 2361 cs.
600 2334 636 2367 ἐξ
655 2340 706 2369 32,
726 2331 768 2368 38
864 2340 901 2368 13
927 2332 985 2361 ὑπὸ
1003 2330 1149 2369 Κόμωνος
1167 2330 1362 2371 ὑφελόμενος
1378 2329 1409 2359 Λ
1510 2339 1545 2366 14
1563 2333 1597 2359 et

271 2383 310 2411 24
329 2378 362 2404 et
377 2383 419 2411 30
443 2374 545 2415 τούτῳ
562 2374 657 2404 codd.
800 2375 838 2404 18
862 2373 1002 2405 ἀπέδωκε
1021 2373 1049 2403 Λ
1065 2385 1072 2404 2
1097 2375 1287 2405 ἀπεδεδώκει
1305 2373 1433 2403 Reiske
1452 2383 1458 2402 z
1484 2371 1596 2404 ἀποδέ-

272 2419 351 2448 δωκε
367 2417 457 2456 vulg.
594 2427 634 2457 19
657 2420 753 2449 τοῦτο
769 2416 801 2447 A
819 2428 825 2448 :
848 2420 963 2450 τοῦτον
981 2421 1058 2448 cett.
1193 2427 1235 2456 30
1259 2417 1309 2449 καὶ
1325 2426 1389 2448 om.
1409 2416 1474 2454 FQ
1490 2415 1520 2445 D

1615 853 1654 876 10

1618 1182 1653 1212 15

1617 1517 1657 1539 20

1619 1856 1656 1888 ²5

1619 2193 1659 2225 30
