1763 2778
108 130 247 184 [1422]
711 135 1192 173 ΔΙΙΜΟΣΘΕΝΟΎΣ

920 248 951 279 ς

569 316 588 333 ’ἓ

337 321 523 365 Πολλῶν,
565 337 594 358 ω
637 318 774 370 ἄνδρες
816 317 1031 368 Ἀθηναῖοι,
1069 318 1202 369 λόγων
1244 317 1456 370 εἰρημένων
1491 319 1594 370 παρὰ

269 385 426 426 πάντων
450 389 529 425 τῶν
554 385 978 436 συμβεβουλευκότων,
1006 384 1117 425 οὐδὲν
1154 386 1252 435 ὑμᾶς
1283 388 1351 426 νῦν
1377 385 1451 436 ὁρῶ
1477 387 1594 426 ὄντας

269 451 465 504 ἐγγυτέρω
495 455 564 492 τοῦ
595 451 635 492 τί
668 450 861 503 πρακτέον
894 452 1088 503 ηὑρῆσθαι
1111 448 1134 501 ἢ
1162 451 1251 502 πρὶν
1277 453 1330 493 εἷς
1355 451 1426 501 τὴν
1451 454 1590 502 ἐκκλη-

270 519 362 559 σίαν
400 519 611 569 ἀναβῆναι.
683 519 807 559 αἴτιον
846 520 885 559 δὲ
924 518 1063 558 τούτου
1101 517 1209 558 ταῦθ’
1251 518 1346 570 ὅπερ
1382 518 1489 569 οἶμαι
1526 522 1632 561 τοῦδ

271 589 395 627 κακῶς
433 585 540 638 ἔχειν
576 587 625 625 τὰ
656 586 746 625 ὅλα·
782 585 826 625 οὐ
858 586 933 637 γὰρ
969 588 1227 637 παραινοῦσιν
1261 586 1350 636 ὑμῖν
1385 586 1481 637 ὑπὲρ
1517 589 1595 625 τῶν

270 653 474 703 παρόντων
499 654 534 693 οἰ
558 652 758 704 λέγοντες,
786 651 879 692 ἀλλ’
905 654 1052 692 ἑαυτῶν
1086 655 1351 704 κατηγοροῦσι
1374 652 1437 692 καὶ
1461 655 1591 692 λοιδο-

269 723 438 771 ροῦνται,
467 719 517 761 ὡς
540 721 612 770 μὲν
637 719 714 772 ἐγὼ
739 720 869 771 κρίνω,
898 719 1166 769 συνεθίζοντες
1185 720 1282 769 ὑμᾶς
1297 719 1390 759 ἄνευ
1415 719 1593 770 κρίσεως,

270 786 378 826 ὅσων
398 787 500 826 εἰσὶν
526 787 642 826 αἴτιοι
668 790 807 832 κακῶν,
836 786 1003 832 ἀκούειν,
1031 785 1079 826 ἵν’
1109 785 1156 826 ἄν
1181 785 1267 826 ποτ’
1296 785 1358 838 ἄρ’
1383 787 1438 828 εἰς
1463 787 1596 838 ἀγῶνα

272 856 546 900 καθιστῶνται,
572 856 693 904 μηδὲν
718 853 928 905 ἡγούμενοι
952 852 1085 893 καινὸν
1110 852 1274 899 ἀκούειν,
1304 852 1396 893 ἀλλ’
1419 854 1517 904 ὑπὲρ
1542 854 1596 894 ὧν
1620 874 1657 895 ιο

271 920 443 972 ὤργισθε
468 919 674 966 πολλάκις,
702 920 910 972 πραότεροι
943 921 1125 961 δικασταὶ
1153 921 1215 960 καὶ
1245 921 1370 972 κριταὶ
1402 920 1597 972 γίγνησθε

231 1004 250 1028 2
270 991 346 1027 τῶν
373 986 662 1039 πεπραγμένων
687 987 830 1029 αὐτοῖς.
891 987 962 1038 τὴν
986 989 1058 1038 μὲν
1084 987 1152 1027 οὖν
1177 987 1304 1027 αἰτίαν
1328 986 1378 1027 δι’
1402 986 1450 1037 ἣν
1475 991 1598 1028 ταῦτα

271 1057 466 1100 ποιοῦσιν,
484 1055 583 1096 ἴσως
599 1054 766 1105 ἀνόητον
783 1055 956 1106 ἀκριβῶς
975 1055 1102 1104 ζητεῖν
1117 1051 1189 1106 [εἴη
1211 1051 1273 1104 ἂν]
1289 1055 1331 1095 ἐν
1347 1058 1398 1108 τῷ
1417 1055 1595 1106 παρόντι·

271 1122 332 1161 ὅτι
356 1121 388 1161 δ’
411 1122 502 1172 ὑμῖν
528 1121 616 1174 οὐχὶ
643 1121 850 1174 συμφέρει,
878 1123 940 1162 διὰ
965 1121 1066 1162 τοῦτ’
1093 1123 1267 1172 ἐπιτιμῶ.
1340 1122 1417 1174 ἐγὼ
1442 1121 1475 1161 δ’
1509 1122 1598 1162 οὔτε

273 1186 531 1240 κατηγορήσω
578 1188 745 1240 τήμερον
784 1188 952 1235 οὐδενός,
994 1188 1077 1229 οὔθ’
1124 1187 1410 1241 ὑποσχήσομαι
1455 1181 1596 1228 τοιοῦτ’

272 1254 385 1295 οὐδὲν
410 1254 430 1294 ὃ
455 1254 506 1305 μὴ
533 1255 756 1308 παραχρῆμ’
781 1255 975 1306 ἐπιδείξω,
998 1255 1078 1297 οὐδ’
1093 1256 1196 1297 ὅλως
1211 1260 1289 1296 τῶν
1304 1255 1430 1296 αὐτῶν
1447 1255 1599 1304 τούτοις

273 1321 385 1362 οὐδὲν
401 1320 567 1372 ποιήσω·
607 1322 698 1362 ἀλλ’
716 1323 739 1362 ἃ
757 1322 955 1373 βέλτιστα
977 1324 1050 1373 μὲν
1074 1326 1156 1365 τοῖς
1181 1323 1423 1375 πράγμασιν,
1442 1321 1596 1374 συμφέ-

271 1406 392 1441 ροντα
434 1391 474 1429 δὲ
512 1392 593 1430 τοῖς
633 1390 945 1440 βουλευομένοις
977 1390 1070 1440 ὑμῖν
1102 1389 1284 1442 ἡγοῦμαι,
1319 1388 1428 1430 ταῦθ’
1463 1389 1515 1432 ὡς
1551 1389 1599 1430 ἂν

273 1456 444 1507 δύνωμαι
470 1455 532 1496 διὰ
555 1456 820 1509 βραχυτάτων
838 1456 959 1497 εἰπὼν
983 1455 1275 1508 καταβήσομαι.

922 1666 952 1702 Ζ
1623 1683 1662 1705 20

117 1740 253 1795 [1423]
343 1747 394 1786 Οἱ
418 1747 490 1796 μὲν
517 1747 776 1793 ἐπαινοῦντες,
805 1744 834 1786 ὦ
859 1746 996 1799 ἄνδρες
1021 1744 1237 1797 Ἀθηναῖοι,
1263 1746 1354 1789 τοὺς
1385 1747 1602 1799 προγόνους

273 1812 380 1862 ὑμῶν
404 1813 528 1865 λόγον
554 1814 678 1853 εἰπεῖν
701 1831 767 1864 μοι
803 1817 962 1854 δοκοῦσι
991 1816 1268 1866 προαιρεῖσθαι
1297 1814 1600 1866 κεχαρισμένον,

275 1878 319 1918 οὐ
353 1878 431 1929 μὴν
467 1879 723 1932 συμφέροντά
758 1879 794 1933 γ’
832 1881 995 1921 ἐκείνοις
1024 1880 1091 1921 οὓς
1127 1880 1438 1932 ἐγκωμιάζουσιν
1462 1883 1601 1921 ποιεῖν.

275 1945 363 1997 περὶ
387 1944 462 1997 γὰρ
487 1946 727 1998 πραγμάτων
765 1948 1035 2000 ἐγχειροῦντες
1069 1944 1241 1999 <λέγειν>
1273 1948 1327 1987 ὧν
1363 1946 1442 1987 οὐδ’
1471 1946 1519 1987 ἂν
1549 1947 1604 1989 εἶς

276 2011 394 2062 ἀξίως
430 2012 640 2064 ἐφικέσθαι
672 2013 828 2054 δύναιτο
853 2018 906 2068 τῷ
936 2015 1058 2069 λόγῳ,
1086 2014 1195 2055 αὐτοὶ
1223 2016 1296 2065 μὲν
1320 2017 1388 2053 τοῦ
1412 2013 1605 2054 δύνασθαι
1626 2028 1664 2059 25

275 2078 410 2131 λέγειν
436 2078 553 2130 δόξαν
579 2080 826 2132 ἐκφέρονται,
853 2081 923 2131 τὴν
949 2081 981 2121 δ’
998 2082 1167 2121 ἐκείνων
1193 2080 1335 2132 ἀρετὴν
1360 2080 1511 2121 ἐλάττω
1537 2083 1606 2131 τῆς

277 2147 570 2197 ὑπειλημμενης
611 2149 715 2199 παρὰ
761 2151 842 2190 τοῖς
890 2148 1100 2189 ἁκούουσιν
1147 2148 1362 2200 φαίνεσθαι
1408 2151 1604 2188 ποιοῦσιν.

325 2263 338 2283 1
364 2253 419 2294 ς’]
437 2253 473 2284 Z'
487 2254 650 2286 exhibent
664 2255 688 2286 S
701 2255 726 2285 F
739 2261 772 2286 et
783 2256 938 2287 similiter
949 2257 1112 2296 deinceps
1123 2267 1228 2296 usque
1241 2257 1282 2287 ad
1295 2256 1348 2294 κβ’
1437 2267 1457 2287 2
1473 2259 1606 2290 πολλῶν

278 2297 311 2328 δὲ
331 2297 356 2327 F
370 2297 399 2327 Y
413 2308 479 2328 rec.
578 2309 598 2337 3
622 2302 687 2330 τῶν
697 2309 761 2329 om.
780 2300 803 2329 S
905 2310 942 2330 10
967 2303 1016 2332 καὶ
1035 2304 1229 2332 'caesara-rac
1247 2301 1272 2331 F
1364 2301 1488 2342 καινὸν]
1507 2302 1606 2333 κακὸν

278 2340 370 2382 Ωγρ.
385 2341 415 2370 Y
426 2354 476 2380 γρ.
571 2351 609 2380 13
633 2345 680 2380 εἴη
697 2344 734 2374 ἂν
749 2343 829 2374 secl.
851 2343 946 2374 Blass
1093 2355 1133 2382 24
1159 2344 1269 2384 λέγειν
1286 2350 1362 2383 post
1382 2347 1605 2385 ἐγχειροῦντες

276 2385 354 2414 add.
392 2385 450 2414 xiv
490 2395 504 2415 1
520 2393 529 2416 ε
566 2396 646 2416 num
684 2386 815 2428 (εἰπεῖν)
857 2389 1080 2428 ἐγχειροῦντες
1121 2388 1233 2427 potius
1272 2388 1326 2418 hic
1366 2388 1577 2418 scribendum
1589 2389 1607 2419 ⁴?

278 2437 320 2466 25
344 2428 470 2461 δύναιτο
490 2431 534 2469 τῷ
549 2429 637 2470 λόγῳ
653 2430 749 2460 codd.
772 2435 806 2460 ct
823 2429 880 2460 xiv
900 2440 912 2460 ι
931 2431 962 2460 Α
978 2431 1002 2461 F
1015 2431 1044 2461 Y
1060 2442 1067 2461 :
1093 2434 1136 2471 τῷ
1151 2431 1239 2472 λόγῳ
1256 2431 1388 2463 δύναιτο
1404 2431 1461 2462 xiv
1480 2440 1494 2461 1
1515 2430 1539 2462 S
