1742 2774
82 142 221 197 [1032]
645 138 1134 177 ΔΙΙΜΟΣΘΕΧΟΎΣ
1488 132 1562 186 [xm

242 239 331 281 τοὺς
366 238 563 291 μάρτυρας
600 238 753 284 ἔπεισα,
792 235 820 277 ὦ
859 238 1043 283 Σπουδία,
1078 238 1206 289 ’ψευδῆ
1240 251 1307 286 μοι
1340 238 1563 288 μαρτυρεῖν,

242 305 332 349 τοὺς
363 304 703 358 παραγενομένους
735 303 792 344 ὅτ’
824 303 953 356 ἠγγύα
983 320 1063 355 μοι,
1097 303 1186 344 τοὺς
1216 302 1366 344 εἰδότας
1399 302 1566 343 ἔλαττόν

241 390 289 425 με
332 372 610 424 κομισάμενον,
651 371 741 414 τοὺς
790 371 1003 414 ἀκούοντας
1050 371 1338 423 ὁμολογοῦντος
1386 370 1567 423 ὀφείλειν

243 439 328 491 ἐμοὶ
379 438 657 491 συστήσαντος
704 439 930 485 ἀποδοῦναι,
977 437 1067 480 τοὺς
1107 437 1153 479 τὸ
1202 439 1431 478 τελευταῖον
1481 439 1567 479 ταῖς

242 506 442 558 διαθήκαις
466 505 823 559 παραγενομένους·
847 506 999 547 τούτοις
1019 507 1094 558 γὰρ
1119 504 1269 545 ἅπασιν
1294 503 1422 544 οὐκέτι
1449 520 1564 544 κατα·
1587 514 1604 546 5

79 570 220 625 [1033]
241 575 487 627 χαρίσασθαι
522 573 629 614 ταῦθ’
666 574 855 627 ὑπῆρχεν,
892 574 999 614 ἀλλὰ
1037 572 1271 613 κινδυνεύειν
1307 575 1386 612 τῶν
1416 574 1562 623 ψευδο-

240 642 473 693 μαρτυρίων,
507 642 540 682 εἰ
571 643 692 692 μηδὲν
724 645 802 681 τῶν
833 639 1060 694 γενομένων
1086 643 1330 692 μαρτυροῖεν.
1403 639 1567 691 ἀφῶμεν

180 722 220 757 17
241 709 373 749 τοίνυν
400 707 504 748 τοῦτ’
532 707 617 759 ἤδη.
691 707 788 760 πρὸς
822 709 947 748 ἐκεῖνο
978 709 1019 749 δὲ
1050 707 1091 747 τί
1119 706 1168 748 ἂν
1202 705 1355 759 λέγοις,·
1394 706 1567 758 ἀκριβῶς

242 776 316 827 γὰρ
342 775 448 818 ὅπως
479 775 638 817 τούτους
669 773 850 825 διδάξεις·
892 775 924 816 εἷ
957 776 998 815 δὲ
1026 772 1092 825 μή,
1124 773 1268 816 πάντες
1303 774 1412 823 ὑμεῖς
1446 772 1564 813 ἀπαι-

242 842 335 882 τεῖτ’
368 842 498 882 αὐτόν.
569 843 634 883 ὅτε
663 843 739 895 γὰρ
768 842 1018 883 Πολύευκτος
1049 842 1239 882 διετίθετο
1275 843 1408 886 ταῦτα,
1438 841 1566 891 παρῆν
1589 854 1630 878 10

241 911 313 960 μὲν
338 909 360 960 ἡ
385 910 525 950 τούτου
549 908 659 962 γυνή,
695 909 760 950 καὶ
790 911 911 960 δῆλον
937 909 998 949 ὅτι
1026 910 1092 949 τὰς
1118 910 1188 948 τοῦ
1211 906 1358 959 πατρὸς
1382 905 1568 958 διαθήκας

242 975 490 1028 ἀνήγγειλεν,
530 975 663 1018 ἄλλως
699 975 732 1016 τ’
775 977 807 1016 εἰ
851 976 913 1016 καὶ
954 977 1076 1027 μηδὲν
1112 976 1204 1017 ἴσον
1247 975 1354 1028 εἶχεν
1393 972 1484 1015 ἀλλ’
1525 974 1567 1015 ἐν

242 1042 391 1084 ἅπασιν
427 1043 657 1094 ἠλαττοῦτο,
697 1041 924 1095 παρεκλήθη
961 1042 994 1082 δ’
1031 1041 1146 1085 αὐτὸς
1178 1041 1304 1089 οὗτος,
1334 1041 1441 1083 ὥστε
1467 1042 1568 1094 μηδὲ

241 1109 344 1150 τοῦτ’
384 1110 482 1151 εἶναι
520 1109 668 1163 λέγειν,
712 1110 762 1152 ὡς
788 1109 916 1165 λάθρᾳ
958 1110 1022 1151 καὶ
1062 1108 1374 1162 διακρυψάμενοι
1409 1108 1569 1151 τούτους

244 1177 486 1230 ἐπράττομεν
512 1181 646 1218 ταῦτα·
683 1177 1034 1231 παρακαλούμενος
1062 1179 1137 1230 γὰρ
1169 1177 1322 1230 ἔφησεν
1353 1175 1468 1218 αὐτὸς
1496 1177 1568 1226 μὲν
1591 1191 1626 1223 15

242 1245 444 1298 ἀσχολίαν
462 1244 585 1298 ἄγειν,
613 1244 684 1296 τὴν
702 1247 746 1286 δὲ
764 1244 914 1298 γυναῖκ’
933 1244 1109 1297 ἐξαρκεῖν
1125 1243 1196 1294 τὴν
1213 1245 1332 1284 αὑτοῦ
1350 1246 1567 1296 παροῦσαν.

180 1316 220 1350 18
242 1314 281 1353 τί
317 1312 374 1354 ἔτι
409 1312 570 1360 λοιπόν,·
622 1313 943 1365 ἀπαγγείλαντος
986 1310 1291 1364 Ἀριστογένους
1337 1310 1440 1366 αὐτῷ
1481 1310 1569 1363 περὶ

244 1379 426 1421 ἁπάντων
468 1380 615 1420 τούτων
654 1380 839 1432 ἀκριβῶς,
880 1377 960 1420 οὐδ’
1002 1378 1155 1419 ἐνταῦθ’
1198 1377 1339 1419 οὐδένα
1386 1378 1570 1431 φαίνεται

242 1447 366 1499 λόγον
391 1445 672 1498 ποιησάμενος,
700 1446 792 1488 ἀλλ’
819 1447 1047 1498 ἐπιβιόντος
1071 1447 1170 1498 μετὰ
1199 1450 1319 1486 ταῦτα
1341 1447 1410 1486 τοῦ
1434 1448 1567 1486 Πολυ-

244 1514 380 1555 εύκτου
412 1513 535 1555 πλέον
567 1511 590 1565 ἢ
619 1513 729 1555 πένθ’
754 1513 911 1567 ἡμέρας,
948 1513 1028 1554 οὔτ’
1064 1512 1338 1566 ἠγανάκτησεν
1376 1512 1569 1553 εἰσελθὼν
1590 1527 1630 1552 20

243 1581 323 1622 οὔτ’
349 1582 532 1623 ἀντεῖπεν
557 1581 682 1628 οὐδέν,
710 1581 788 1622 οὐδ’
814 1582 836 1632 ἡ
864 1580 972 1634 γυνή,
1001 1580 1168 1634 παροῦσ’
1195 1579 1241 1631 ἐξ
1269 1581 1394 1634 ἀρχῆς
1419 1579 1569 1621 ἅπασιν

241 1648 406 1691 τούτοις.
475 1648 571 1689 ὥστ’
596 1647 724 1689 οὐκέτι
751 1649 1004 1691 Πολύευκτος
1024 1648 1122 1689 αὐτὰ
1147 1648 1325 1690 πεισθεὶς
1344 1647 1430 1698 ἐμοὶ
1457 1662 1567 1688 κατε-

240 1716 437 1768 χαρίζετο,
457 1715 508 1757 ῶς
525 1716 663 1762 ἔοικεν,
684 1715 776 1756 ἀλλ’
793 1716 903 1766 ὑμεῖς
919 1715 1041 1756 αὐτοί.
1081 1719 1200 1755 ταῦτα
1225 1715 1368 1760 τοίνυν,
1387 1712 1416 1754 ὦ
1433 1713 1570 1766 ἄνδρες

242 1784 436 1830 δικασταί,
461 1782 701 1834 μεμνημένοι
729 1787 883 1835 σαφῶς,
912 1781 979 1823 ἐὰν
1004 1781 1079 1834 ἄρα
1097 1798 1135 1822 τι
1154 1781 1242 1833 περὶ
1261 1781 1387 1822 αὐτῶν
1407 1781 1568 1836 ἐγχειρῇ

242 1849 327 1890 νυνὶ
359 1849 610 1900 διαβάλλειν,
645 1850 835 1890 ἀντίθετε.
908 1853 1064 1901 πρῶτον
1101 1848 1134 1889 δ’
1159 1847 1209 1889 ἵν’
1240 1847 1358 1899 εἰδῆτ’
1395 1848 1568 1900 ἀκριβῶς
1591 1862 1627 1892 ²5

242 1916 302 1956 ὅτι
349 1920 487 1957 τοῦτον
534 1915 603 1957 τὸν
642 1917 791 1968 τρόπον
837 1916 934 1971 ἔχει,
982 1919 1060 1957 τῶν
1105 1915 1313 1969 μαρτύρων
1360 1915 1569 1957 ἀκούσατε.

242 1981 348 2035 λέγε.

290 2103 309 2122 2
337 2092 480 2133 ἐνηγγύα
497 2092 522 2123 F
538 2103 546 2123 t
571 2092 683 2133 ἐνεγύα
701 2091 766 2124 SA
778 2092 808 2132 Q
821 2092 851 2123 D
863 2092 888 2123 F
906 2105 957 2134 γρ.
1068 2102 1089 2132 3
1111 2093 1185 2126 τοὺς
1203 2093 1372 2125 ἀκούοντας
1390 2096 1468 2132 post
1485 2091 1570 2133 ὀφεί-

244 2143 312 2167 λειν
330 2135 427 2167 iterat
444 2135 468 2166 S
573 2147 591 2174 4
617 2138 682 2175 ἐμοὶ
700 2136 780 2168 secl.
801 2136 900 2168 Blass
988 2137 1009 2167 6
1033 2137 1138 2178 ταῦθ’]
1156 2139 1240 2169 τοῦθ’
1259 2136 1283 2168 S
1379 2139 1443 2168 τῶν
1459 2138 1569 2176 ψευδο-

243 2182 418 2220 μαρτυριῶν
435 2179 532 2210 BlaSS
551 2190 558 2210 :
582 2180 642 2218 τὴν
658 2183 690 2220 ψ.
712 2179 839 2211 Reiske
858 2192 864 2211 :
889 2182 949 2220 τὴν
966 2182 1235 2223 ψευδομαρτυρίαν
1246 2180 1344 2211 codd.
1453 2189 1474 2218 9
1498 2178 1570 2211 τού-

245 2235 318 2254 τους
336 2222 379 2253 S:
406 2224 555 2254 τουτουσὶ
571 2228 648 2254 cett.
756 2224 878 2267 διδάξῃς
896 2224 926 2254 Α
941 2224 966 2255 F
979 2225 1008 2254 D
1138 2235 1177 2255 10
1201 2223 1320 2256 διέθετο
1337 2223 1367 2254 Α
1531 2232 1570 2252 12

246 2266 440 2312 ἀνήγγειλεν
457 2265 481 2297 S
494 2266 547 2297 A:
572 2267 625 2298 ἀπ.
646 2266 713 2305 FQ
726 2267 755 2297 D
879 2278 914 2306 14
943 2268 1183 2310 διακρυψάμενοι
1201 2267 1288 2299 SA:
1312 2268 1375 2309 ἰδίᾳ
1393 2280 1439 2308 κρ.
1454 2266 1478 2296 F
1493 2265 1524 2305 Q
1540 2265 1570 2296 D

250 2310 288 2339 16
313 2310 415 2350 ἄγειν]
435 2309 544 2349 λέγειν
562 2309 599 2340 5¹
708 2320 744 2350 17
771 2313 796 2343 δ’
815 2311 1059 2352 Ἀριστογένους
1078 2312 1102 2343 S
1121 2311 1208 2350 vulg.
1227 2323 1234 2342 ε
1260 2314 1287 2343 δ’
1302 2321 1368 2342 om.
1386 2310 1418 2340 A
1532 2319 1572 2349 19

248 2354 447 2388 ἐπιβιοῦντος
464 2354 575 2390 codd.‚
592 2363 677 2384 corr.
698 2354 808 2386 Cobet
940 2366 982 2386 20
1009 2354 1108 2387 πλέον
1125 2355 1150 2386 F
1162 2355 1192 2394 Q
1209 2366 1216 2386 :
1240 2358 1352 2386 πλεῖον
1368 2353 1452 2385 SA:
1477 2356 1572 2385 πλεῖν

249 2396 396 2472 Ιῗίδηᾱὸτί
556 2407 660 2429 20-21
687 2400 758 2430 οὔτε
775 2421 785 2432 .
804 2421 812 2432 .
835 2421 842 2430 .
858 2401 931 2431 οὔτε
954 2400 978 2430 S
991 2398 1046 2431 A:
1069 2401 1125 2432 οὐκ
1142 2423 1150 2432 .
1168 2422 1177 2432 .
1196 2422 1205 2432 .
1222 2400 1286 2432 οὐδ’
1306 2398 1332 2430 F
1345 2397 1399 2438 Q:
1425 2399 1492 2430 οὔτ’
1509 2421 1518 2431 .
1536 2420 1544 2429 .
1559 2419 1569 2430 .

247 2453 280 2471 GU
