1763 2778
108 117 235 170 11178]

115 855 117 857 ,
194 819 236 852 43

104 855 236 909 [1179]

666 116 1186 172 [ΔΙΙΜΟΣΘΕΝΟΥΣ]
1453 116 1583 171 [vam

258 220 346 262 οὐδὲ
372 222 546 261 ἐκλιπεῖν
565 219 635 270 τὴν
652 218 960 272 ἀμφισβήτησιν
985 219 1101 261 αὐτὸν
1121 220 1270 266 ἑκόντα,
1292 220 1358 260 ὅτε
1375 218 1584 270 ἀπεδήμεις

260 289 322 334 σύ,
351 287 483 338 ἐπειδὴ
513 287 575 327 καὶ
597 287 620 338 ἡ
648 286 699 338 σὴ
726 286 918 340 διεγράφη
945 285 1131 338 δόξαντός
1148 304 1221 327 σου
1245 287 1358 327 ἕνεκα
1383 289 1451 337 τῆς
1476 287 1583 337 δίκης

258 356 415 396 ἀπεῖναι
440 355 503 395 καὶ
537 354 584 395 οὐ
611 355 795 408 δημοσίᾳ.
867 353 958 405 ἐξῆν
987 355 1063 407 γὰρ
1087 354 1221 406 ἔμοιγε
1256 358 1324 394 τοῦ
1351 354 1582 405 ἡμικληρίου

258 421 566 463 ἐπιδικάσασθαι
580 423 746 476 ἐμαυτῷ·
787 421 911 463 οὐδεὶς
936 421 1010 474 γάρ
1034 438 1101 472 μοι
1119 421 1335 473 ἀνθρώπων
1354 420 1580 473 ἀντέλεγεν,

259 487 367 530 ἀλλὰ
391 489 643 542 συνεχώρουν
668 488 776 529 αὐτοὶ
802 490 838 529 οἱ
861 489 1062 529 ἀντίδικοι.
1133 489 1239 528 ἀλλὰ
1270 491 1390 528 ταῦτα
1415 485 1583 538 ποιήσας

259 556 370 598 εὐθὺς
396 555 444 597 ἂν
467 555 514 606 ἦν
541 556 802 608 ἐπιωρκηκώς·
841 555 979 606 ὤμοσα
1001 556 1076 608 γὰρ
1097 555 1158 595 καὶ
1176 555 1396 606 συνεθέμην
1416 555 1511 607 πρὸς
1536 557 1583 595 σὲ

260 623 368 680 κοινῇ
392 622 554 675 πράξειν
579 622 747 669 ἅπαντα,
774 623 796 662 ὅ
821 639 857 662 τι
891 622 938 663 ἂν
964 622 1056 679 δοκῇ
1085 623 1170 673 ἐμοὶ
1201 622 1263 662 καὶ
1297 623 1361 663 σοὶ
1390 626 1579 673 βουλευο-

257 689 390 742 μένοις
414 689 633 741 βέλτιστον
659 690 770 731 εἶναι.
829 689 934 730 ὥστε
961 688 1277 742 ὑπεραβέλτεροί
1299 691 1400 730 εἰσιν
1424 690 1463 730 αἱ
1488 706 1580 741 προ-

259 757 406 810 φάσεις
431 758 494 798 καὶ
512 758 646 804 αἰτίαι,
671 756 719 797 δι’
745 757 790 798 ’ὰς
806 756 918 798 οὐδέν
934 773 1000 808 μοι
1019 756 1099 809 φὴς
1117 754 1300 808 ποιήσειν
1319 760 1394 797 τῶν
1411 757 1582 797 δικαίων.

259 825 317 866 ἔτι
339 823 437 877 πρὸς
458 824 612 866 τούτοις
640 823 734 876 ἡγεῖ
764 823 812 865 ἄν
843 823 883 875 μ’
915 823 1139 876 ἐπιτρέπειν
1165 841 1243 870 σοι,
1270 823 1582 875 Ὀλυμπιόδωρε,

265 893 274 904 ἢ
356 896 373 904 Λ

224 908 227 909 ’
259 909 301 932 εν
324 909 377 932 τω
403 892 614 946 τελευταίῳ
634 892 758 944 ἀγῶνι
781 895 835 946 τῷ
859 891 948 943 περὶ
971 894 1040 931 τοῦ
1065 889 1221 943 κλήρου,
1238 887 1262 941 ἢ
1279 891 1303 931 ἃ
1328 890 1462 943 ἔλεγες
1487 889 1583 942 πρὸς

358 934 366 947 Ι-

257 959 348 1002 τοὺς
370 959 572 1005 δικαστάς,
601 958 683 1015 εἷκῇ
703 959 850 998 οὑτωσὶ
874 958 1023 1011 λέγειν,
1047 954 1178 1011 ἦπερὶ
1201 959 1257 999 ὧν
1280 957 1350 999 τὰς
1374 958 1585 1010 μαρτυρίας

258 1025 474 1080 παρέσχου,
509 1026 631 1068 οὕτως
666 1025 714 1066 ἂν
746 1025 1042 1079 παρασχέσθαι,
1082 1026 1115 1066 εἰ
1149 1025 1202 1077 μὴ
1238 1027 1336 1076 μετὰ
1369 1028 1443 1064 σοῦ
1477 1030 1585 1081 κοινῇ

193 1101 239 1135 44
259 1094 600 1145 συνηγωνιζόμην,·
639 1093 751 1135 οὗτος
772 1092 862 1146 γάρ,
890 1091 918 1133 ὦ
944 1092 1082 1145 ἄνδρες
1115 1093 1307 1138 δικασταί,
1334 1090 1382 1132 τά
1413 1109 1456 1133 τε
1480 1091 1586 1131 ἄλλα

194 1843 236 1879 45

259 1160 397 1213 ἔλεγεν
426 1161 450 1200 ὅ
482 1177 522 1201 τι
550 1160 744 1211 ἐβούλετο
778 1161 820 1201 ἐν
855 1163 908 1215 τῷ
939 1160 1188 1215 δικαστηρίῳ,
1217 1159 1279 1199 καὶ
1314 1156 1584 1213 κατεχρήσατο
1627 1175 1642 1205 ,-

259 1227 354 1279 πρὸς
387 1227 478 1270 τοὺς
507 1229 695 1269 δικαστὰς
730 1228 792 1268 ὅτι
820 1228 899 1279 ἐγὼ
930 1226 1001 1278 τὴν
1036 1229 1176 1275 οἰκίαν,
1203 1226 1251 1277 ἣν
1286 1227 1439 1277 ἔλαβον
1472 1227 1514 1267 ἐν
1537 1226 1584 1282 τῇ

257 1295 384 1346 μερίδι
411 1295 457 1350 τῇ
492 1296 672 1345 ἐμαυτοῦ,
705 1294 1004 1345 μεμισθωμένος
1040 1296 1123 1345 εἵην
1158 1293 1249 1346 παρ’
1283 1293 1413 1340 αὐτοῦ,
1447 1293 1509 1334 καὶ
1540 1292 1584 1333 τὸ

259 1362 442 1414 ἀργύριον
467 1361 487 1401 ὃ
520 1362 687 1413 ἔλαβον,
711 1361 757 1402 τὸ
790 1362 909 1413 ἥμισυ
934 1361 979 1402 τὸ
1011 1362 1088 1402 ἀπὸ
1118 1366 1194 1402 τῶν
1226 1361 1369 1415 χιλίων
1400 1363 1584 1413 δραχμῶν

258 1433 337 1469 τῶν
362 1430 469 1480 παρὰ
494 1432 562 1469 τοῦ
592 1428 755 1476 οἰκέτου,
782 1429 843 1470 ὅτι
877 1428 1139 1480 ἐδανεισάμην
1171 1427 1277 1481 παρὰ
1303 1428 1450 1469 τούτου.
1522 1427 1584 1467 καὶ

259 1496 302 1535 οὐ
327 1496 448 1546 μόνον
474 1496 613 1548 ἔλεγεν
638 1500 770 1542 ταῦτα,
798 1496 904 1537 ἀλλὰ
931 1496 993 1537 καὶ
1024 1497 1237 1548 μαρτυρίας
1259 1496 1472 1549 παρείχετο
1495 1495 1584 1546 περὶ

258 1563 418 1604 τούτων.
490 1563 595 1616 κάγὼ
620 1563 698 1604 οὐδ’
725 1564 854 1604 ὁτιοῦν
888 1562 1104 1616 ἀντέλεγον
1134 1562 1298 1609 τούτοις,
1325 1562 1402 1603 οὐδ’
1437 1559 1585 1613 ἤκουσέ

257 1647 334 1681 μου
372 1629 511 1683 φωνὴν
550 1630 675 1672 οὐδεὶς
712 1630 940 1683 ἀνθρώπων,
983 1632 1047 1671 ὅτε
1084 1630 1195 1672 οὗτος
1231 1630 1456 1682 ἠγωνίζετο,
1495 1629 1583 1669 οὔτε

258 1699 399 1750 μικρὰν
436 1698 525 1738 οὔτε
559 1697 751 1750 μεγάλην,
790 1697 897 1738 ἀλλὰ
938 1698 1276 1750 προσωμολόγουν
1314 1697 1440 1747 ἀληθῆ
1485 1696 1584 1737 εἶναι

260 1764 386 1805 πάντα
411 1766 488 1805 ὅσα
512 1765 624 1807 οὗτος
644 1764 837 1815 ἐβούλετο
869 1764 1017 1817 λέγειν.
1089 1764 1197 1822 κοινῇ
1231 1765 1306 1817 γὰρ
1337 1763 1583 1816 ἠγωνιζόμην

257 1833 358 1882 μετὰ
391 1835 477 1878 σοῦ,
515 1832 650 1884 ὥσπερ
680 1831 814 1882 ἔδοξεν
844 1831 931 1882 ἐμοὶ
956 1832 1017 1872 καὶ
1052 1831 1130 1872 σοί.
1199 1831 1285 1872 ἐπεὶ
1318 1832 1352 1872 εἶ
1382 1828 1436 1882 μή
1472 1832 1583 1871 ἐστιν

258 1901 379 1939 ταῦτα
413 1899 540 1950 ἀληθῆ
577 1899 601 1939 ἃ
636 1898 757 1951 λέγω,
781 1900 844 1939 διὰ
879 1899 922 1940 τί
950 1898 1019 1939 οὐκ
1056 1898 1346 1950 ἐπεσκηψάμην
1382 1898 1459 1950 ἐγὼ
1495 1898 1584 1938 τότε

258 1969 340 2007 τοῖς
361 1964 555 2018 μάρτυσιν
579 1968 662 2008 τοῖς
688 1969 810 2006 ταῦτα
831 1969 1108 2018 μαρτυροῦσιν,
1142 1965 1234 2020 ἀλλ’
1265 1965 1439 2018 ἡσυχίαν
1472 1965 1583 2018 εἶχον

258 2031 433 2083 πολλήι’;
470 2029 495 2083 ἢ
519 2034 584 2073 διὰ
601 2034 642 2073 τί
663 2033 726 2078 σύ,
754 2032 1065 2085 Ὀλυμπιόδωρε,
1084 2032 1334 2073 οὐδεπώποτέ
1348 2049 1415 2083 μοι
1440 2032 1582 2085 ἔλαχες

259 2101 426 2140 ἐνοικίου
451 2101 559 2151 δίκην
585 2102 654 2151 τῆς
670 2101 794 2142 οἰκίας
807 2100 854 2151 ἧς
872 2101 1048 2153 ἔφασκες
1062 2100 1267 2151 μισθῶσαί
1278 2116 1347 2150 μοι
1370 2098 1420 2141 ὡς
1438 2101 1583 2139 σαυτοῦ

301 2218 321 2247 3
346 2209 467 2242 ἀπιέναι
483 2208 514 2238 Α
646 2220 664 2247 4
690 2210 826 2250 ἐμαυτῷ]
845 2211 928 2250 αὐτῷ
944 2209 975 2238 Λ
1107 2210 1128 2239 6
1144 2207 1197 2247 σὲ]
1215 2221 1285 2247 σεηι
1302 2208 1326 2239 S
1460 2219 1476 2247 7
1502 2208 1583 2240 ἅπαν

258 2251 299 2290 Α,
317 2253 435 2292 Cobet,
454 2254 514 2283 sed
531 2253 572 2283 cf.
591 2254 698 2284 Thuc.
716 2253 758 2283 vii
777 2264 827 2293 29,
846 2253 904 2284 Ar.
925 2253 1011 2284 Nub.
1033 2254 1127 2295 1381,
1150 2253 1236 2282 Rau.
1257 2263 1317 2291 702
1441 2263 1462 2291 9
1486 2253 1581 2284 αἰτίαι

260 2296 320 2326 51·“
333 2297 363 2334 Q
379 2296 408 2326 1)
424 2308 431 2327 ε
455 2297 485 2328 αἱ
503 2298 597 2328 αἰτίαι
612 2296 643 2326 Α
801 2307 839 2327 10
862 2297 884 2328 ὦ
904 2300 972 2329 ’le⁸
989 2296 1021 2326 A
1190 2306 1222 2326 11
1249 2299 1293 2336 τῷ
1308 2300 1385 2336 post
1400 2297 1497 2335 ἀγῶνι
1513 2306 1578 2327 om.

259 2339 284 2369 F
299 2340 328 2377 Q
343 2340 372 2370 D
508 2350 547 2378 13
570 2340 682 2380 οὕτως]
704 2342 770 2382 εἰκῇ
791 2342 889 2372 οὕτως
908 2340 940 2370 Α
1096 2350 1134 2379 15
1159 2340 1175 2371 ὅ
1190 2354 1222 2371 τι
1245 2339 1313 2369 AF
1337 2353 1388 2380 ’γρ-
1408 2339 1439 2377 Q
1461 2352 1511 2379 ’γρ-
1531 2350 1537 2369 :
1562 2338 1582 2371 ἃ

260 2383 283 2413 S
299 2383 364 2422 FQ
381 2383 409 2413 D
547 2385 584 2413 18
607 2396 715 2422 ημισοι
732 2383 769 2414 S¹
884 2384 921 2415 τὸ
938 2384 999 2415 ἀπὸ
1018 2382 1070 2414 A:
1093 2384 1153 2415 ἀπὸ
1171 2388 1248 2414 cett.
1387 2393 1426 2421 19
1447 2382 1578 2423 τούτου]

259 2429 355 2458 αὐτοῦ
371 2426 412 2462 Α,
432 2428 492 2457 sed
509 2427 552 2458 cf.
570 2427 640 2457 xliii
659 2438 677 2457 2
796 2438 837 2457 20
859 2427 1031 2469 μαρτυρίαν
1045 2425 1077 2457 Α
1194 2437 1231 2457 21
1256 2425 1379 2459 τούτων
1395 2426 1557 2457 Schaeser
1572 2437 1580 2457 z

258 2470 373 2502 τούτου
389 2471 487 2501 codd.
621 2472 662 2500 26
686 2471 719 2511 ἃ]
738 2471 756 2502 ἃ
773 2472 835 2511 ἐγὼ
851 2470 883 2500 Α

1608 841 1645 862 10

1606 1512 1645 1533 20
