1763 2778
150 140 186 195 L]
565 142 727 181 ΠΡΟΣ
768 139 1107 180 ΠΟΛΎΚΛΕΑ
1495 140 1628 195 [1216]

150 242 250 298 αὐτῷ
271 241 388 294 μέλοι
412 242 466 282 ὧν
491 240 664 293 λέγοιμι.
733 239 776 282 ἐν
802 242 845 282 δὲ
869 238 991 293 τούτῳ
1016 238 1208 291 ὑπηρέτης
1232 238 1337 289 ἥκων
1370 239 1474 289 παρὰ

149 314 216 351 τοῦ
246 312 469 362 στρατηγοῦ
501 308 586 359 ἐμοὶ
619 305 900 360 παρήγγελλεν
928 304 1162 358 ἀνάγεσθαι,
1197 305 1240 346 οὐ
1266 305 1389 360 τούτῳ
1421 309 1474 359 τῷ

151 377 334 431 διαδόχῳ,
361 376 405 417 οὗ
429 376 451 427 ἡ
477 374 692 431 λῃτουργία
715 374 787 426 ἤδη
815 368 1022 426 ἐγίγνετο(
1046 373 1183 414 τούτου
1206 374 1249 414 δὲ
1275 375 1319 412 τὸ
1349 373 1475 412 αἴτιον

152 445 228 498 ἐγὼ
260 445 360 495 ὑμᾶς
391 443 597 496 προϊόντος
629 445 697 482 τοῦ
720 442 844 494 λόγου
874 440 1030 491 διδάξω.
1101 441 1190 481 τότε
1221 441 1294 491 μὲν
1319 439 1386 479 οὖν
1409 456 1476 491 μοι

114 528 130 558 5
152 512 279 552 ἐδόκει
315 510 535 563 ἀνάγεσθαι
573 509 635 550 καὶ
671 512 787 550 πλεῖν
824 509 865 549 οἳ
891 507 1086 548 ἐκέλευεν·
1122 506 1257 558 ἐπειδὴ
1291 509 1333 548 δὲ
1364 505 1473 546 κατέ-
1497 522 1540 556 32

151 584 308 620 πλευσα
337 577 459 619 πάλιν
487 578 543 619 εἷς
578 575 734 623 Θάσον,
766 575 940 617 ἑλκύσας
971 576 1019 615 τὰ
1047 578 1170 616 πλοῖα
1200 575 1258 617 εἷς
1280 573 1474 626 Στρύμην,
1499 577 1624 632 [1217]

152 646 192 686 οἳ
223 643 467 697 προσέταξεν
503 644 523 684 ὁ
561 642 796 696 στρατηγός,
825 642 1020 685 κελεύσας
1051 642 1141 684 τοὺς
1176 642 1319 683 ναύτας
1357 642 1399 681 ἐν
1429 646 1478 697 τῇ

151 713 214 763 νηὶ
247 710 380 764 μένειν
418 711 480 752 καὶ
514 710 604 752 τοὺς
641 709 838 761 ἐπιβάτας
873 709 935 750 καὶ
971 708 1041 759 τὴν
1082 710 1315 761 ὑπηρεσίαν,
1355 709 1479 759 ἐκβὰς

152 778 266 821 αὐτὸς
294 778 511 831 πορεύομαι
540 778 606 819 ἐπὶ
634 776 708 829 τὴν
740 778 868 818 οἰκίαν
897 777 941 816 οὗ
970 775 1161 829 κατήγετο
1193 776 1425 829 Τιμόμαχος
1457 774 1478 814 ὁ

94 867 133 888 10
153 846 386 899 στρατηγός,
420 845 666 898 βουλόμενος
699 845 880 885 κάκείνου
910 844 1089 884 ἐναντίον
1121 844 1378 895 παραδιδόναι
1407 841 1479 892 τὴν

153 918 248 955 ναῦν
274 917 481 954 Πολυκλεῖ
496 912 638 969 τουτῳὶ
660 911 806 964 πλήρη.
855 909 1151 962 καταλαμβάνω
1170 911 1238 950 οὖν
1260 910 1321 950 καὶ
1341 914 1479 949 τοῦτον
1499 919 1542 953 33

155 983 236 1022 ἐκεῖ
266 979 329 1021 καὶ
359 980 449 1023 τοὺς
478 978 738 1033 τριηράρχους
771 979 833 1019 καὶ
869 978 959 1020 τοὺς
996 978 1200 1031 διαδόχους
1239 977 1301 1017 καὶ
1331 976 1480 1018 ἄλλους

152 1049 261 1091 τινὰς
284 1051 362 1089 τῶν
387 1051 574 1094 πολιτῶν,
597 1047 661 1087 καὶ
679 1046 874 1087 εἰσελθὼν
894 1044 1006 1087 εὐθὺς
1026 1045 1204 1085 ἐναντίον
1222 1047 1290 1084 τοῦ
1309 1060 1478 1096 στρατη-

153 1118 224 1169 γοῦ
248 1116 394 1168 λόγους
417 1114 514 1167 πρὸς
538 1113 656 1155 αὐτὸν
682 1113 907 1165 ἐποιούμην,
937 1113 999 1153 καὶ
1027 1111 1163 1163 ἠξίουν
1190 1111 1308 1152 αὐτὸν
1338 1109 1409 1162 τήν
1438 1127 1481 1151 τε

95 1203 132 1235 15
153 1186 250 1225 ναῦν
294 1199 361 1234 μοι
406 1180 742 1235 παραλαμβάνειν
795 1181 857 1222 καὶ
910 1182 980 1220 τοῦ
1033 1177 1483 1232 ἐπιτετριηραρχημένου

154 1250 298 1303 χρόνου
323 1250 553 1290 ἀποδιδόναι
576 1266 644 1300 μοι
667 1247 717 1289 τὰ
739 1247 992 1295 ἀναλώματα,
1020 1247 1083 1287 καὶ
1109 1246 1199 1297 περὶ
1222 1250 1299 1286 τῶν
1331 1249 1482 1286 σκευῶν

154 1317 316 1369 ἠρώτων
339 1315 470 1363 αὐτόν,
497 1316 642 1369 πότερα
667 1313 948 1367 παραλήψεται
972 1311 995 1365 ἦ
1021 1315 1100 1354 ἴδια
1126 1313 1245 1364 σκεύη
1265 1313 1371 1366 ἔχων
1393 1312 1484 1363 ἥκοι

156 1384 222 1426 ἐπὶ
252 1383 324 1434 τὴν
352 1387 461 1425 ναῦν.
521 1387 644 1423 ταῦτα
671 1381 715 1423 δέ
741 1399 816 1433 μου
840 1380 1163 1433 προκαλουμένου
1189 1380 1318 1426 αὐτόν,
1353 1378 1484 1431 ἠρώτα
1503 1392 1548 1427 34

155 1468 206 1504 με
239 1451 288 1492 δι’
324 1451 346 1491 ὅ
381 1467 419 1491 τι
456 1450 576 1500 σκεύη
610 1466 654 1491 τε
687 1450 768 1490 ’ίδια
804 1449 924 1500 μόνος
956 1449 1086 1502 ἔχοιμι
1115 1451 1192 1488 τῶν
1222 1446 1482 1499 τριηράρχων,

95 1539 138 1563 20
158 1519 220 1560 καὶ
245 1519 414 1571 ’πότερα
453 1517 477 1569 ἡ
526 1517 642 1557 πόλις
681 1516 751 1557 οὐκ
790 1517 908 1566 εἰδείη
945 1517 1053 1557 τινὰς
1091 1513 1325 1565 δυναμένους
1363 1513 1482 1563 σκεύη

156 1589 383 1639 παρασχεῖν
415 1588 501 1627 ταῖς
529 1585 683 1630 ναυσίν,
718 1583 825 1625 ὥστε
857 1582 952 1633 αὐτὴ
983 1581 1034 1633 μὴ
1072 1581 1274 1634 παρέχειν.
1348 1577 1395 1631 ’ἢ
1434 1580 1484 1621 σὺ

157 1656 351 1694 τοσοῦτον
369 1651 378 1667 ’
415 1652 494 1704 ἔφη
533 1649 854 1704 (ὑπερπέπαικας
887 1650 1046 1704 πλούτῳ
1076 1649 1167 1691 τοὺς
1192 1648 1352 1695 ἄλλους,
1379 1648 1485 1688 ὥστε

158 1719 221 1761 καὶ
254 1719 374 1771 σκεύη
407 1721 486 1761 ἵδια
517 1717 629 1773 ἔχειν
662 1718 724 1758 καὶ
753 1718 906 1769 κόσμον
936 1716 1224 1770 χρυσόπαστον
1252 1716 1372 1767 μόνος
1406 1719 1485 1755 τῶν

157 1786 423 1841 τριηράρχων;
466 1787 523 1828 τίς
559 1785 606 1827 ἂν
643 1785 710 1825 οῦν
747 1783 918 1826 δύναιτ”
960 1784 1038 1836 ἔφη
1083 1783 1182 1834 ’τὴν
1223 1782 1301 1833 σὴν
1343 1782 1485 1833 μανίαν
1506 1790 1547 1828 35

97 1873 137 1907 25
160 1855 221 1895 καὶ
247 1853 509 1895 πολυτέλειαν
533 1855 752 1904 ὑπομεῖναι,
774 1850 1065 1905 διεφθαρμένον
1088 1852 1161 1902 μὲν
1193 1849 1390 1902 πλήρωμα
1423 1848 1486 1889 καὶ

160 1921 296 1964 εἰωθὸς
319 1921 506 1973 ἀργύριον
531 1919 634 1961 πολὺ
659 1919 963 1972 προλαμβάνειν
989 1918 1054 1959 καὶ
1074 1919 1257 1960 ἀτελείας
1275 1917 1388 1970 ἄγειν
1407 1920 1486 1957 τῶν

159 1987 424 2040 νομιζομένων
441 1988 484 2028 ἐν
503 1992 551 2044 τῇ
575 1986 639 2037 νηὶ
657 1990 904 2044 λῃτουργιῶν
932 1985 994 2026 καὶ
1011 1987 1181 2026 λοῦσθαι
1198 1986 1243 2025 ἐν
1267 1985 1484 2038 βαλανείῳ,

160 2059 392 2109 τρυφῶντας
415 2054 449 2095 δ’
476 2053 672 2105 ἐπιβάτας
705 2053 768 2094 καὶ
799 2053 1022 2104 ὑπηρεσίαν
1049 2052 1126 2093 ὑπὸ
1155 2053 1302 2103 μισθοῦ
1333 2053 1488 2092 πολλοῦ

162 2123 224 2163 καὶ
260 2123 460 2168 ἐντελοῦς;
501 2125 628 2162 κακῶν
658 2120 718 2168 δ’,’
745 2120 1134 2174 ἔφη,,“διδάσκαλος
1163 2118 1331 2171 γέγονας
1361 2119 1403 2158 ἐν
1433 2121 1487 2172 τῷ

208 2241 223 2262 1
241 2232 334 2272 μέλοι
347 2231 371 2262 S
382 2231 430 2261 A:
450 2230 576 2272 μέλειἙ
589 2230 620 2269 Q
634 2231 663 2260 D
740 2238 802 2269 2-3
818 2233 863 2272 τῷ
873 2229 1012 2271 διαδόχῳ
1023 2229 1086 2260 del.
1102 2229 1317 2260 Herwerden
1390 2237 1426 2258 11
1443 2228 1490 2267 τῷ

162 2281 201 2308 Π.
219 2275 252 2306 Α
353 2275 456 2316 τούτῳ
473 2275 581 2314 codd„
601 2285 684 2306 corr.
706 2274 815 2306 Cobet
943 2284 981 2304 12
1004 2275 1079 2305 τοὺς
1095 2278 1173 2304 ante
1190 2271 1359 2313 διαδόχους
1376 2281 1442 2302 om.
1458 2269 1491 2300 A

166 2329 205 2357 13
228 2320 316 2351 εὐθὺς
330 2329 398 2350 om.
416 2317 468 2358 Sl,
484 2318 560 2350 add.
580 2318 614 2348 in
631 2328 696 2357 mg.
715 2318 789 2348 ead.
808 2328 852 2349 m.
966 2318 1005 2347 16
1029 2318 1196 2348 ἀποδοῦναι
1213 2315 1245 2345 Α
1354 2315 1391 2345 18
1416 2327 1491 2354 προ-

163 2362 382 2402 καλεσαμένου
397 2361 430 2392 Α
512 2371 551 2401 19
575 2362 681 2403 ἔχοιμι
696 2360 791 2401 μόνος
806 2360 839 2391 Α
928 2370 971 2391 20
994 2362 1050 2392 οὐκ
1063 2359 1129 2391 del.
1143 2359 1279 2389 Dobree
1364 2368 1405 2388 22
1430 2359 1490 2397 ἔφη

164 2416 230 2437 om.
248 2406 273 2437 S
392 2416 433 2444 24
458 2404 512 2438 οὖν
528 2405 650 2437 δύναιτ’
664 2404 755 2444 vulg.
770 2415 778 2436 :
804 2404 928 2436 δύναιτ’
943 2403 997 2435 οὖν
1013 2403 1039 2434 S
1150 2412 1190 2441 25
1214 2402 1274 2443 μὲν
1290 2411 1353 2432 orn.
1375 2401 1400 2431 F
1414 2400 1444 2439 Q
1459 2400 1489 2430 D

163 2450 206 2479 26
228 2448 404 2490 λαμβάνειν
419 2449 451 2479 Α
540 2459 580 2489 27
605 2452 776 2481 λελουσθαι
794 2448 819 2480 S
833 2448 893 2479 sed
910 2455 948 2480 λε
960 2446 1081 2478 lineola
1093 2446 1205 2477 deleto
1294 2446 1336 2476 28
1361 2445 1403 2486 δ’]
1417 2443 1446 2476 τ’
1460 2443 1492 2474 Α
