<?xml version="1.0" encoding="UTF-8"?>
<!DOCTYPE html PUBLIC "-//W3C//DTD XHTML 1.0 Transitional//EN"
    "http://www.w3.org/TR/xhtml1/DTD/xhtml1-transitional.dtd">
<html xmlns="http://www.w3.org/1999/xhtml" xml:lang="en" lang="en">
 <head>
  <title>
</title>
<meta http-equiv="Content-Type" content="text/html;charset=utf-8" />
  <meta name='ocr-system' content='tesseract 3.04.00' />
  <meta name='ocr-capabilities' content='ocr_page ocr_carea ocr_par ocr_line ocrx_word'/>
</head>
<body>
  <div class='ocr_page' id='page_1' title='image "./orationesrecog03demouoft_0016.png"; bbox 0 0 1700 2758; ppageno 0'>
   <div class='ocr_carea' id='block_1_1' title="bbox 674 113 1083 156">
    <p class='ocr_par' dir='ltr' id='par_1_1' title="bbox 674 113 1083 156">
     <span class='ocr_line' id='line_1_1' title="bbox 674 113 1083 156; baseline 0.005 -3"><span class='ocrx_word' id='word_1_1' title='bbox 674 113 1083 156; x_wconf 83' lang='lat' dir='ltr'><strong>PRAEFATIO</strong></span> 
     </span>
    </p>
   </div>
   <div class='ocr_carea' id='block_1_2' title="bbox 212 222 1535 2471">
    <p class='ocr_par' dir='ltr' id='par_1_2' title="bbox 217 222 1534 481">
     <span class='ocr_line' id='line_1_2' title="bbox 218 222 1534 276; baseline 0.003 -15"><span class='ocrx_word' id='word_1_2' title='bbox 218 222 512 262; x_wconf 81' lang='lat' dir='ltr'>diversitatem</span> <span class='ocrx_word' id='word_1_3' title='bbox 528 223 638 262; x_wconf 82' lang='lat' dir='ltr'>etad</span> <span class='ocrx_word' id='word_1_4' title='bbox 661 222 728 263; x_wconf 82' lang='lat' dir='ltr'>Pr.</span> <span class='ocrx_word' id='word_1_5' title='bbox 745 222 867 263; x_wconf 76' lang='lat' dir='ltr'>xxvi.</span> <span class='ocrx_word' id='word_1_6' title='bbox 887 235 911 275; x_wconf 80' lang='lat'><em>3</em></span> <span class='ocrx_word' id='word_1_7' title='bbox 928 223 1169 276; x_wconf 66' lang='lat' dir='ltr'>respexeris</span> <span class='ocrx_word' id='word_1_8' title='bbox 1183 230 1225 263; x_wconf 90' lang='lat' dir='ltr'>ct</span> <span class='ocrx_word' id='word_1_9' title='bbox 1240 225 1295 264; x_wconf 88' lang='lat' dir='ltr'>ad</span> <span class='ocrx_word' id='word_1_10' title='bbox 1319 225 1386 265; x_wconf 88' lang='lat' dir='ltr'>Pr.</span> <span class='ocrx_word' id='word_1_11' title='bbox 1411 225 1484 265; x_wconf 86' lang='lat' dir='ltr'>liii.</span> <span class='ocrx_word' id='word_1_12' title='bbox 1507 236 1534 274; x_wconf 91' lang='lat'><strong>4</strong></span> 
     </span>
     <span class='ocr_line' id='line_1_3' title="bbox 218 289 1534 346; baseline 0.003 -18"><span class='ocrx_word' id='word_1_13' title='bbox 218 290 440 341; x_wconf 77' lang='grc' dir='ltr'>ἀρρωστίας</span> <span class='ocrx_word' id='word_1_14' title='bbox 458 290 487 330; x_wconf 82' lang='lat' dir='ltr'>S</span> <span class='ocrx_word' id='word_1_15' title='bbox 505 290 540 329; x_wconf 89' lang='lat' dir='ltr'><strong>F</strong></span> <span class='ocrx_word' id='word_1_16' title='bbox 556 289 596 343; x_wconf 79' lang='lat' dir='ltr'>Q</span> <span class='ocrx_word' id='word_1_17' title='bbox 613 305 621 330; x_wconf 91' lang='lat'>:</span> <span class='ocrx_word' id='word_1_18' title='bbox 646 290 835 342; x_wconf 75' lang='grc' dir='ltr'>ὀρρωδίας</span> <span class='ocrx_word' id='word_1_19' title='bbox 850 290 914 330; x_wconf 86' lang='lat' dir='ltr'>Yr</span> <span class='ocrx_word' id='word_1_20' title='bbox 929 291 970 330; x_wconf 94' lang='lat' dir='ltr'>D</span> <span class='ocrx_word' id='word_1_21' title='bbox 988 290 1180 331; x_wconf 90' lang='lat' dir='ltr'>Vindob.</span> <span class='ocrx_word' id='word_1_22' title='bbox 1197 304 1223 339; x_wconf 75' lang='lat'>4</span> <span class='ocrx_word' id='word_1_23' title='bbox 1240 291 1288 342; x_wconf 90' lang='lat' dir='ltr'>C,</span> <span class='ocrx_word' id='word_1_24' title='bbox 1307 292 1534 346; x_wconf 84' lang='lat' dir='ltr'>Harpocr.,</span> 
     </span>
     <span class='ocr_line' id='line_1_4' title="bbox 218 358 1533 401; baseline 0.002 -3"><span class='ocrx_word' id='word_1_25' title='bbox 218 359 354 398; x_wconf 85' lang='lat' dir='ltr'>artius</span> <span class='ocrx_word' id='word_1_26' title='bbox 387 365 431 399; x_wconf 88' lang='lat' dir='ltr'>et</span> <span class='ocrx_word' id='word_1_27' title='bbox 469 358 580 399; x_wconf 90' lang='lat' dir='ltr'>inter</span> <span class='ocrx_word' id='word_1_28' title='bbox 616 374 661 399; x_wconf 79' lang='lat' dir='ltr'>se</span> <span class='ocrx_word' id='word_1_29' title='bbox 693 373 888 399; x_wconf 80' lang='lat' dir='ltr'>conexos</span> <span class='ocrx_word' id='word_1_30' title='bbox 921 373 1012 400; x_wconf 86' lang='lat' dir='ltr'>esse</span> <span class='ocrx_word' id='word_1_31' title='bbox 1043 359 1123 400; x_wconf 87' lang='lat' dir='ltr'>hos</span> <span class='ocrx_word' id='word_1_32' title='bbox 1153 360 1326 401; x_wconf 82' lang='lat' dir='ltr'>codices</span> <span class='ocrx_word' id='word_1_33' title='bbox 1359 367 1401 400; x_wconf 87' lang='lat' dir='ltr'>et</span> <span class='ocrx_word' id='word_1_34' title='bbox 1434 375 1533 401; x_wconf 86' lang='lat' dir='ltr'>cum</span> 
     </span>
     <span class='ocr_line' id='line_1_5' title="bbox 217 427 830 481; baseline 0.002 -13"><span class='ocrx_word' id='word_1_35' title='bbox 217 427 397 481; x_wconf 86' lang='lat' dir='ltr'>vulgata</span> <span class='ocrx_word' id='word_1_36' title='bbox 419 428 629 468; x_wconf 85' lang='lat' dir='ltr'>memoria</span> <span class='ocrx_word' id='word_1_37' title='bbox 650 435 830 469; x_wconf 76' lang='lat' dir='ltr'>statuas,</span> 
     </span>
    </p>

    <p class='ocr_par' dir='ltr' id='par_1_3' title="bbox 275 496 1232 552">
     <span class='ocr_line' id='line_1_6' title="bbox 275 496 1232 552; baseline 0.003 -16"><span class='ocrx_word' id='word_1_38' title='bbox 275 496 350 536; x_wconf 84' lang='lat' dir='ltr'>Ad</span> <span class='ocrx_word' id='word_1_39' title='bbox 375 496 458 538; x_wconf 93' lang='lat' dir='ltr'>hoc</span> <span class='ocrx_word' id='word_1_40' title='bbox 479 497 685 537; x_wconf 88' lang='lat' dir='ltr'>volumen</span> <span class='ocrx_word' id='word_1_41' title='bbox 708 498 790 538; x_wconf 89' lang='lat' dir='ltr'>hae</span> <span class='ocrx_word' id='word_1_42' title='bbox 812 498 968 552; x_wconf 79' lang='lat' dir='ltr'>papyri</span> <span class='ocrx_word' id='word_1_43' title='bbox 991 499 1232 551; x_wconf 82' lang='lat' dir='ltr'><strong>pertinent:</strong></span> 
     </span>
    </p>

    <p class='ocr_par' dir='ltr' id='par_1_4' title="bbox 220 566 1534 690">
     <span class='ocr_line' id='line_1_7' title="bbox 277 566 1534 621; baseline 0.002 -15"><span class='ocrx_word' id='word_1_44' title='bbox 277 566 320 607; x_wconf 92' lang='lat' dir='ltr'>li.</span> <span class='ocrx_word' id='word_1_45' title='bbox 346 577 471 618; x_wconf 85' lang='lat'>7—10.</span> <span class='ocrx_word' id='word_1_46' title='bbox 514 567 658 619; x_wconf 85' lang='lat' dir='ltr'>Papiri</span> <span class='ocrx_word' id='word_1_47' title='bbox 684 566 809 608; x_wconf 82' lang='lat' dir='ltr'>Greci</span> <span class='ocrx_word' id='word_1_48' title='bbox 833 581 856 607; x_wconf 96' lang='lat' dir='ltr'>e</span> <span class='ocrx_word' id='word_1_49' title='bbox 879 567 1024 608; x_wconf 87' lang='lat' dir='ltr'>Latini</span> <span class='ocrx_word' id='word_1_50' title='bbox 1050 567 1392 621; x_wconf 83' lang='lat' dir='ltr'>(Pubblicazioni</span> <span class='ocrx_word' id='word_1_51' title='bbox 1420 569 1534 610; x_wconf 83' lang='lat' dir='ltr'>della</span> 
     </span>
     <span class='ocr_line' id='line_1_8' title="bbox 220 633 1110 690; baseline 0.004 -15"><span class='ocrx_word' id='word_1_52' title='bbox 220 633 397 676; x_wconf 74' lang='lat' dir='ltr'>Societa</span> <span class='ocrx_word' id='word_1_53' title='bbox 424 634 621 690; x_wconf 87' lang='lat' dir='ltr'>Italiana)</span> <span class='ocrx_word' id='word_1_54' title='bbox 647 636 701 677; x_wconf 87' lang='lat' dir='ltr'>vi.</span> <span class='ocrx_word' id='word_1_55' title='bbox 727 645 825 689; x_wconf 83' lang='lat'>721,</span> <span class='ocrx_word' id='word_1_56' title='bbox 846 650 957 678; x_wconf 87' lang='lat' dir='ltr'>saec.</span> <span class='ocrx_word' id='word_1_57' title='bbox 980 637 1005 676; x_wconf 92' lang='lat' dir='ltr'>ii</span> <span class='ocrx_word' id='word_1_58' title='bbox 1029 646 1110 679; x_wconf 89' lang='lat' dir='ltr'>P.C.</span> 
     </span>
    </p>

    <p class='ocr_par' dir='ltr' id='par_1_5' title="bbox 218 703 1533 814">
     <span class='ocr_line' id='line_1_9' title="bbox 274 703 1533 760; baseline 0.002 -16"><span class='ocrx_word' id='word_1_59' title='bbox 274 704 476 745; x_wconf 87' lang='lat' dir='ltr'>Prooem.</span> <span class='ocrx_word' id='word_1_60' title='bbox 499 703 767 746; x_wconf 79' lang='lat' dir='ltr'>xxvi-xxix.</span> <span class='ocrx_word' id='word_1_61' title='bbox 816 704 937 760; x_wconf 82' lang='lat' dir='ltr'>Oxy.</span> <span class='ocrx_word' id='word_1_62' title='bbox 966 705 1071 760; x_wconf 88' lang='lat' dir='ltr'>Pap.</span> <span class='ocrx_word' id='word_1_63' title='bbox 1099 705 1124 746; x_wconf 87' lang='lat' dir='ltr'>i.</span> <span class='ocrx_word' id='word_1_64' title='bbox 1152 708 1219 756; x_wconf 84' lang='lat'>26,</span> <span class='ocrx_word' id='word_1_65' title='bbox 1241 721 1351 748; x_wconf 74' lang='lat' dir='ltr'>saec.</span> <span class='ocrx_word' id='word_1_66' title='bbox 1374 707 1385 747; x_wconf 89' lang='lat' dir='ltr'>i</span> <span class='ocrx_word' id='word_1_67' title='bbox 1411 707 1479 747; x_wconf 89' lang='lat' dir='ltr'>vel</span> <span class='ocrx_word' id='word_1_68' title='bbox 1507 707 1533 747; x_wconf 89' lang='lat' dir='ltr'>ii</span> 
     </span>
     <span class='ocr_line' id='line_1_10' title="bbox 218 782 299 814; baseline 0.025 -2"><span class='ocrx_word' id='word_1_69' title='bbox 218 782 299 814; x_wconf 90' lang='lat' dir='ltr'>P.C.</span> 
     </span>
    </p>

    <p class='ocr_par' dir='ltr' id='par_1_6' title="bbox 212 842 1535 1717">
     <span class='ocr_line' id='line_1_11' title="bbox 276 842 1535 898; baseline 0.003 -16"><span class='ocrx_word' id='word_1_70' title='bbox 276 842 359 883; x_wconf 86' lang='lat' dir='ltr'>His</span> <span class='ocrx_word' id='word_1_71' title='bbox 388 856 412 883; x_wconf 93' lang='lat' dir='ltr'>e</span> <span class='ocrx_word' id='word_1_72' title='bbox 441 843 609 885; x_wconf 86' lang='lat' dir='ltr'>laciniis</span> <span class='ocrx_word' id='word_1_73' title='bbox 638 851 793 898; x_wconf 79' lang='lat' dir='ltr'>quater</span> <span class='ocrx_word' id='word_1_74' title='bbox 822 845 1050 898; x_wconf 82' lang='lat' dir='ltr'>corrigitur</span> <span class='ocrx_word' id='word_1_75' title='bbox 1081 846 1280 886; x_wconf 88' lang='lat' dir='ltr'>codicum</span> <span class='ocrx_word' id='word_1_76' title='bbox 1315 846 1535 895; x_wconf 89' lang='lat' dir='ltr'>memoria,</span> 
     </span>
     <span class='ocr_line' id='line_1_12' title="bbox 216 912 1532 968; baseline 0.002 -16"><span class='ocrx_word' id='word_1_77' title='bbox 216 912 277 952; x_wconf 88' lang='lat' dir='ltr'>ita</span> <span class='ocrx_word' id='word_1_78' title='bbox 313 918 458 952; x_wconf 85' lang='lat' dir='ltr'>tamen</span> <span class='ocrx_word' id='word_1_79' title='bbox 496 921 543 953; x_wconf 93' lang='lat' dir='ltr'>ut</span> <span class='ocrx_word' id='word_1_80' title='bbox 581 913 624 953; x_wconf 89' lang='lat' dir='ltr'>in</span> <span class='ocrx_word' id='word_1_81' title='bbox 661 921 867 967; x_wconf 88' lang='lat' dir='ltr'>promptu</span> <span class='ocrx_word' id='word_1_82' title='bbox 906 915 959 954; x_wconf 89' lang='lat' dir='ltr'>sit</span> <span class='ocrx_word' id='word_1_83' title='bbox 992 914 1234 968; x_wconf 83' lang='lat' dir='ltr'>corrigendi</span> <span class='ocrx_word' id='word_1_84' title='bbox 1268 916 1377 955; x_wconf 85' lang='lat' dir='ltr'>ratio</span> <span class='ocrx_word' id='word_1_85' title='bbox 1408 929 1433 956; x_wconf 89' lang='lat' dir='ltr'>a</span> <span class='ocrx_word' id='word_1_86' title='bbox 1470 929 1532 955; x_wconf 85' lang='lat' dir='ltr'>rc-</span> 
     </span>
     <span class='ocr_line' id='line_1_13' title="bbox 215 981 1533 1038; baseline 0.002 -17"><span class='ocrx_word' id='word_1_87' title='bbox 215 981 570 1035; x_wconf 83' lang='lat' dir='ltr'>centioribusque</span> <span class='ocrx_word' id='word_1_88' title='bbox 598 982 836 1037; x_wconf 83' lang='lat' dir='ltr'>philologis</span> <span class='ocrx_word' id='word_1_89' title='bbox 865 983 1028 1023; x_wconf 83' lang='lat' dir='ltr'>iamdiu</span> <span class='ocrx_word' id='word_1_90' title='bbox 1056 991 1387 1038; x_wconf 76' lang='lat' dir='ltr'>praeoccupata.</span> <span class='ocrx_word' id='word_1_91' title='bbox 1429 982 1533 1024; x_wconf 87' lang='lat' dir='ltr'>illud</span> 
     </span>
     <span class='ocr_line' id='line_1_14' title="bbox 216 1050 1532 1105; baseline 0.002 -15"><span class='ocrx_word' id='word_1_92' title='bbox 216 1050 389 1104; x_wconf 85' lang='lat' dir='ltr'>dignius</span> <span class='ocrx_word' id='word_1_93' title='bbox 432 1059 689 1093; x_wconf 87' lang='lat' dir='ltr'>memoratu.</span> <span class='ocrx_word' id='word_1_94' title='bbox 742 1052 784 1093; x_wconf 88' lang='lat' dir='ltr'>in</span> <span class='ocrx_word' id='word_1_95' title='bbox 820 1065 872 1092; x_wconf 92' lang='lat' dir='ltr'>eo</span> <span class='ocrx_word' id='word_1_96' title='bbox 909 1052 1159 1105; x_wconf 82' lang='lat' dir='ltr'>conspirant</span> <span class='ocrx_word' id='word_1_97' title='bbox 1191 1053 1448 1094; x_wconf 87' lang='lat' dir='ltr'>vetustiores</span> <span class='ocrx_word' id='word_1_98' title='bbox 1490 1052 1532 1092; x_wconf 90' lang='lat' dir='ltr'>hi</span> 
     </span>
     <span class='ocr_line' id='line_1_15' title="bbox 215 1120 1534 1174; baseline 0 -14"><span class='ocrx_word' id='word_1_99' title='bbox 215 1125 350 1160; x_wconf 89' lang='lat' dir='ltr'>testes</span> <span class='ocrx_word' id='word_1_100' title='bbox 365 1126 413 1161; x_wconf 92' lang='lat' dir='ltr'>ut</span> <span class='ocrx_word' id='word_1_101' title='bbox 430 1134 529 1161; x_wconf 88' lang='lat' dir='ltr'>cum</span> <span class='ocrx_word' id='word_1_102' title='bbox 546 1121 679 1161; x_wconf 85' lang='lat' dir='ltr'>modo</span> <span class='ocrx_word' id='word_1_103' title='bbox 693 1120 792 1161; x_wconf 93' lang='lat' dir='ltr'>huic</span> <span class='ocrx_word' id='word_1_104' title='bbox 815 1121 948 1161; x_wconf 87' lang='lat' dir='ltr'>modo</span> <span class='ocrx_word' id='word_1_105' title='bbox 962 1120 1023 1160; x_wconf 90' lang='lat' dir='ltr'>illi</span> <span class='ocrx_word' id='word_1_106' title='bbox 1042 1120 1228 1162; x_wconf 84' lang='lat' dir='ltr'>familiae</span> <span class='ocrx_word' id='word_1_107' title='bbox 1246 1121 1534 1174; x_wconf 82' lang='lat' dir='ltr'>suffragentur</span> 
     </span>
     <span class='ocr_line' id='line_1_16' title="bbox 215 1190 1532 1244; baseline 0.001 -15"><span class='ocrx_word' id='word_1_108' title='bbox 215 1190 350 1230; x_wconf 88' lang='lat' dir='ltr'>modo</span> <span class='ocrx_word' id='word_1_109' title='bbox 379 1190 541 1244; x_wconf 87' lang='lat' dir='ltr'>pariter</span> <span class='ocrx_word' id='word_1_110' title='bbox 571 1191 627 1230; x_wconf 90' lang='lat' dir='ltr'>ab</span> <span class='ocrx_word' id='word_1_111' title='bbox 656 1190 860 1230; x_wconf 86' lang='lat' dir='ltr'>omnibus</span> <span class='ocrx_word' id='word_1_112' title='bbox 892 1190 1166 1240; x_wconf 79' lang='lat' dir='ltr'>dissentiant,</span> <span class='ocrx_word' id='word_1_113' title='bbox 1188 1197 1360 1231; x_wconf 81' lang='lat' dir='ltr'>textum</span> <span class='ocrx_word' id='word_1_114' title='bbox 1386 1196 1532 1231; x_wconf 88' lang='lat' dir='ltr'>tamen</span> 
     </span>
     <span class='ocr_line' id='line_1_17' title="bbox 215 1259 1533 1312; baseline 0.001 -14"><span class='ocrx_word' id='word_1_115' title='bbox 215 1260 454 1312; x_wconf 87' lang='lat' dir='ltr'>praebeant</span> <span class='ocrx_word' id='word_1_116' title='bbox 482 1260 558 1299; x_wconf 82' lang='lat' dir='ltr'>vix</span> <span class='ocrx_word' id='word_1_117' title='bbox 587 1273 614 1300; x_wconf 87' lang='lat' dir='ltr'>a</span> <span class='ocrx_word' id='word_1_118' title='bbox 645 1266 794 1300; x_wconf 88' lang='lat' dir='ltr'>nostro</span> <span class='ocrx_word' id='word_1_119' title='bbox 827 1260 1058 1300; x_wconf 88' lang='lat' dir='ltr'>diversum.</span> <span class='ocrx_word' id='word_1_120' title='bbox 1110 1260 1226 1300; x_wconf 88' lang='lat' dir='ltr'>unde</span> <span class='ocrx_word' id='word_1_121' title='bbox 1257 1259 1533 1300; x_wconf 84' lang='lat' dir='ltr'>absolvamus</span> 
     </span>
     <span class='ocr_line' id='line_1_18' title="bbox 216 1328 1532 1381; baseline 0.001 -13"><span class='ocrx_word' id='word_1_122' title='bbox 216 1342 389 1368; x_wconf 89' lang='lat' dir='ltr'>necesse</span> <span class='ocrx_word' id='word_1_123' title='bbox 421 1335 487 1369; x_wconf 87' lang='lat' dir='ltr'>est</span> <span class='ocrx_word' id='word_1_124' title='bbox 524 1328 819 1381; x_wconf 84' lang='lat' dir='ltr'>Byzantinum</span> <span class='ocrx_word' id='word_1_125' title='bbox 858 1328 978 1369; x_wconf 88' lang='lat' dir='ltr'>illum</span> <span class='ocrx_word' id='word_1_126' title='bbox 1015 1328 1308 1381; x_wconf 80' lang='lat' dir='ltr'>magistellum</span> <span class='ocrx_word' id='word_1_127' title='bbox 1343 1329 1471 1369; x_wconf 85' lang='lat' dir='ltr'>toties</span> <span class='ocrx_word' id='word_1_128' title='bbox 1507 1343 1532 1369; x_wconf 90' lang='lat' dir='ltr'>a</span> 
     </span>
     <span class='ocr_line' id='line_1_19' title="bbox 214 1395 1531 1451; baseline 0 -14"><span class='ocrx_word' id='word_1_129' title='bbox 214 1395 384 1438; x_wconf 87' lang='lat' dir='ltr'>Cobeto</span> <span class='ocrx_word' id='word_1_130' title='bbox 407 1398 674 1451; x_wconf 80' lang='lat' dir='ltr'>sugillatum.</span> <span class='ocrx_word' id='word_1_131' title='bbox 727 1398 938 1451; x_wconf 86' lang='lat' dir='ltr'>quicquid</span> <span class='ocrx_word' id='word_1_132' title='bbox 967 1397 1236 1450; x_wconf 80' lang='lat' dir='ltr'>corruptelae</span> <span class='ocrx_word' id='word_1_133' title='bbox 1267 1398 1438 1438; x_wconf 87' lang='lat' dir='ltr'>codices</span> <span class='ocrx_word' id='word_1_134' title='bbox 1471 1397 1531 1437; x_wconf 87' lang='lat' dir='ltr'>in-</span> 
     </span>
     <span class='ocr_line' id='line_1_20' title="bbox 213 1466 1533 1521; baseline -0.001 -14"><span class='ocrx_word' id='word_1_135' title='bbox 213 1468 385 1516; x_wconf 86' lang='lat' dir='ltr'>vaserit,</span> <span class='ocrx_word' id='word_1_136' title='bbox 423 1481 510 1508; x_wconf 89' lang='lat' dir='ltr'>non</span> <span class='ocrx_word' id='word_1_137' title='bbox 548 1468 891 1521; x_wconf 87' lang='lat' dir='ltr'>Byzantinorum</span> <span class='ocrx_word' id='word_1_138' title='bbox 933 1466 1200 1521; x_wconf 83' lang='lat' dir='ltr'>temporibus</span> <span class='ocrx_word' id='word_1_139' title='bbox 1242 1467 1283 1506; x_wconf 91' lang='lat' dir='ltr'>id</span> <span class='ocrx_word' id='word_1_140' title='bbox 1326 1467 1533 1508; x_wconf 85' lang='lat' dir='ltr'>accidisse</span> 
     </span>
     <span class='ocr_line' id='line_1_21' title="bbox 214 1534 1532 1588; baseline -0.001 -12"><span class='ocrx_word' id='word_1_141' title='bbox 214 1537 481 1578; x_wconf 89' lang='lat' dir='ltr'>credendum</span> <span class='ocrx_word' id='word_1_142' title='bbox 511 1544 574 1578; x_wconf 92' lang='lat' dir='ltr'>est</span> <span class='ocrx_word' id='word_1_143' title='bbox 605 1537 682 1578; x_wconf 88' lang='lat' dir='ltr'>sed</span> <span class='ocrx_word' id='word_1_144' title='bbox 715 1536 861 1577; x_wconf 85' lang='lat' dir='ltr'>multis</span> <span class='ocrx_word' id='word_1_145' title='bbox 890 1543 993 1577; x_wconf 90' lang='lat' dir='ltr'>ante</span> <span class='ocrx_word' id='word_1_146' title='bbox 1018 1535 1217 1576; x_wconf 88' lang='lat' dir='ltr'>saeculis.</span> <span class='ocrx_word' id='word_1_147' title='bbox 1269 1534 1302 1575; x_wconf 86' lang='lat' dir='ltr'>si</span> <span class='ocrx_word' id='word_1_148' title='bbox 1325 1535 1532 1588; x_wconf 82' lang='lat' dir='ltr'>epistolas</span> 
     </span>
     <span class='ocr_line' id='line_1_22' title="bbox 214 1604 1530 1660; baseline -0.002 -14"><span class='ocrx_word' id='word_1_149' title='bbox 214 1606 451 1659; x_wconf 83' lang='lat' dir='ltr'>exceperis,</span> <span class='ocrx_word' id='word_1_150' title='bbox 483 1606 663 1660; x_wconf 91' lang='lat' dir='ltr'>papyris</span> <span class='ocrx_word' id='word_1_151' title='bbox 693 1605 946 1647; x_wconf 89' lang='lat' dir='ltr'>auctoribus</span> <span class='ocrx_word' id='word_1_152' title='bbox 977 1618 1065 1645; x_wconf 91' lang='lat' dir='ltr'>non</span> <span class='ocrx_word' id='word_1_153' title='bbox 1095 1611 1161 1646; x_wconf 89' lang='lat' dir='ltr'>est</span> <span class='ocrx_word' id='word_1_154' title='bbox 1188 1604 1305 1658; x_wconf 89' lang='lat' dir='ltr'>quod</span> <span class='ocrx_word' id='word_1_155' title='bbox 1335 1604 1530 1645; x_wconf 87' lang='lat' dir='ltr'>codicum</span> 
     </span>
     <span class='ocr_line' id='line_1_23' title="bbox 212 1675 949 1717; baseline 0.001 -1"><span class='ocrx_word' id='word_1_156' title='bbox 212 1676 462 1717; x_wconf 84' lang='lat' dir='ltr'>auctoritati</span> <span class='ocrx_word' id='word_1_157' title='bbox 485 1676 666 1716; x_wconf 85' lang='lat' dir='ltr'>nimium</span> <span class='ocrx_word' id='word_1_158' title='bbox 688 1675 949 1717; x_wconf 76' lang='lat' dir='ltr'>diffidamus.</span> 
     </span>
    </p>

    <p class='ocr_par' dir='ltr' id='par_1_7' title="bbox 214 1743 1531 1862">
     <span class='ocr_line' id='line_1_24' title="bbox 274 1743 1531 1797; baseline -0.002 -13"><span class='ocrx_word' id='word_1_159' title='bbox 274 1744 416 1797; x_wconf 82' lang='lat' dir='ltr'>Epist.</span> <span class='ocrx_word' id='word_1_160' title='bbox 433 1745 516 1796; x_wconf 86' lang='grc' dir='ltr'>ΙΙΙ,</span> <span class='ocrx_word' id='word_1_161' title='bbox 537 1744 583 1797; x_wconf 52' lang='grc' dir='ltr'>ἓξ</span> <span class='ocrx_word' id='word_1_162' title='bbox 603 1743 727 1797; x_wconf 79' lang='lat'>1-38.</span> <span class='ocrx_word' id='word_1_163' title='bbox 778 1743 989 1785; x_wconf 82' lang='lat' dir='ltr'>Classical</span> <span class='ocrx_word' id='word_1_164' title='bbox 1012 1744 1277 1797; x_wconf 71' lang='lat' dir='ltr'>Texlsfivm</span> <span class='ocrx_word' id='word_1_165' title='bbox 1299 1743 1472 1796; x_wconf 73' lang='lat' dir='ltr'>Papyri</span> <span class='ocrx_word' id='word_1_166' title='bbox 1487 1744 1531 1783; x_wconf 72' lang='lat' dir='ltr'>izz</span> 
     </span>
     <span class='ocr_line' id='line_1_25' title="bbox 214 1813 1315 1862; baseline 0.002 -10"><span class='ocrx_word' id='word_1_167' title='bbox 214 1813 285 1853; x_wconf 70' lang='lat' dir='ltr'>tlte</span> <span class='ocrx_word' id='word_1_168' title='bbox 307 1813 477 1854; x_wconf 76' lang='lat' dir='ltr'>Brz‘lz&#39;slc</span> <span class='ocrx_word' id='word_1_169' title='bbox 498 1814 559 1853; x_wconf 86' lang='lat' dir='ltr'><em>M</em></span> <span class='ocrx_word' id='word_1_170' title='bbox 558 1827 716 1862; x_wconf 68' lang='lat' dir='ltr'>ascum,</span> <span class='ocrx_word' id='word_1_171' title='bbox 744 1813 1020 1854; x_wconf 76' lang='lat' dir='ltr'><em>CXXXIII.</em></span> <span class='ocrx_word' id='word_1_172' title='bbox 1043 1827 1154 1854; x_wconf 85' lang='lat' dir='ltr'>saec.</span> <span class='ocrx_word' id='word_1_173' title='bbox 1177 1813 1201 1854; x_wconf 91' lang='lat' dir='ltr'>i.</span> <span class='ocrx_word' id='word_1_174' title='bbox 1225 1823 1315 1854; x_wconf 84' lang='lat' dir='ltr'>A.C.</span> 
     </span>
    </p>

    <p class='ocr_par' dir='ltr' id='par_1_8' title="bbox 213 1868 1531 2421">
     <span class='ocr_line' id='line_1_26' title="bbox 273 1868 1531 1937; baseline 0 -14"><span class='ocrx_word' id='word_1_175' title='bbox 273 1882 422 1923; x_wconf 83' lang='lat' dir='ltr'>Novas</span> <span class='ocrx_word' id='word_1_176' title='bbox 444 1882 652 1924; x_wconf 83' lang='lat' dir='ltr'>lectiones</span> <span class='ocrx_word' id='word_1_177' title='bbox 673 1890 846 1923; x_wconf 89' lang='lat' dir='ltr'>centum</span> <span class='ocrx_word' id='word_1_178' title='bbox 871 1890 912 1923; x_wconf 92' lang='lat' dir='ltr'>et</span> <span class='ocrx_word' id='word_1_179' title='bbox 940 1883 1091 1936; x_wconf 85' lang='lat' dir='ltr'>viginti</span> <span class='ocrx_word' id='word_1_180' title='bbox 1118 1868 1309 1937; x_wconf 59' lang='lat' dir='ltr'>papy⁶rus</span> <span class='ocrx_word' id='word_1_181' title='bbox 1339 1883 1531 1936; x_wconf 88' lang='lat' dir='ltr'>praebet.</span> 
     </span>
     <span class='ocr_line' id='line_1_27' title="bbox 214 1951 1531 2005; baseline -0.002 -12"><span class='ocrx_word' id='word_1_182' title='bbox 214 1953 501 1993; x_wconf 86' lang='lat' dir='ltr'>recentiorum</span> <span class='ocrx_word' id='word_1_183' title='bbox 524 1956 533 1972; x_wconf 79' lang='lat'><em>‘</em></span> <span class='ocrx_word' id='word_1_184' title='bbox 554 1966 662 2005; x_wconf 87' lang='lat' dir='ltr'>quos</span> <span class='ocrx_word' id='word_1_185' title='bbox 689 1966 852 2005; x_wconf 88' lang='lat' dir='ltr'>aequus</span> <span class='ocrx_word' id='word_1_186' title='bbox 872 1953 1034 1993; x_wconf 84' lang='lat' dir='ltr'>amavit</span> <span class='ocrx_word' id='word_1_187' title='bbox 1051 1951 1075 2002; x_wconf 84' lang='lat'>&#39;,</span> <span class='ocrx_word' id='word_1_188' title='bbox 1097 1953 1368 1993; x_wconf 84' lang='lat' dir='ltr'>coniecturas</span> <span class='ocrx_word' id='word_1_189' title='bbox 1395 1967 1531 1992; x_wconf 84' lang='lat' dir='ltr'>novus</span> 
     </span>
     <span class='ocr_line' id='line_1_28' title="bbox 214 2019 1531 2074; baseline -0.002 -12"><span class='ocrx_word' id='word_1_190' title='bbox 214 2021 282 2062; x_wconf 92' lang='lat' dir='ltr'>hic</span> <span class='ocrx_word' id='word_1_191' title='bbox 298 2021 418 2061; x_wconf 86' lang='lat' dir='ltr'>testis</span> <span class='ocrx_word' id='word_1_192' title='bbox 437 2020 664 2060; x_wconf 77' lang='lat' dir='ltr'>confirmat</span> <span class='ocrx_word' id='word_1_193' title='bbox 689 2020 734 2073; x_wconf 56' lang='lat'>{³}</span> <span class='ocrx_word' id='word_1_194' title='bbox 756 2034 794 2072; x_wconf 79' lang='lat'>9,</span> <span class='ocrx_word' id='word_1_195' title='bbox 821 2032 888 2073; x_wconf 80' lang='lat'>13,</span> <span class='ocrx_word' id='word_1_196' title='bbox 908 2030 1057 2073; x_wconf 84' lang='lat'>15,17,</span> <span class='ocrx_word' id='word_1_197' title='bbox 1081 2033 1128 2062; x_wconf 83' lang='lat'>21</span> <span class='ocrx_word' id='word_1_198' title='bbox 1155 2019 1269 2074; x_wconf 87' lang='lat' dir='ltr'>(bis),</span> <span class='ocrx_word' id='word_1_199' title='bbox 1295 2031 1362 2073; x_wconf 79' lang='lat'>25,</span> <span class='ocrx_word' id='word_1_200' title='bbox 1380 2031 1443 2073; x_wconf 85' lang='lat'>27,</span> <span class='ocrx_word' id='word_1_201' title='bbox 1463 2020 1531 2070; x_wconf 84' lang='lat'>28,</span> 
     </span>
     <span class='ocr_line' id='line_1_29' title="bbox 215 2090 1530 2143; baseline 0.001 -14"><span class='ocrx_word' id='word_1_202' title='bbox 215 2102 269 2143; x_wconf 86' lang='lat'>30</span> <span class='ocrx_word' id='word_1_203' title='bbox 288 2090 402 2143; x_wconf 85' lang='lat' dir='ltr'>(bis),</span> <span class='ocrx_word' id='word_1_204' title='bbox 418 2101 466 2142; x_wconf 83' lang='lat'>31</span> <span class='ocrx_word' id='word_1_205' title='bbox 479 2123 487 2139; x_wconf 89' lang='lat'><em>‚</em></span> <span class='ocrx_word' id='word_1_206' title='bbox 502 2100 555 2142; x_wconf 80' lang='lat'>32</span> <span class='ocrx_word' id='word_1_207' title='bbox 577 2090 691 2142; x_wconf 78' lang='lat' dir='ltr'>(bis),</span> <span class='ocrx_word' id='word_1_208' title='bbox 709 2090 761 2142; x_wconf 75' lang='lat'>38</span> <span class='ocrx_word' id='word_1_209' title='bbox 781 2103 789 2139; x_wconf 90' lang='lat'>;</span> <span class='ocrx_word' id='word_1_210' title='bbox 820 2090 1047 2130; x_wconf 82' lang='lat' dir='ltr'>veritatem</span> <span class='ocrx_word' id='word_1_211' title='bbox 1062 2090 1177 2129; x_wconf 85' lang='lat' dir='ltr'>haud</span> <span class='ocrx_word' id='word_1_212' title='bbox 1195 2091 1325 2130; x_wconf 88' lang='lat' dir='ltr'>dubie</span> <span class='ocrx_word' id='word_1_213' title='bbox 1342 2098 1530 2142; x_wconf 82' lang='lat' dir='ltr'>praestat</span> 
     </span>
     <span class='ocr_line' id='line_1_30' title="bbox 214 2158 1531 2212; baseline 0 -13"><span class='ocrx_word' id='word_1_214' title='bbox 214 2160 287 2200; x_wconf 89' lang='lat' dir='ltr'>ubi</span> <span class='ocrx_word' id='word_1_215' title='bbox 310 2159 481 2199; x_wconf 89' lang='lat' dir='ltr'>codices</span> <span class='ocrx_word' id='word_1_216' title='bbox 502 2159 606 2199; x_wconf 88' lang='lat' dir='ltr'>satis</span> <span class='ocrx_word' id='word_1_217' title='bbox 628 2159 830 2211; x_wconf 85' lang='lat' dir='ltr'>gravibus</span> <span class='ocrx_word' id='word_1_218' title='bbox 854 2158 1051 2199; x_wconf 84' lang='lat' dir='ltr'>laborant</span> <span class='ocrx_word' id='word_1_219' title='bbox 1072 2160 1327 2212; x_wconf 84' lang='lat' dir='ltr'>corruptelis</span> <span class='ocrx_word' id='word_1_220' title='bbox 1349 2173 1438 2212; x_wconf 63' lang='lat' dir='ltr'>eg.</span> <span class='ocrx_word' id='word_1_221' title='bbox 1461 2159 1482 2212; x_wconf 63' lang='lat' dir='ltr'>{s</span> <span class='ocrx_word' id='word_1_222' title='bbox 1503 2171 1531 2208; x_wconf 82' lang='lat'>4</span> 
     </span>
     <span class='ocr_line' id='line_1_31' title="bbox 215 2226 1530 2282; baseline 0.001 -13"><span class='ocrx_word' id='word_1_223' title='bbox 215 2229 344 2269; x_wconf 85' lang='grc' dir='ltr'>εἵλετο</span> <span class='ocrx_word' id='word_1_224' title='bbox 362 2228 466 2282; x_wconf 88' lang='lat' dir='ltr'>Pap.</span> <span class='ocrx_word' id='word_1_225' title='bbox 487 2242 496 2269; x_wconf 89' lang='lat'><strong>:</strong></span> <span class='ocrx_word' id='word_1_226' title='bbox 513 2227 644 2279; x_wconf 84' lang='grc' dir='ltr'>εἴχετο</span> <span class='ocrx_word' id='word_1_227' title='bbox 660 2227 808 2267; x_wconf 83' lang='grc' dir='ltr'>τούτων</span> <span class='ocrx_word' id='word_1_228' title='bbox 824 2228 950 2268; x_wconf 87' lang='lat' dir='ltr'>codd.</span> <span class='ocrx_word' id='word_1_229' title='bbox 967 2242 976 2278; x_wconf 86' lang='lat'>;</span> <span class='ocrx_word' id='word_1_230' title='bbox 1010 2226 1031 2282; x_wconf 60' lang='grc' dir='ltr'>ξ</span> <span class='ocrx_word' id='word_1_231' title='bbox 1050 2240 1065 2267; x_wconf 89' lang='grc'>1</span> <span class='ocrx_word' id='word_1_232' title='bbox 1077 2241 1100 2282; x_wconf 82' lang='lat'>3</span> <span class='ocrx_word' id='word_1_233' title='bbox 1120 2228 1161 2267; x_wconf 77' lang='grc' dir='ltr'>ἐυ</span> <span class='ocrx_word' id='word_1_234' title='bbox 1176 2228 1376 2282; x_wconf 76' lang='grc' dir='ltr'>παρρησίᾳ</span> <span class='ocrx_word' id='word_1_235' title='bbox 1392 2228 1530 2277; x_wconf 74' lang='grc' dir='ltr'>ζῶντες</span> 
     </span>
     <span class='ocr_line' id='line_1_32' title="bbox 213 2294 1528 2352; baseline 0 -14"><span class='ocrx_word' id='word_1_236' title='bbox 213 2297 318 2350; x_wconf 84' lang='lat' dir='ltr'>Pap.</span> <span class='ocrx_word' id='word_1_237' title='bbox 342 2313 351 2338; x_wconf 91' lang='lat'><strong>:</strong></span> <span class='ocrx_word' id='word_1_238' title='bbox 374 2295 594 2352; x_wconf 82' lang='grc' dir='ltr'>(Ἀθηναῖοι</span> <span class='ocrx_word' id='word_1_239' title='bbox 629 2297 738 2337; x_wconf 67' lang='grc' dir='ltr'>ὄντες</span> <span class='ocrx_word' id='word_1_240' title='bbox 776 2294 854 2349; x_wconf 73' lang='grc' dir='ltr'>καὶ)</span> <span class='ocrx_word' id='word_1_241' title='bbox 892 2297 1078 2338; x_wconf 81' lang='grc' dir='ltr'>παιδείας</span> <span class='ocrx_word' id='word_1_242' title='bbox 1108 2296 1341 2349; x_wconf 72' lang='grc' dir='ltr'>μετέχοντες</span> <span class='ocrx_word' id='word_1_243' title='bbox 1374 2297 1528 2345; x_wconf 86' lang='lat' dir='ltr'>codd.;</span> 
     </span>
     <span class='ocr_line' id='line_1_33' title="bbox 214 2364 1531 2421; baseline 0 -16"><span class='ocrx_word' id='word_1_244' title='bbox 214 2366 236 2421; x_wconf 55' lang='lat' dir='ltr'>s}</span> <span class='ocrx_word' id='word_1_245' title='bbox 258 2378 312 2420; x_wconf 84' lang='lat'>30</span> <span class='ocrx_word' id='word_1_246' title='bbox 335 2364 534 2416; x_wconf 80' lang='grc' dir='ltr'>ἀνέδειξεν</span> <span class='ocrx_word' id='word_1_247' title='bbox 557 2364 688 2417; x_wconf 57' lang='lat' dir='ltr'>Pap:</span> <span class='ocrx_word' id='word_1_248' title='bbox 723 2365 936 2419; x_wconf 67' lang='grc' dir='ltr'>ἀνέχεσθαι</span> <span class='ocrx_word' id='word_1_249' title='bbox 963 2366 1088 2406; x_wconf 86' lang='lat' dir='ltr'>codd.</span> <span class='ocrx_word' id='word_1_250' title='bbox 1110 2379 1118 2414; x_wconf 86' lang='lat'><em>;</em></span> <span class='ocrx_word' id='word_1_251' title='bbox 1151 2366 1172 2418; x_wconf 54' lang='grc' dir='ltr'>ζ</span> <span class='ocrx_word' id='word_1_252' title='bbox 1196 2378 1243 2418; x_wconf 74' lang='lat'>31</span> <span class='ocrx_word' id='word_1_253' title='bbox 1273 2366 1296 2404; x_wconf 63' lang='lat' dir='ltr'>a</span> <span class='ocrx_word' id='word_1_254' title='bbox 1324 2369 1531 2406; x_wconf 80' lang='grc' dir='ltr'>λυσιτελεῖ</span> 
     </span>
    </p>

    <p class='ocr_par' dir='ltr' id='par_1_9' title="bbox 849 2449 896 2471">
     <span class='ocr_line' id='line_1_34' title="bbox 849 2449 896 2471; baseline 0 0"><span class='ocrx_word' id='word_1_255' title='bbox 849 2449 896 2471; x_wconf 73' lang='grc' dir='ltr'>ΧΗ</span> 
     </span>
    </p>
   </div>
  </div>
 </body>
</html>
