1763 2778
152 135 296 190 [1394]
727 132 1244 189 [ΔΙΙΜΟΣΘΕΝΟΎΣ]
1581 131 1641 188 [ιχ

318 238 427 279 ἔστιν
461 236 550 290 γάρ,
579 236 688 277 ἔστιν
723 235 881 287 ἀπάσης
909 236 1050 287 ἀρετῆς
1081 234 1183 288 ἀρχὴ
1215 236 1288 286 μὲν
1317 235 1493 283 σύνεσις,
1519 235 1640 289 πέρας

319 305 350 345 δ’
376 306 546 357 ἀνδρεία·
586 304 648 344 καὶ
672 310 719 361 τῇ
743 306 814 354 μὲν
844 302 1092 354 δοκιμάζεται
1115 303 1157 343 τί
1179 302 1371 355 πρακτέον
1396 303 1499 353 ἐστί,
1525 304 1572 360 τῇ
1597 305 1639 344 δὲ

258 383 299 418 18
320 370 493 427 σῴζεται.
554 372 597 411 ἐν
622 370 774 412 τούτοις
798 369 1038 422 ἀμφοτέροις
1062 370 1144 410 οἵδε
1169 370 1271 410 πολὺ
1290 368 1512 422 διήνεγκαν.
1577 370 1639 410 καὶ

319 440 393 491 γὰρ
429 440 465 479 εἴ
499 455 558 481 τις
592 438 736 490 ἐφύετο
773 437 900 478 κοινὸς
937 440 1060 477 πᾶσιν
1098 438 1274 480 κίνδυνος
1306 441 1390 479 τοῖς
1419 435 1636 488 “Ελλησιν,

319 506 425 545 οὗτοι
451 509 598 558 πρῶτοι
620 505 850 557 προείδοντο
877 504 939 545 καὶ
958 503 1152 546 πολλάκις
1171 505 1228 546 εἷς
1245 505 1444 556 σωτηρίαν
1463 503 1639 547 ἅπαντας
1659 517 1676 549 5

317 571 609 624 παρεκάλεσαν,
635 572 732 624 ὅπερ
756 571 914 623 γνώμης
947 570 1145 622 ἀπόδειξίς
1175 572 1286 612 ἐστιν
1318 571 1361 612 εὖ
1394 572 1636 624 φρονούσης·

318 639 382 680 καὶ
405 642 474 690 τῆς
498 641 604 691 παρὰ
627 642 710 681 τοῖς
726 637 932 688 ”Ἐλλησιν
955 638 1115 690 ἀγνοίας
1139 637 1403 692 μεμειγμένης
1429 639 1554 693 κακίᾳ,
1580 637 1637 678 ὅτ’

317 707 409 756 ἐνῆν
434 710 555 746 ταῦτα
588 706 754 746 κωλύειν
785 706 995 758 ἀσφαλῶς,
1022 707 1071 745 τὰ
1092 707 1167 757 μὲν
1190 704 1237 746 οὐ
1258 706 1492 758 προορώσης
1522 707 1571 745 τὰ
1603 705 1637 747 δ’

317 772 632 824 εἰρωνευομένης,
659 774 776 824 ὅμως,
795 772 902 826 ἡνίχ’
928 771 1158 823 ὑπήκουσαν
1184 772 1247 813 καὶ
1271 774 1320 813 τὰ
1343 772 1485 814 δέοντα
1509 777 1638 814 ποιεῖν

315 839 533 891 ἠθέλησαν,
581 839 649 880 οὐκ
708 839 1044 891 ἐμνησικάκησαν,
1103 840 1212 880 ἀλλὰ
1271 839 1516 892 προστάντες
1574 840 1636 881 καὶ
1660 857 1698 880 ιο

316 908 591 961 παρασχόντες
627 906 782 948 ἅπαντα
818 907 1037 959 προθύμως,
1065 907 1128 947 καὶ
1159 907 1323 958 σώματα
1361 906 1422 947 καὶ
1454 905 1638 960 χρήματα

317 974 379 1015 καὶ
405 973 648 1028 συμμάχους,
677 975 732 1016 εἷς
764 978 904 1025 πεῖραν
935 972 1060 1024 ἦλθον
1093 975 1258 1027 ἀγῶνος,
1286 975 1340 1017 εἷς
1374 973 1418 1015 ὃν
1448 973 1535 1015 οὐδὲ
1566 976 1636 1025 τῆς

255 1056 296 1092 19
315 1044 450 1095 ψυχῆς
486 1043 715 1094 ἐφείσαντο.
787 1040 833 1092 ἐξ
867 1038 1040 1093 ἀνάγκης
1076 1043 1117 1082 δὲ
1151 1042 1379 1092 συμβαίνει,
1404 1043 1500 1082 ὅταν
1530 1039 1634 1095 μάχη

315 1109 510 1160 γίγνηται,
537 1112 619 1150 τοῖς
650 1110 723 1159 μὲν
750 1108 959 1159 ἡττᾶσθαι,
986 1112 1068 1150 τοῖς
1101 1110 1144 1150 δὲ
1172 1111 1297 1150 νικᾶν·
1336 1108 1404 1149 οὐκ
1440 1108 1489 1149 ἂν
1519 1107 1632 1159 ὀκνή·

317 1192 429 1226 σαιμι
454 1174 488 1216 δ’
514 1176 638 1216 εἰπεῖν
656 1176 716 1216 ὅτι
741 1192 808 1226 μοι
833 1178 1016 1216 δοκοῦσιν
1040 1177 1076 1216 οἱ
1101 1179 1360 1219 τελευτῶντες
1378 1174 1574 1228 ἑκατέρων
1593 1177 1636 1217 ἐν
1658 1194 1694 1226 15

314 1240 423 1294 τάξει
445 1244 511 1293 τῆς
535 1244 607 1294 μὲν
631 1242 750 1293 ἥττης
774 1243 820 1284 οὐ
843 1241 1040 1296 μετέχειν,
1062 1246 1173 1283 νικᾶν
1192 1242 1223 1283 δ’
1242 1243 1384 1294 ὁμοίως
1401 1243 1634 1295 ἀμφότεροι.

314 1310 360 1350 τὸ
382 1312 455 1361 μὲν
479 1311 555 1362 γὰρ
581 1313 736 1361 κρατεῖν
762 1310 806 1351 ἐν
828 1313 911 1351 τοῖς
939 1310 1071 1360 ζῶσιν,
1095 1309 1146 1353 ὣς
1168 1308 1218 1351 ἂν
1241 1310 1262 1350 ὁ
1287 1311 1434 1361 δαίμων
1460 1313 1633 1366 παραδῷ,
1678 1298 1683 1306 .

315 1378 500 1428 κρίνεται·
538 1375 559 1417 ὃ
588 1376 621 1417 δ’
647 1378 701 1418 εἰς
734 1376 838 1417 τοῦθ’
868 1377 1041 1418 ἕκαστον
1077 1378 1155 1418 ἔδει
1187 1375 1483 1430 παρασχέσθαι,
1509 1379 1586 1420 πᾶς
1613 1377 1636 1418 ὅ

312 1443 442 1495 μένων
468 1442 524 1497 [ἐν
542 1440 661 1496 τάξει]
687 1445 913 1494 πεποίηκεν.
965 1445 998 1486 εἰ
1017 1446 1060 1486 δὲ
1079 1443 1219 1495 θνητὸς
1239 1443 1293 1485 ὢν
1310 1443 1384 1494 τὴν
1399 1443 1636 1497 εἱμαρμένην

315 1510 448 1565 ἔσχεν,
485 1517 532 1568 τῇ
568 1510 666 1567 τύχῃ
704 1510 877 1552 πέπονθε
913 1510 958 1551 τὸ
996 1514 1235 1562 συμβαῖνον,
1264 1510 1354 1564 οὐχὶ
1390 1510 1463 1562 τὴν
1497 1510 1635 1564 ψυχὴν
1656 1532 1696 1555 20

251 1594 295 1619 20
314 1577 478 1628 ἥττηται
500 1582 580 1618 τῶν
605 1578 805 1619 ἐναντίων.
877 1578 1020 1629 νομίζω
1046 1578 1178 1619 τοίνυν
1213 1578 1275 1619 καὶ
1305 1582 1374 1618 τοῦ
1403 1580 1475 1629 τῆς
1501 1578 1635 1631 χώρας

153 1648 292 1702 [1395]
314 1645 422 1696 ἡμῶν
446 1644 499 1696 μὴ
526 1646 716 1696 ἐπιβῆναι
748 1645 838 1687 τοὺς
871 1646 1083 1696 πολεμίους
1121 1645 1216 1698 πρὸς
1252 1645 1294 1702 τῖ’
1331 1649 1410 1686 τῶν
1444 1645 1636 1686 ἐναντίων

313 1712 577 1768 ἀγνωμοσύνῃ
615 1711 686 1762 τὴν
724 1712 873 1752 τούτων
911 1711 1055 1763 ἀρετὴν
1092 1713 1222 1753 αἰτίαν
1258 1714 1512 1765 γεγενῆσθαι·
1551 1712 1633 1752 κατ’

314 1778 436 1831 ἄνδρα
460 1780 536 1831 γὰρ
560 1783 699 1831 πεῖραν
726 1779 938 1831 εἰληφότες
963 1781 999 1819 οἱ
1025 1779 1114 1820 τότε
1139 1778 1422 1830 συμμείξαντες
1447 1780 1541 1826 ἐκεῖ,
1565 1778 1635 1820 οὐκ

314 1845 524 1896 ἐβούλοντ’
539 1846 647 1887 αὖθις
673 1847 727 1887 εἷς
747 1846 881 1898 ἀγῶνα
901 1847 1165 1887 καθίστασθαι
1183 1849 1264 1888 τοῖς
1284 1847 1444 1887 ἐκείνων
1462 1847 1632 1893 οἰκείοις,
1657 1871 1694 1904 ²5

312 1912 667 1964 ὑπολαμβάνοντες
703 1916 788 1954 ταῖς
825 1915 898 1964 μὲν
939 1913 1114 1966 φύσεσιν
1150 1918 1234 1955 ταῖς
1271 1914 1422 1965 ὁμοίαις
1459 1912 1632 1964 ἀπαντή-

313 1981 470 2026 σεσθαι,
508 1980 632 2033 τύχην
670 1978 702 2019 δ’
739 1980 808 2020 οὐκ
850 1979 1018 2031 εὔπορον
1057 1980 1157 2021 εἶναι
1194 1979 1264 2031 τὴν
1300 1981 1439 2032 ὁμοίαν
1474 1985 1633 2032 λαβεῖν.

313 2049 432 2096 δηλοῖ
452 2046 484 2087 δ’
511 2046 585 2100 οὐχ
609 2045 742 2097 ἥκισθ’
765 2047 826 2087 ὅτι
851 2047 959 2086 ταῦθ’
986 2047 1106 2089 οὕτως
1132 2047 1218 2101 ἔχει
1248 2048 1309 2088 καὶ
1338 2046 1386 2088 τὰ
1417 2049 1486 2098 τῆς
1515 2065 1631 2101 γεγο-

313 2114 423 2155 νυίας
455 2112 622 2165 εἰρήνης·
661 2113 705 2153 οὐ
729 2112 804 2166 γὰρ
832 2113 960 2154 ἔνεστ’
986 2115 1111 2155 εἰπεῖν
1136 2114 1215 2155 οὔτ’
1240 2114 1513 2167 ἀληθεστέραν
1544 2115 1635 2156 οὔτε

315 2181 464 2221 καλλίω
497 2181 702 2233 πρόφασιν
733 2184 802 2221 τοῦ
834 2183 904 2232 τῆς
940 2184 1017 2221 τῶν
1052 2182 1385 2231 τετελευτηκότων
1421 2181 1634 2234 ἀγασθέντ’
1656 2195 1697 2226 30

356 2299 420 2327 2-3
444 2290 501 2321 τί.
520 2311 528 2320 .
549 2312 556 2320 .
577 2288 708 2330 σῴζεται
725 2300 790 2320 om.
811 2289 887 2320 SY¹
999 2300 1020 2330 3
1043 2291 1168 2323 τούτοις
1183 2290 1243 2332 (δ’)
1260 2290 1387 2321 Reiske
1490 2301 1509 2330 5
1533 2292 1633 2332 προεί-

312 2340 408 2365 λοντο
425 2331 463 2363 Sl
563 2334 584 2363 6
598 2332 755 2373 ἀπόδειξις
771 2344 835 2365 om.
856 2333 899 2363 Y¹
1000 2344 1017 2373 7
1042 2334 1115 2374 τῆς]
1135 2336 1203 2366 τοῖς
1220 2334 1243 2365 S
1343 2335 1363 2364 8
1386 2334 1436 2374 οὐ]
1455 2335 1509 2366 οὖν
1525 2335 1549 2365 S
1565 2334 1634 2373 FQ

315 2387 350 2415 17
378 2376 473 2416 ζῶσιν
497 2376 603 2407 codd:
639 2379 762 2417 ἀγῶσιν
788 2376 890 2407 Weil.
918 2377 959 2408 cs.
990 2377 1068 2407 xviii
1097 2378 1159 2417 289
1288 2388 1327 2417 19
1351 2380 1385 2409 ἐν
1407 2377 1493 2418 τάξει
1517 2388 1581 2410 om.
1607 2377 1634 2409 S

311 2430 351 2458 24
377 2420 548 2452 ἐκεῖοοάἀ.
565 2430 572 2450 :
589 2421 720 2452 ἐκείνοις
733 2430 798 2458 mg.
814 2420 892 2451 edit.
909 2420 1013 2452 Paris.
1028 2421 1200 2461 (Cronerffi
1292 2431 1332 2460 25
1357 2424 1423 2453 τοῖς
1441 2444 1448 2452 .
1463 2444 1470 2452 .
1488 2444 1494 2451 .
1510 2422 1634 2454 οἰκείοις

310 2462 341 2493 Y
354 2473 390 2494 r:
409 2466 474 2496 τοῖς
492 2486 499 2494 .
517 2485 524 2495 .
541 2485 549 2495 .
568 2464 697 2496 οἰκείους
715 2462 753 2494 S¹
769 2474 776 2494 z
799 2465 873 2496 τοὺς
890 2486 898 2495 .
915 2486 922 2494 .
937 2487 944 2495 .
963 2465 1094 2496 οἰκείους
1106 2464 1130 2495 S
1142 2474 1224 2496 corr.
1240 2464 1266 2495 F
1279 2464 1309 2502 Q
1355 2475 1398 2503 30
1413 2464 1483 2505 τοῦ]
1496 2464 1604 2496 aures
1617 2473 1634 2495 r
