1763 2778
168 143 268 197 XLVI]
504 146 666 184 ΚΑΤΑ
715 146 1057 183 ΣΤΕΦΑΝΟΤ
1106 146 1135 182 Β
1518 140 1650 194 [1136]

751 268 908 298 ΝΟΜΟΣ.

216 345 229 359 ΡΙ
341 343 356 360 ᾖ
506 345 518 359 Ι
589 343 604 358 ⁵!
744 345 753 357 t
766 343 775 355 Ι
849 344 858 357 e
966 341 976 355 N
1123 344 1139 353 ἢ
1236 343 1262 356 ’ἱ
1320 343 1330 357 ³
1425 342 1434 354 Ι

231 348 264 382 O
283 362 318 383 τι
338 362 382 383 αν
400 361 564 396 γνησιων
583 360 697 381 οντων
719 361 823 381 υιεων
844 361 862 381 ο
885 359 1017 391 πατηρ·
1033 341 1202 391 διαθηται
1230 359 1292 379 εαν
1311 342 1498 380 αποθανω-

166 417 229 438 σιν
248 400 282 437 οἶ
301 401 387 439 υἱεῖς
405 399 491 449 πρὶν
507 398 566 436 ἐπὶ
586 398 698 438 δίετες
717 399 829 447 ἡβᾶν,
846 398 914 446 τὴν
932 399 998 435 τοῦ
1017 396 1156 447 πατρὸς
1175 397 1352 446 διαθήκην
1372 398 1497 446 κυρίαν

183 453 201 469 9

166 471 266 492 ειναι.

127 586 145 618 5
233 566 387 606 Οὐκοῦν
423 565 543 607 ὁπότ-ε
580 565 711 615 ζῶσιν,
746 563 886 617 ἄκυρος
924 566 997 616 μὲν
1035 563 1057 615 ἡ
1097 562 1257 615 διαθηκη
1296 565 1419 612 εστίι
1446 583 1495 616 ην
1516 578 1557 614 25

166 638 294 687 φασιν
330 632 438 673 οὗτοι
468 636 538 673 τὸν
570 631 720 684 πατέρα
747 635 991 678 καταλιπεῖν,
1017 633 1122 684 παρὰ
1157 631 1306 673 πάντας
1335 634 1377 672 δὲ
1407 632 1495 674 τοὺς

164 701 308 751 νόμους
340 699 611 752 μεμαρτύρηκε
649 698 852 752 Στέφανος
889 699 1026 740 οὑτοσὶ
1057 716 1106 740 τα
1135 701 1279 752 ψευδη,
1307 699 1358 740 ὡς
1387 700 1492 739 ἀντί-

164 766 301 820 γραφά
324 768 413 808 ἐστι
437 769 506 818 τῆς
531 765 716 817 διαθήκης
735 768 804 817 τῆς
829 766 1056 809 Πασίωνος·
1094 770 1175 808 πῶς
1195 768 1270 819 γὰρ
1292 766 1341 806 σὺ
1361 766 1491 811 οἶσθα,

166 835 228 875 καὶ
260 838 335 876 ποῦ
364 835 682 888 παραγενόμενος
712 832 965 888 διατιθεμένῳ
991 837 1043 889 τῷ
1070 835 1207 886 πατρί;
1245 837 1494 887 κακοτεχνῶν

108 921 146 943 10
165 904 208 943 δὲ
239 903 376 955 φαίνει
410 902 499 954 περὶ
536 903 606 944 τὰς
638 902 759 947 δίκας,
791 903 840 941 τέι
875 903 1004 953 ψευδῆ
1036 903 1110 952 μὲν
1147 900 1262 943 αὐτὸς
1290 905 1494 953 μαρτυρῶν

165 969 341 1020 ἑτοίμως,
371 968 551 1010 κλέπτων
582 971 626 1010 δὲ
657 968 725 1010 τὰς
762 969 925 1019 ἀληθεῖς
958 969 1182 1021 μαρτυρίας,
1212 968 1417 1018 ἐξαπατῶν
1453 971 1493 1009 δὲ

163 1035 255 1078 τοὺς
278 1035 479 1084 δικαστάς,
501 1034 792 1086 συνιστάμενος
815 1034 849 1075 δ’
874 1035 938 1076 ἐπὶ
957 1040 1043 1078 ταῖς
1064 1037 1200 1077 δίκαις.
1252 1037 1287 1076 οἱ
1313 1037 1354 1075 δὲ
1380 1036 1494 1087 νόμοι

165 1103 227 1144 καὶ
270 1103 357 1156 περὶ
409 1107 488 1144 τῶν
535 1103 723 1144 τοιούτων
765 1102 924 1156 γραφὴν
973 1101 1250 1153 πεποιήκασιν.
1325 1103 1392 1143 καί
1429 1120 1494 1154 μοι
1516 1105 1558 1137 26

164 1170 365 1223 ἀνάγνωθι
386 1170 456 1212 τὸν
483 1171 616 1222 νόμον.

106 1278 143 1310 15
742 1273 903 1303 ΝοΜοΣ.
1519 1265 1642 1319 [1137]

216 1345 305 1386 Ἐάν
323 1364 379 1388 τις
397 1349 628 1397 συνιστῆται,
650 1346 673 1398 ἢ
694 1347 898 1398 συνδεκάζῃ
918 1347 985 1397 τὴν
1011 1348 1160 1396 ἡλιαίαν
1180 1345 1203 1397 ἦ
1223 1350 1294 1386 τῶν
1321 1346 1496 1395 δικαστη-

163 1403 250 1452 ρίων
278 1419 315 1441 τι
343 1405 415 1441 τῶν
444 1402 650 1452 Ἀθήνησιν
677 1401 701 1452 ἢ
729 1403 796 1452 τὴν
825 1402 974 1452 βουλὴν
1004 1403 1063 1440 ἐπὶ
1094 1402 1294 1453 δωροδοκίᾳ
1322 1402 1497 1452 χρήματα

164 1455 320 1497 διδοὺς
301 1475 324 1507 η
344 1455 591 1508 δεχόμενος,
572 1475 596 1507 η
617 1458 794 1507 εταιρείαν
815 1459 976 1507 συνιστῇ
992 1457 1051 1494 ἐπὶ
1069 1458 1210 1494 καταλι
1206 1473 1270 1493 σει
1285 1459 1350 1494 τοῦ
1367 1456 1495 1505 δημου,

163 1529 188 1561 η
206 1512 413 1563 συνήγορος
442 1511 489 1550 ὢν
517 1512 698 1562 λαμβάνῃ
727 1512 900 1562 χρήματα
927 1511 986 1548 ἐπὶ
1013 1513 1092 1551 ταῖς
1117 1511 1232 1550 δικαις
1251 1512 1331 1550 ταῖς
1351 1509 1492 1550 ἷδιαις
1473 1528 1496 1560 η

105 1583 145 1606 20
164 1566 370 1617 δημοσίαις,
390 1567 529 1605 τούτων
549 1566 639 1605 εἶναι
657 1568 723 1607 τὰς
741 1567 888 1618 ’γραφὰς
907 1564 997 1616 πρὸς
1017 1566 1101 1606 τοὺς
1122 1565 1361 1615 θεσμοθέτας.

231 1675 384 1720 Ἡδέως
415 1676 463 1718 ἂν
495 1678 628 1719 τοίνυν
651 1678 751 1729 ὑμᾶς
777 1678 936 1730 ἐροίμην
964 1677 1028 1718 ἐπὶ
1053 1676 1206 1718 τούτοις
1231 1675 1370 1722 ἅπασι,
1399 1676 1496 1716 κατὰ
1517 1685 1561 1720 27

166 1745 302 1788 ποίους
335 1746 478 1797 νόμους
513 1746 761 1797 ὀμωμοκότες
792 1744 978 1795 δικάζετε,
1007 1744 1153 1795 πότερα
1180 1745 1276 1784 κατὰ
1309 1743 1397 1785 τοὺς
1429 1745 1497 1793 τῆς

165 1812 320 1855 πόλεως
355 1810 379 1864 ἢ
419 1812 504 1853 καθ’
544 1813 610 1854 οὓς
646 1814 833 1865 Φορμίων
877 1813 978 1866 αὐτῷ
1023 1813 1240 1862 νομοθετεῖ.
1312 1811 1389 1862 ἐγὼ
1426 1811 1498 1862 μὲν

166 1883 299 1921 τοίνυν
321 1880 483 1922 τούτους
506 1879 728 1933 παρέχομαι
752 1881 855 1930 ὑμῖν,
884 1879 947 1919 καὶ
974 1877 1175 1931 ἐξελέγχω
1200 1877 1340 1919 αὐτοὺς
1365 1878 1495 1930 ἀμφο-

109 1968 147 2001 25
167 1945 301 1998 τέρους
324 1947 671 2000 παραβεβηκότας,
698 1947 912 1998 Φορμίωνα
935 1948 1008 1997 μὲν
1035 1944 1081 1996 ἐξ
1106 1946 1231 1999 ἀρχῆς
1256 1943 1497 1995 ἀδικήσαντα

166 2012 266 2064 ἡμᾶς
292 2014 355 2054 καὶ
373 2013 705 2066 ἀποστερήσαντα
729 2016 777 2055 τὰ
802 2013 998 2067 χρήματα,
1020 2013 1044 2053 δι
1069 2013 1090 2052 ὁ
1114 2011 1243 2065 πατὴρ
1266 2011 1358 2063 ἡμῖν
1384 2010 1494 2051 κατέ-

167 2084 284 2122 λιπεν
326 2082 390 2122 καὶ
431 2083 633 2133 ἐμίσθωσε
679 2081 804 2137 τούτῳ
847 2083 946 2132 μετὰ
988 2082 1056 2131 τῆς
1099 2079 1291 2132 τραπέζης
1329 2078 1392 2118 καὶ
1428 2081 1497 2119 τοῦ

210 2200 230 2220 2
253 2190 343 2223 υἱέων
360 2190 456 2222 BlaSS
471 2202 478 2222 :
503 2191 575 2223 υἱῶν
591 2191 688 2222 codd.
815 2201 853 2221 10
877 2191 964 2223 δίκας
982 2189 1006 2220 S
1022 2201 1029 2220 :
1054 2189 1203 2227 διαθήκας
1220 2189 1245 2219 F
1260 2187 1290 2227 Q
1306 2188 1336 2218 D
1459 2196 1495 2217 11

167 2235 309 2276 ἀληθεῖς]
329 2236 479 2273 ἀληθείας
495 2235 534 2265 Sl
698 2245 735 2264 12
761 2235 859 2267 δίκαις
879 2234 903 2264 F
917 2234 946 2273 Q
963 2234 991 2264 D
1007 2245 1014 2265 :
1039 2234 1201 2272 διαθήκαις
1221 2232 1245 2263 S
1257 2233 1287 2271 Q
1304 2245 1353 2273 γρ.
1374 2231 1497 2262 deinde

167 2284 237 2310 tres
253 2279 315 2310 litt.
333 2279 366 2309 in
384 2278 408 2310 S
426 2289 566 2317 erasae3
590 2292 642 2311 και
659 2278 762 2309 fuisse
778 2279 912 2309 videtur
1064 2279 1102 2307 16
1127 2279 1317 2315 συνιστῆται
1334 2277 1353 2314 ἢ
1371 2275 1496 2313 deleto,

166 2323 186 2361 ἢ
203 2325 395 2360 συνιστῆται
410 2328 488 2354 ante
506 2324 556 2361 ἢ
543 2323 698 2364 εταιρείαν
715 2323 823 2353 infra
815 2322 918 2352 mseri
937 2321 1009 2352 vult
1026 2321 1202 2351 Thalheim
1321 2317 1493 2360 συνδεκάζῃ

166 2366 288 2397 Wolf:
311 2366 482 2409 συνδικᾶζῃ
497 2367 594 2397 codd.
744 2367 782 2396 18
806 2367 908 2398 διδοὺς
924 2366 943 2404 ἢ
961 2364 1078 2395 Wolf:
1103 2364 1231 2405 διδούσῃ
1248 2363 1343 2394 codd.
1448 2362 1496 2392 ἐπὶ

167 2409 344 2442 καταλύσει
358 2413 416 2442 τοῦ
433 2411 531 2450 δήμου
549 2409 810 2441 de1.Thalheim
884 2420 923 2448 19
946 2410 986 2441 τὰ
1003 2409 1152 2450 χρήματα
1171 2407 1196 2438 F
1209 2408 1238 2437 D
1307 2416 1348 2445 23
1369 2402 1499 2448 (αὐτὸς)

168 2455 252 2494 αὑτῷ
266 2453 478 2493 Bockmeijer
493 2454 568 2485 coll.
589 2457 603 2492 ξ
623 2463 674 2494 23,
692 2453 773 2484 xxiv
788 2455 843 2492 65,
860 2452 904 2483 lvi
926 2462 964 2483 12
