1763 2778
134 99 277 154 [1440]
721 101 1204 139 ΔΗΜΟΣΘΕΝΟΤΣ

299 200 431 252 βολὴν
448 203 519 251 τῆς
543 203 719 251 σπουδῆς
746 201 807 240 καὶ
833 200 1058 252 φιλονικίας
1084 199 1148 240 ἐπὶ
1172 203 1254 241 τοῖς
1280 198 1487 252 πράγμασι
1509 198 1622 240 πάντ’

300 267 421 320 ἄνδρα
457 267 738 321 παρασχέσθαι
774 271 843 313 δεῖ,
882 267 1056 319 ὅσηνπερ
1094 268 1136 307 ἐκ
1170 271 1249 307 τῶν
1284 266 1434 307 ἄνωθεν
1470 267 1625 320 χρόνων

300 335 498 386 ἀμελείας·
536 335 653 385 μόλις
684 336 760 386 γὰρ
790 335 911 376 οὕτως
945 334 1058 376 ἐλπὶς
1089 335 1131 374 ἐκ
1164 336 1317 374 πολλοῦ
1341 334 1552 376 διώκοντας
1576 335 1625 374 τὰ

261 414 280 448 3
301 400 499 454 προειμέν’
525 404 631 442 ἑλεῖν
657 403 880 452 δυνηθῆναι.
930 400 1052 441 ἔπειτ’
1070 400 1140 441 οὐκ
1165 400 1384 452 ἀθυμητέον
1403 404 1486 442 τοῖς
1508 417 1622 453 γεγε-

301 468 495 519 νημένοις·
531 467 552 508 ὃ
576 467 651 521 γάρ
677 470 786 509 ἐστιν
810 472 887 509 τῶν
912 468 1241 520 παρεληλυθότων
1266 469 1484 521 χείριστον,
1510 471 1624 507 τοῦτο
1648 485 1659 491 ·

301 535 397 588 πρὸς
425 537 473 576 τὰ
497 535 699 587 μέλλοντα
722 535 940 586 βέλτιστον
963 534 1148 589 ὑπάρχει.
1222 535 1262 575 τί
1291 535 1360 575 οὖν
1385 534 1488 574 τοῦτ’
1514 534 1625 574 ἔστιν

302 600 345 655 [ὦ
375 602 512 655 ἄνδρες
537 600 773 654 Ἀθηναῖοι];
804 603 865 643 ὅτι
896 601 1009 643 οὐδὲν
1034 604 1140 653 ὑμῶν
1165 605 1243 642 τῶν
1266 602 1437 642 δεόντων
1466 601 1622 642 ποιούν-

303 687 380 710 των
406 674 529 710 κακῶς
557 670 641 723 ἔχει
666 670 714 709 τᾶ
738 668 962 722 πράγματα·
1000 669 1086 710 ἐπεὶ
1115 670 1152 709 εἴ
1181 686 1227 721 γε
1261 667 1377 709 πάνθ’
1401 669 1426 709 ἃ
1451 670 1626 720 προσῆκε

304 737 555 788 πραττόντων
589 737 711 778 οὕτως
741 736 861 791 εἶχεν,
901 735 979 777 οὐδ’
1011 736 1059 778 ἂν
1088 736 1202 778 ἐλπὶς
1234 735 1282 787 ἦν
1315 735 1412 776 αὐτὰ
1439 734 1628 788 γενέσθαι

302 805 467 855 βελτίω.

931 949 1003 986 ΛΑ

369 1048 496 1089 Οὐδέν
533 1049 656 1094 ἐστιν,
690 1046 720 1089 ὦ
753 1047 892 1099 ἄνδρες
917 1045 1135 1098 Ἀθηναῖοι,
1172 1047 1454 1100 χαλεπώτερον
1487 1043 1512 1097 ἢ
1548 1049 1630 1088 τοῖς

303 1117 433 1158 αὐτοῖς
459 1115 592 1156 ἔθεσιν
620 1116 801 1166 ἐπιτιμᾶν
826 1131 870 1156 τε
895 1113 956 1154 καὶ
981 1117 1158 1168 χρῆσθαι
1178 1114 1269 1157 τοὺς
1299 1117 1627 1167 δημηγοροῦντας.

302 1184 348 1224 τὸ
381 1185 456 1237 γὰρ
494 1182 726 1232 στασιάζειν
762 1181 857 1234 πρὸς
893 1181 1034 1224 αὐτοὺς
1070 1181 1133 1222 καὶ
1170 1185 1401 1234 κατηγορεῖν
1440 1179 1630 1231 ἀλλήλων

302 1250 394 1292 ἄνευ
414 1251 591 1302 κρίσεως,
612 1249 738 1292 οὐδείς
757 1250 869 1289 ἐστιν
892 1249 1015 1291 οὕτως
1039 1249 1232 1302 ἀγνώμων
1255 1250 1368 1291 ὅστις
1392 1248 1438 1290 οὐ
1461 1247 1631 1302 φήσειεν

303 1317 350 1358 ἂν
379 1317 546 1368 βλάβην
580 1316 680 1357 εἶναι
711 1319 792 1358 τοῖς
828 1314 1072 1368 πράγμασιν.
1129 1317 1208 1368 ἐγὼ
1242 1315 1274 1357 δ’
1308 1317 1439 1367 οἴομαι
1470 1315 1630 1356 τούτους

302 1387 374 1437 μὲν
399 1383 448 1425 ἂν
480 1385 581 1425 εἶναι
613 1384 814 1435 βελτίους,
849 1384 882 1423 εἰ
910 1382 982 1434 τὴν
1009 1382 1104 1435 πρὸς
1138 1383 1276 1424 αὑτοὺς
1310 1383 1536 1435 φιλονικίαν
1566 1382 1631 1422 ἐπὶ

302 1451 391 1494 τοὺς
416 1454 485 1503 τῆς
517 1451 672 1492 πόλεως
702 1450 868 1504 ἐχθροὺς
900 1449 1122 1503 τρέψαντες
1155 1450 1436 1502 ἐδημηγόρουν·
1474 1450 1563 1501 ὑμῖν
1589 1450 1631 1489 δὲ

303 1522 479 1572 παραινῶ
515 1517 566 1569 μὴ
606 1516 891 1568 συστασιάζειν
932 1516 1160 1569 μηδετέροις
1200 1517 1362 1564 τούτων,
1398 1515 1487 1569 μηδ’
1524 1517 1630 1558 ὅπως

304 1585 435 1638 ἅτεροι
465 1584 710 1638 κρατήσουσι
743 1588 922 1631 σκοπεῖν,
955 1584 1047 1625 ἀλλ’
1073 1585 1179 1627 ὅπως
1210 1585 1319 1635 ὑμεῖς
1357 1583 1528 1625 ἅπαντες
1553 1586 1631 1623 τῶν

264 1666 284 1690 2
305 1655 460 1708 ἐχθρῶν
483 1651 732 1705 περιέσεσθε.
794 1652 960 1706 εὔχομαι
989 1654 1031 1693 δὲ
1063 1655 1145 1694 τοῖς
1175 1655 1280 1694 θεοῖς
1309 1651 1398 1693 τοὺς
1423 1648 1445 1701 ἢ
1473 1656 1629 1704 φιλονι-

307 1721 390 1762 κίας
414 1717 437 1771 ἢ
463 1721 646 1770 ἐπηρειας
669 1719 693 1770 ἤ
719 1736 824 1762 τινος
848 1719 975 1770 ἄλλης
1000 1718 1100 1760 ἕνεκ’
1124 1719 1250 1761 αἰτίας
1274 1718 1376 1759 ἄλλο
1401 1735 1451 1765 τι,
1478 1717 1582 1768 πλὴν
1607 1715 1632 1757 ἄ

306 1787 395 1829 ποθ’
410 1788 599 1840 ἡγοῦνται
617 1785 850 1839 συμφέρειν,
869 1788 1064 1838 λέγοντας
1084 1786 1328 1826 παύσασθαι·
1353 1785 1399 1826 τὸ
1416 1787 1493 1838 γὰρ
1515 1801 1629 1825 κατα-

151 1845 283 1902 [1441]
305 1857 453 1907 ρᾶσθαι
483 1854 798 1905 συμβουλεύοντ’
822 1855 921 1896 ἴσως
952 1853 1034 1893 ἔστ’
1064 1853 1222 1894 ἄτοπον.
1282 1853 1536 1904 αἰτιασαίμην
1559 1853 1632 1903 μὲν

307 1923 375 1962 οὖν
413 1921 530 1974 ἔγωγ’
569 1921 616 1962 ἂν
652 1919 790 1968 οὐδέν’,
828 1918 857 1960 ὦ
894 1920 1030 1973 ἄνδρες
1066 1920 1283 1971 Ἀθηναῖοι,
1321 1924 1389 1960 τοῦ
1426 1923 1550 1961 κακῶς
1585 1920 1634 1958 τὰ
1679 1935 1690 1942 ·

307 1988 505 2042 πράγματ’
526 1989 634 2043 ἔχειν
661 1987 752 2029 ἀλλ’
772 1985 795 2039 ἢ
815 1987 964 2029 πάντας
989 1988 1162 2030 τούτους·
1201 1989 1331 2039 οἴομαι
1355 1989 1397 2028 δὲ
1424 1990 1504 2027 δεῖν
1529 1987 1634 2037 παρὰ

354 2110 367 2130 1
396 2100 443 2131 ἐπὶ
465 2099 488 2130 S
501 2099 558 2130 Yr
571 2099 597 2129 C
614 2110 621 2129 :
647 2101 679 2131 ἐν
695 2098 783 2138 vulg.
872 2108 893 2137 3
919 2105 1050 2138 αμελιας
1068 2096 1105 2129 S¹
1175 2098 1284 2139 μόλις]
1302 2108 1343 2128 an
1360 2097 1488 2138 μόνωςῗ
1512 2096 1572 2127 sed
1590 2095 1631 2128 cf.

310 2143 415 2175 Isocr.
433 2143 490 2173 viii
510 2153 562 2182 27,
582 2143 662 2182 Lys.
682 2143 753 2173 xxii
771 2153 813 2173 20
901 2153 919 2180 4
944 2141 1150 2182 προειρημένα
1168 2142 1210 2171 Y¹
1231 2142 1315 2182 pr.
1336 2141 1425 2182 Q'yp.
1521 2148 1540 2178 7
1562 2140 1584 2171 ὦ
1603 2140 1630 2172 ἄ.

310 2188 354 2219 Ἀ.
374 2191 451 2226 post
477 2186 524 2217 ὅτι
548 2187 644 2225 ponit
669 2186 784 2226 Qyp.:
810 2191 885 2225 post
910 2186 1000 2218 οὐδὲν
1024 2196 1040 2215 r
1063 2186 1150 2216 sicut
1175 2186 1206 2215 iv
1228 2196 1269 2217 2:
1302 2184 1425 2215 seclusi
1450 2183 1527 2215 coll.
1554 2184 1588 2214 ix
1614 2192 1634 2222 5

311 2231 374 2270 7-8
397 2234 462 2262 τῶν
478 2230 615 2261 δεόντων
632 2243 664 2260 π.
685 2233 768 2270 ὑμῶν
784 2239 800 2259 r
817 2234 849 2259 et
867 2230 898 2259 iv
915 2240 945 2267 2,
964 2232 996 2259 ix
1014 2238 1034 2267 5
1123 2229 1143 2258 8
1167 2229 1320 2269 προσήκει
1337 2239 1353 2258 Γ
1369 2228 1400 2266 Q
1416 2241 1463 2268 γρ.
1481 2239 1490 2266 ;
1513 2228 1573 2258 sed
1591 2227 1631 2258 cf.

311 2274 344 2304 ix
361 2283 379 2312 5
454 2284 475 2313 9
489 2274 685 2314 γενήσεσθαι
703 2284 718 2303 r
795 2282 831 2302 12
850 2274 868 2311 ἢ
886 2274 924 2303 τὸ
939 2276 1006 2305 τοῖς
1026 2281 1042 2302 r
1058 2271 1087 2311 Q
1099 2285 1160 2313 γρ,
1179 2273 1240 2303 sed
1257 2272 1298 2303 cf.
1321 2272 1354 2301 lv
1368 2282 1381 2301 1
1455 2281 1493 2310 13
1510 2270 1632 2311 αὐτοῖς]

311 2320 414 2349 αὑτῶν
428 2327 444 2347 r
515 2319 554 2347 16
569 2317 652 2358 τοῖς]
670 2320 735 2348 τοῖς
753 2320 874 2349 λοιποῖς
893 2327 908 2346 r
972 2326 1009 2355 19
1027 2315 1254 2355 συστασιάζειν
1272 2315 1296 2346 S
1310 2315 1340 2345 Y
1353 2325 1369 2345 r
1381 2315 1408 2345 C
1424 2326 1432 2345 τ
1450 2313 1635 2354 στασιάζειν

311 2361 401 2400 vulg.
534 2371 576 2391 20
600 2360 704 2401 ἅτεροι
722 2360 751 2390 Y
767 2360 793 2390 C
810 2371 816 2390 :
841 2360 860 2392 ἃ
877 2359 978 2400 ἕτεροι
996 2360 1020 2390 S
1035 2359 1057 2389 F
1069 2359 1121 2398 Q:
1146 2359 1248 2401 ἕτεροι
1265 2369 1281 2389 r
1414 2369 1452 2389 21
1479 2357 1529 2399 δὲ]
1549 2359 1586 2396 δὴ
1602 2356 1634 2396 Q

311 2414 352 2443 23
371 2407 566 2445 καταρᾶσθαι
585 2404 608 2434 S
624 2403 665 2433 Υ1
680 2414 694 2433 r
705 2403 732 2434 C
749 2415 755 2433 :
780 2403 1015 2444 καταράσασθαι
1033 2402 1059 2432 F
1075 2402 1104 2440 Q
1117 2403 1147 2433 Y
1164 2413 1250 2434 corr.
1322 2412 1362 2440 24
1380 2399 1634 2441 συμβουλεύοντ’

311 2448 456 2480 Vindob.
472 2459 491 2487 4
507 2447 700 2488 (Schaeser)
716 2457 724 2477 ε
749 2447 1002 2487 συμβουλεύονθ’
1014 2446 1039 2477 S
1052 2456 1086 2478 r:
1114 2445 1369 2486 συμβουλεύοντι
1385 2445 1474 2484 vulg.
