1763 2778
167 94 201 149 L]
553 98 712 135 ΠΡΟΣ
760 97 1103 135 ΠΟΛὙΚΛΕΑ
1517 99 1655 156 [1207]

168 200 263 238 ιδεῖν
300 194 582 247 ἀπολομένους·
620 196 674 236 ὧν
711 195 919 238 ἀκούοντες
948 196 1038 236 τότε
1070 197 1178 247 ὑμεῖς
1217 198 1259 237 ἐν
1295 200 1347 252 τῷ
1386 196 1492 251 δήμῳ
1513 206 1534 239 6

166 264 292 304 αὐτῶν
315 280 359 305 τε
381 264 586 316 λεγόντων
612 262 675 303 καὶ
703 266 783 303 τῶν
812 264 1161 316 συναγορευόντων
1192 263 1335 310 αὐτοῖς,
1362 263 1422 304 ἔτι
1451 267 1492 305 δὲ

164 335 241 371 τῶν
279 331 460 383 ἐμπόρων
497 330 558 370 καὶ
594 333 671 370 τῶν
708 329 938 382 ναυκλήρων
967 331 1056 382 περὶ
1088 330 1260 372 ἔκπλουν
1292 333 1418 371 ὄντων
1450 332 1492 371 ἐκ

165 401 232 438 τοῦ
262 398 433 445 Πόντου,
467 397 528 438 καὶ
561 398 786 447 Βυζαντίων
821 397 884 438 καὶ
918 398 1207 451 Καλχηδονίων
1236 399 1299 438 καὶ
1326 399 1491 448 Κυζικη-

125 481 143 512 5
163 469 241 506 νῶν
267 465 518 518 καταγόντων
543 465 591 504 τὰ
617 469 739 505 πλοῖα
762 465 876 505 ἕνεκα
900 466 970 515 τῆς
995 465 1094 506 ἰδίας
1118 466 1254 518 χρείας
1273 468 1339 505 τοῦ
1364 465 1490 511 σίτου,

164 532 226 572 καὶ
252 533 420 584 ὁρῶντες
444 533 486 573 ἐν
511 536 562 586 τῷ
590 535 771 584 Πειραιεῖ
791 532 860 572 τὸν
887 536 998 572 σῖτον
1024 533 1312 583 ἐπιτιμώμενον
1336 532 1399 572 καὶ
1424 531 1492 572 οὐκ
1511 531 1653 587 [1208]

163 601 257 640 ὄντα
275 599 455 652 ἄφθονον
478 599 678 646 ὠνεῖσθαι,
706 599 974 651 ἐψηφίσασθε
995 598 1065 641 τάς
1089 616 1132 640 τε
1162 602 1256 642 ναῦς
1288 598 1493 640 καθέλκειν

163 665 252 709 τοὺς
283 666 542 719 τριηράρχους
572 666 635 706 καὶ
667 666 947 718 παρακομίζειν
985 665 1052 707 ἐπὶ
1080 665 1125 706 τὸ
1155 669 1284 719 χῶμα,
1313 666 1375 706 καὶ
1402 666 1492 709 τοὺς

161 734 383 785 βουλευτὰς
419 733 482 774 καὶ
511 733 601 774 τοὺς
634 732 859 786 δημάρχους
895 733 1141 786 καταλόγους
1177 737 1380 775 ποιεῖσθαι
1415 738 1493 774 τῶν

104 819 142 841 10
162 803 340 851 δημοτῶν
371 800 433 841 καὶ
468 799 688 853 ἀποφέρειν
725 800 881 846 ναύτας,
916 801 979 840 καὶ
1014 799 1076 841 διὰ
1109 800 1254 854 τάχους
1286 800 1356 841 τὸν
1393 801 1488 842 ἀπό-

163 873 311 908 στολον
331 870 534 908 ποιεῖσθαι
558 867 622 908 καὶ
652 870 819 919 βοηθεῖν
857 869 1088 922 ἑκασταχοῖ.
1162 868 1224 908 καὶ
1261 869 1419 918 ἐνίκησε
1446 866 1491 908 τὸ

161 933 485 987 Ἀριστοφῶντος
508 933 707 987 ψήφισμα
730 936 849 975 τουτί.

723 1043 924 1072 ΨΗΦῙΣΜΑ.

226 1109 310 1148 Τοῦ
335 1109 408 1159 μὲν
436 1108 702 1160 ψηφίσματος
733 1107 865 1147 τοίνυν
904 1107 1110 1158 ἀκηκόατε,
1144 1104 1173 1147 ὦ
1211 1106 1349 1161 ἄνδρες
1386 1110 1490 1147 δικα-
1511 1122 1531 1158 7

103 1187 139 1219 15
161 1175 266 1215 σταί.
339 1175 416 1227 ἐγὼ
449 1173 482 1215 δ’
516 1173 651 1225 ἐπειδή
684 1191 749 1226 μοι
775 1174 844 1214 οὐκ
871 1174 993 1225 ἦλθον
1020 1176 1056 1215 οἱ
1087 1178 1225 1215 ναῦται
1253 1177 1289 1215 οἶ
1323 1180 1488 1215 καταλε-

160 1240 296 1294 γέντες
319 1240 394 1282 ὑπὸ
419 1245 496 1281 τῶν
522 1245 714 1292 δημοτῶν,
743 1241 834 1282 ἀλλ’
860 1238 883 1293 ἢ
909 1242 1040 1293 ὀλίγοι
1066 1241 1127 1282 καὶ
1153 1241 1259 1282 οῦτοι
1292 1242 1489 1288 ἀδύνατοι,

160 1307 321 1351 τούτους
343 1309 416 1360 μὲν
440 1309 588 1361 ἀφῆκα,
616 1309 774 1351 ὑποθεὶς
800 1311 843 1350 δὲ
868 1309 939 1359 τὴν
965 1308 1106 1349 οὐσίαν
1130 1308 1202 1359 τὴν
1234 1310 1401 1360 ἐμαυτοῦ
1428 1309 1490 1349 καὶ

161 1374 443 1427 δανεισάμενος
489 1376 675 1428 ἀργύριον
723 1379 875 1428 πρῶτος
923 1375 1219 1427 ἐπληρωσάμην
1266 1375 1338 1427 τὴν
1379 1380 1488 1423 ναῦν,

159 1441 467 1494 μισθωσάμενος
503 1443 646 1485 ναύτας
679 1443 730 1484 ὡς
764 1443 848 1484 οἶόν
881 1442 914 1483 τ’
941 1441 988 1493 ἦν
1018 1444 1214 1495 ἀρίστους,
1251 1443 1397 1495 δωρεὰς
1427 1443 1490 1483 καὶ

100 1527 140 1550 20
159 1510 371 1561 προδόσεις
403 1509 493 1552 δοὺς
524 1508 677 1564 ἑκάστῳ
708 1510 836 1550 αὐτῶν
869 1509 1059 1563 μεγάλας.
1135 1510 1192 1551 ἔτι
1224 1513 1266 1551 δὲ
1304 1510 1491 1551 σκεύεσιν

161 1577 274 1619 ἰδίοις
313 1576 385 1627 τὴν
431 1580 525 1618 ναῦν
572 1576 698 1617 ἅπασι
738 1577 1028 1623 κατεσκεύασα,
1072 1577 1134 1618 καὶ
1175 1581 1252 1618 τῶν
1290 1578 1491 1628 δημοσίων

161 1644 314 1696 ἔλαβον
342 1644 468 1691 οὐδέν,
498 1645 559 1685 καὶ
595 1645 728 1699 κόσμῳ
761 1645 812 1688 ὡς
839 1645 924 1685 οἷόν
949 1644 982 1684 τ’
1008 1644 1057 1696 ἣν
1091 1644 1290 1684 κάλλιστα
1321 1645 1382 1684 καὶ
1407 1647 1488 1684 δια-

160 1710 414 1764 πρεπέστατα
438 1715 516 1752 τῶν
540 1711 799 1765 τριηράρχων.
870 1713 1092 1764 ὑπηρεσίαν
1117 1714 1248 1752 τοίνυν
1276 1711 1324 1762 ἣν
1354 1710 1488 1751 ἐδυνά-

160 1795 237 1829 μην
270 1779 482 1831 κρατίστην
515 1779 814 1831 ἐμισθωσάμην.
885 1779 931 1820 οὐ
959 1780 1083 1831 μόνον
1109 1781 1252 1825 τοίνυν,
1288 1777 1317 1818 ὦ
1353 1778 1489 1830 ἄνδρες
1511 1785 1531 1818 8

102 1857 140 1889 25
161 1847 354 1893 δικασταί,
393 1846 441 1887 τὰ
480 1850 576 1887 κατὰ
611 1847 682 1898 τὴν
717 1847 972 1900 τριηραρχίαν
1010 1846 1230 1897 ἀνήλισκον
1258 1846 1354 1893 ,τότε
1390 1846 1489 1885 οὕτω

161 1915 360 1965 πολυτελῆ
386 1916 495 1961 ὄντα,
525 1915 630 1955 ἀλλὰ
656 1915 717 1954 καὶ
742 1919 819 1955 τῶν
844 1914 1057 1969 χρημάτων
1082 1916 1135 1955 ὧν
1155 1915 1209 1955 εἰς
1234 1913 1302 1954 τὸν
1319 1912 1491 1953 ἔκπλουν

163 1981 427 2033 ἐψηφίσασθε
461 1983 739 2036 εἰσενεχθῆναι
773 1982 891 2034 μέρος
927 1982 994 2022 οὐκ
1031 1981 1250 2034 ἐλάχιστον
1287 1980 1364 2033 ἐγὼ
1399 1980 1490 2030 ὑμῖν

161 2047 464 2102 προεισήνεγκα.
535 2049 653 2100 δόξαν
696 2052 772 2103 γὰρ
807 2051 898 2101 ὑμῖν
934 2051 1030 2102 ὑπὲρ
1072 2052 1149 2089 τῶν
1187 2051 1364 2099 δημοτῶν
1399 2045 1489 2087 τοὺς

161 2117 382 2166 βουλευτὰς
408 2117 638 2170 ἀπενεγκεῖν
664 2117 753 2159 τοὺς
778 2118 1108 2170 προεισοίσοντας
1135 2121 1211 2157 τῶν
1243 2133 1285 2157 τε
1311 2118 1488 2166 δημοτῶν

208 2235 268 2255 1—2
292 2224 358 2258 ὧν.
379 2250 389 2260 .
406 2250 413 2257 .
434 2229 538 2259 αὐτοῖς
570 2227 636 2257 huc
667 2231 795 2267 transp.
831 2227 991 2267 Sauppe:
1024 2232 1101 2267 post
1134 2227 1279 2259 ὠνεῖσθαι
1308 2226 1355 2265 (7)
1390 2225 1485 2256 codd.

165 2277 178 2297 Ι
204 2267 282 2301 τότε
299 2272 384 2310 ὑμεῖς
403 2271 448 2301 St
473 2273 558 2308 ὑμεις
577 2270 655 2302 τότε
668 2275 749 2301 cett.
885 2282 905 2309 4
930 2272 1160 2311 Καλχηδονίων
1177 2271 1200 2301 S
1218 2280 1301 2300 corr.
1321 2280 1339 2300 a
1356 2279 1406 2308 pr.
1429 2278 1487 2305 m.,

163 2311 189 2341 F
201 2312 232 2350 Q
247 2312 274 2342 D
289 2323 297 2343 ε
320 2316 455 2352 καλκηδ.
475 2312 534 2345 5¹2
558 2318 704 2352 Χαλκηδ.
721 2313 754 2344 Α
977 2315 997 2344 8
1021 2313 1226 2355 περιορμίζειν
1243 2314 1310 2354 περὶ
1326 2313 1366 2344 τὸ
1379 2311 1488 2342 Cobet

166 2364 203 2393 14
218 2357 324 2388 τοίνυν
335 2367 400 2387 om.
412 2356 445 2386 A
535 2367 573 2388 21
601 2357 697 2390 ἅπασι
709 2356 739 2387 Α
754 2369 762 2388 :
786 2356 914 2389 ἅπασαν
925 2361 1003 2388 cett.
1087 2367 1128 2387 22
1153 2358 1202 2388 καὶ
1217 2356 1325 2396 κόσμῳ
1336 2356 1359 2386 S
1372 2355 1462 2393 vulg.
1480 2365 1488 2384 :

162 2399 212 2430 καὶ
229 2398 350 2439 κόσμον
364 2399 397 2430 Α
412 2411 419 2431 :
443 2404 657 2440 κατακοσμῶν
671 2400 783 2431 Naber
923 2411 964 2439 24
988 2402 1021 2432 οὐ
1038 2415 1069 2440 μ.
1087 2400 1209 2441 τοίνυν]
1229 2402 1278 2431 καὶ
1296 2402 1329 2431 οὐ
1345 2399 1442 2438 μόνον
1456 2398 1488 2428 Α

162 2451 202 2481 27
216 2444 278 2482 ἐγὼ
288 2453 353 2474 om.
369 2443 401 2473 A
449 2445 558 2484 28-29
572 2444 664 2486 (τοὺς
677 2444 857 2486 δημάρχους
868 2443 935 2485 καὶ)
947 2445 1021 2476 τοὺς
1034 2444 1213 2480 βουλευτὰς
1229 2443 1335 2473 Meier
1348 2442 1420 2473 coll.
1438 2444 1452 2478 ξ
1467 2442 1488 2471 6
