1763 2778
140 136 285 191 [1062]

241 318 281 352 41

140 433 286 490 [1063]

246 854 289 888 42

250 1938 298 1975 43

709 128 1230 185 [ΔΙΙΜΟΣΘΕΝΟΎΣ]
1527 128 1628 183 [xun

305 236 325 273 6
358 233 555 284 Πολέμων
588 233 656 273 οὐκ
685 232 735 284 ἦν
760 232 889 284 πατὴρ
913 232 1084 284 Ἁγνίου,
1112 232 1157 272 οὗ
1182 234 1294 272 ἐστιν
1319 232 1339 271 6
1365 233 1522 283 κλῆρος,
1548 231 1629 271 οὐδ’

304 301 327 352 ἡ
353 301 510 354 ἀδελφὴ
535 301 556 352 ἡ
584 300 826 351 Πολέμωνος
852 299 1073 353 Φυλομάχη
1102 301 1226 350 τηθίς,
1253 296 1276 350 ἢ
1304 298 1354 341 ὡς
1380 299 1631 349 Εὐβουλίδης

306 369 374 409 οὐκ
408 367 456 419 ἦν
494 367 740 421 Φυλομάχης
772 366 856 408 υἱὸς
893 367 981 407 οὐδὲ
1019 365 1224 419 Φιλάγρου
1259 369 1328 406 τοῦ
1363 366 1532 418 ἀνεψιοῦ
1564 368 1633 406 τοῦ

307 435 479 488 Ἁγνίου,
506 432 527 485 ἦ
555 437 680 476 ἐκεῖνο
705 435 765 476 ὅτι
799 433 1046 485 Εὐβουλίδου
1077 436 1144 474 τοῦ
1180 434 1347 486 ἀνεψιοῦ
1382 436 1450 473 τοῦ
1473 432 1634 485 Ἁγνίου

307 503 375 543 οὐκ
402 503 490 543 ἔστι
515 501 736 556 Φυλομάχη
764 500 935 554 θυγάτηρ
955 501 978 553 ἡ
997 504 1066 543 νῦν
1085 500 1144 541 ἔτι
1161 500 1276 551 οὐσα,
1296 500 1375 541 οὐδ’
1395 500 1476 542 υἱὸς
1494 499 1633 540 οὑτοσὶ
1653 517 1670 549 5

307 570 328 609 6
354 573 456 616 παῖς,
479 568 808 621 εἰσπεποιημένος
834 570 930 609 κατὰ
954 568 1044 610 τοὺς
1069 569 1210 619 νόμους
1233 567 1322 609 τοὺς
1345 566 1554 620 ὑμετέρους
1578 567 1634 610 εἷς

306 636 374 677 τὸν
403 637 651 688 Εὐβουλίδου
686 637 807 682 οἶκον,
834 633 856 686 ἢ
884 635 934 677 ὡς
960 636 980 675 6
1006 636 1248 687 Θεόπομπος
1273 635 1293 674 6
1321 634 1475 675 τουτουὶ
1507 633 1635 687 πατὴρ

308 703 574 757 Μακαρτάτου
604 706 647 745 ἐκ
685 707 754 743 τοῦ
791 704 896 744 οἴκου
932 701 980 754 ἦν
1015 705 1083 743 τοῦ
1113 702 1288 756 (Αγνίου.
1358 702 1507 742 τούτων
1541 702 1564 741 ὅ
1597 718 1634 742 τι

307 772 503 823 βούλεταί
536 788 595 813 τις
627 769 917 823 μαρτυρησάτω
953 770 1070 825 αὐτῷ.
1139 769 1232 811 ἀλλ’
1258 770 1299 810 εὐ
1328 769 1399 810 οἶδ’
1425 770 1484 810 ὅτι
1509 768 1636 810 οὐδεὶς

309 840 408 879 οὕτω
433 838 631 891 τολμηρὸς
656 838 769 879 ἔσται
795 838 884 878 οὐδὲ
909 837 1221 888 ἀπονενοημένος
1246 836 1463 889 ἄνθρωπος.
1519 835 1570 878 ὡς
1595 837 1637 876 δὲ

311 908 533 959 καταφανὲς
565 906 658 957 ὑμῖν
683 906 808 951 ἔσται,
835 903 864 945 ὦ
891 905 1029 957 ἄνδρες
1053 904 1250 951 δικασταί,
1277 905 1339 945 ὅτι
1366 903 1412 944 τὸ
1445 903 1637 956 πρότερον

310 974 668 1026 ἀναισχυντοῦντες
706 971 995 1025 περιεγένοντο,
1036 973 1186 1013 δίκαιον
1233 974 1274 1012 δὲ
1321 971 1433 1012 οὐδὲν
1481 970 1635 1023 ἔλεγον,

311 1042 587 1094 ἀναγίγνωσκε
613 1042 682 1083 τὰς
707 1041 932 1093 μαρτυρίας,
960 1040 1054 1080 ὅσαι
1080 1039 1183 1080 εἰσὶν
1208 1040 1266 1080 ἔτι
1289 1038 1514 1080 ὑπόλοιποι.

861 1173 1087 1201 ΜΑΡΊὝΡΙΑῙ.

365 1246 557 1294 Μαρτυρεῖ
587 1242 771 1295 συγγενὴς
806 1242 895 1280 εἶναι
931 1242 1129 1290 Πολέμωνι
1162 1245 1212 1293 τῷ
1243 1241 1395 1293 “Αγνίου
1426 1240 1549 1290 πατρί,
1581 1238 1641 1278 καὶ

312 1299 455 1337 ἀκούειν
482 1301 547 1337 τοῦ
575 1298 713 1347 πατρὸς
739 1299 805 1336 τοῦ
835 1298 964 1334 ἑαυτοῦ
991 1296 1160 1346 ἀνεψιοὺς
1187 1294 1277 1334 εἶναι
1304 1299 1343 1335 ἐκ
1370 1295 1642 1345 πατραδέλφων

313 1353 512 1403 Πολέμωνι
531 1352 721 1404 Φίλαγρόν
740 1369 780 1389 τε
798 1352 863 1390 τὸν
883 1350 1120 1400 Εὐβουλίδου
1139 1351 1278 1401 πατέρα
1300 1351 1358 1388 καὶ
1379 1350 1643 1399 Φανόστρατον

312 1409 377 1447 τὸν
397 1408 577 1457 Στρατίου
595 1407 737 1456 πατέρα
758 1406 817 1444 καὶ
837 1407 1132 1455 Καλλίστρατον
1150 1406 1214 1444 τὸν
1237 1405 1378 1455 πατέρα
1403 1406 1469 1454 τῆς
1495 1404 1642 1444 Σωσίου

312 1464 483 1516 γυναικὸς
512 1463 571 1500 καὶ
599 1462 820 1511 Εὐκτήμονα
848 1461 912 1499 τὸν
940 1460 1228 1509 βασιλεύσαντα
1254 1460 1313 1498 καὶ
1338 1459 1555 1509 Χαρίδημον
1578 1458 1643 1497 τὸν

313 1518 456 1567 πατέρα
480 1517 544 1555 τὸν
569 1516 794 1565 Θεοπόμπου
821 1516 881 1553 καὶ
908 1515 1194 1564 Στρατοκλέους,
1217 1514 1277 1552 καὶ
1297 1514 1387 1552 εἶναι
1405 1517 1481 1554 τοῖς
1505 1514 1644 1552 τούτων

314 1573 410 1610 υἱέσι
431 1573 489 1609 καὶ
509 1572 638 1623 (Αγνίᾳ
659 1574 696 1609 ἐν
714 1575 764 1623 τῷ
785 1572 880 1622 αὐτῷ
904 1571 1000 1622 γένει
1026 1568 1264 1618 Εὐβουλίδην
1291 1570 1384 1607 κατὰ
1410 1569 1476 1607 τὸν
1502 1569 1644 1618 πατέρα

314 1628 378 1665 τὸν
399 1629 527 1664 ἑαυτοῦ
546 1626 747 1677 Φίλαγρον,
771 1626 863 1663 κατὰ
883 1625 921 1663 δὲ
940 1626 1008 1674 τὴν
1027 1625 1168 1674 μητέρα
1184 1624 1252 1673 τὴν
1273 1626 1401 1662 ἑαυτοῦ
1415 1623 1645 1674 Φυλομάχην

313 1681 552 1731 νομιζόμενον
582 1682 731 1731 ἀνεψιὸν
760 1680 849 1719 εἶναι
883 1679 1123 1729 Εὐβουλίδην
1151 1680 1282 1732 ἰΑγνίᾳ
1309 1679 1399 1729 πρὸς
1426 1678 1572 1728 πατρός,
1605 1681 1644 1715 ἐκ

314 1736 461 1786 τηθίδος
479 1736 660 1788 γεγονότα
679 1737 812 1789 “Αγνίᾳ
831 1737 896 1785 τῆς
915 1736 1006 1785 πρὸς
1026 1735 1172 1785 πατρός.

931 1855 1051 1883 ΑΛΛΗ.

370 1926 612 1973 Μαρτυροῦσι
641 1926 832 1976 συγγενεῖς
862 1924 950 1962 εἶναι
981 1924 1179 1973 Πολέμωιί
1205 1926 1254 1975 τῷ
1283 1922 1395 1972 πατρὶ
1420 1925 1470 1973 τῷ
1495 1921 1646 1972 Ἀγνίου

318 1978 376 2016 καὶ
397 1980 572 2031 Φιλάγρῳ
596 1983 645 2031 τῷ
668 1981 778 2029 πατρὶ
804 1983 854 2032 τῷ
881 1979 1118 2028 Εὐβουλίδου
1144 1979 1203 2017 καὶ
1230 1978 1440 2027 Εὐκτήμονι
1458 1979 1508 2028 τῷ
1533 1976 1645 2025 βασι-

364 2092 379 2112 Ῑ
405 2085 421 2114 ὁ
436 2081 494 2123 μὲν
512 2089 550 2114 Π.
566 2082 598 2113 Α
686 2093 705 2113 2
730 2086 807 2119 Εὐβ.
828 2082 866 2114 S1
878 2083 904 2114 F
920 2095 927 2114 z
953 2086 969 2116 ὁ
987 2086 1062 2120 Εὐβ.
1083 2083 1107 2114 S
1119 2093 1204 2114 corr.
1220 2082 1310 2121 vulg.
1400 2090 1463 2119 3-4
1486 2079 1555 2112 οὐδὲ
1573 2085 1643 2111 Φιλ.

318 2129 375 2158 τοῦ
387 2127 432 2157 ἆν.
445 2129 502 2158 τοῦ
515 2128 560 2158 Ἀ.
577 2126 640 2158 del.
654 2126 792 2168 Sauppe
808 2138 815 2158 ε
839 2127 910 2159 οὐδὲ
923 2133 992 2159 Φιλ.
1008 2129 1072 2159 οὐδ’
1086 2126 1212 2167 ἀνεψιός
1223 2128 1280 2157 τοῦ
1290 2128 1335 2158 ‘A.
1353 2125 1445 2155 malit
1455 2124 1645 2155 Thalheim.

318 2170 448 2201 scilicet
465 2180 532 2200 non
552 2170 706 2209 Hagniae
724 2172 787 2202 suit
805 2171 1041 2209 consobrinus,
1062 2171 1123 2201 sed
1148 2169 1304 2208 Hagniae
1324 2168 1429 2208 patris
1447 2167 1646 2207 Philagros3

319 2214 379 2244 sed
397 2213 438 2244 cf.
457 2216 473 2251 §
498 2224 560 2252 49:
584 2225 706 2245 vereor
724 2226 767 2246 ne
789 2216 842 2245 hic
865 2226 997 2255 quoqne
1019 2221 1053 2245 ut
1076 2214 1161 2245 Isae.
1188 2214 1223 2243 xi
1252 2224 1290 2243 10
1313 2213 1473 2243 tenebras
1494 2211 1646 2242 offundat

320 2261 433 2288 orator
520 2267 540 2296 5
565 2258 704 2300 θυγάτηρ
720 2264 796 2290 Φυλ.
811 2257 844 2288 Α
932 2261 996 2290 οὐδ’
1013 2260 1076 2290 υἱὸς
1088 2257 1141 2288 A:
1165 2257 1235 2289 οὐδὲ
1251 2260 1267 2288 ὅ
1284 2256 1349 2288 υἱὸς
1361 2255 1386 2286 S
1400 2267 1407 2286 t
1431 2258 1447 2287 6
1461 2257 1490 2286 δ’
1502 2256 1565 2286 υἱὸς
1579 2254 1604 2284 F
1615 2253 1646 2293 Q

321 2310 339 2339 7
365 2303 381 2333 ὁ
401 2305 480 2332 ante
501 2306 594 2333 Θεοπ.
615 2312 683 2332 om.
701 2302 726 2332 F
891 2312 930 2332 10
955 2303 995 2334 ὡς
1013 2301 1046 2333 δὲ
1066 2301 1135 2331 AF
1150 2300 1202 2339 Q:
1228 2302 1310 2331 ὥστε
1331 2299 1376 2330 S:
1402 2299 1442 2331 ὡς
1462 2298 1495 2330 δὲ
1518 2301 1647 2338 μᾶλλον

320 2344 346 2374 F
364 2357 414 2385 γρ.
428 2344 458 2383 Q
474 2358 524 2386 γρ.
623 2346 816 2377 testimonia
833 2356 898 2377 om.
919 2345 942 2376 S
954 2345 979 2375 F
993 2345 1022 2383 Q
1037 2345 1066 2375 D
1168 2344 1271 2382 1748
1295 2342 1520 2384 Φανόστρατον
1534 2342 1593 2373 τὸν
1608 2345 1644 2375 Σ.

319 2388 443 2429 πατέρα
462 2389 572 2427 Turn,
592 2389 633 2420 cf.
655 2392 670 2427 ξ
690 2400 730 2420 22
748 2401 755 2419 ε
778 2390 1008 2430 Φανοστράτην
1029 2389 1089 2426 τὴν
1111 2392 1144 2421 Σ.
1169 2386 1330 2427 θυγατέρα.
1342 2386 1432 2425 vulg.
1448 2386 1535 2425 quod
1559 2385 1646 2415 tueri

321 2437 462 2463 conatur
471 2433 647 2463 Thalheim
661 2433 825 2473 (Hermes
839 2443 919 2472 1903
932 2448 934 2459 ›
1027 2433 1066 2461 18
1083 2431 1203 2465 Σωσίου
1214 2430 1361 2461 Reiske:
1378 2428 1535 2462 Σωσιθέου
1545 2428 1645 2459 codd.

323 2485 365 2506 20
387 2476 510 2508 τούτων
525 2476 625 2507 &Vols
635 2487 642 2507 z
666 2476 782 2508 τούτου
797 2477 895 2507 codd.

1659 855 1698 878 10

1663 1260 1700 1294 15

1664 1535 1704 1556 20

1667 1863 1705 1895 ²5
