1700 2758
583 114 992 157 PRAEFATIO

128 224 371 276 προελέσθαι
414 225 552 276 Pap.:
587 224 824 264 ἀλυσιτελὲς
867 223 1110 275 προελέσθαι
1142 224 1190 265 τὰ
1223 228 1289 264 τοῦ
1323 224 1445 276 δήμου

128 294 283 343 codd.;
320 294 459 346 (erunt
497 292 678 334 fortasse
720 292 794 345 qui
837 292 925 333 οὐδὲ
966 297 1035 351 νῦν
1078 294 1099 347 ξ
1135 304 1184 346 17
1228 295 1446 347 adripiant

129 369 281 416 utpote
303 362 552 404 concinnius
575 375 826 414 responsum
847 375 856 412 ;
894 361 998 401 mihi
1021 363 1260 403 sententiae
1290 377 1444 416 parum

128 431 379 472 satisfacere
400 430 573 483 visum).
604 436 756 471 contra
772 437 835 470 est
855 430 928 470 ubi
948 431 1227 472 convincatur
1245 433 1444 473 codicum

129 500 380 541 testimonio
430 499 499 539 hic
549 499 667 539 mille
715 498 838 539 annis
884 500 1096 540 vetustior
1137 501 1270 542 testis.
1343 515 1443 542 nam

130 577 206 610 aut
228 569 485 610 exciderunt
506 570 639 609 verba
661 569 820 621 quibus
845 582 971 621 aegre
995 583 1203 618 caremus,
1225 576 1299 611 aut
1321 585 1444 624 prae-

128 644 300 691 postere
322 637 587 679 collocantur
610 645 656 677 ut
679 637 937 691 plerumque
959 637 1007 677 fit
1025 638 1098 679 ubi
1117 639 1338 679 sententiis
1359 654 1446 680 non

129 707 330 748 litterulis
351 707 521 748 animus
544 706 795 747 intenditur.
838 707 982 760 plures
1006 707 1138 747 etiam
1162 716 1203 748 et
1226 709 1446 760 graviores

129 773 394 827 corruptelas
441 773 742 826 deprehendas
788 772 854 812 vel
908 787 984 826 per
1036 774 1240 815 incuriam
1293 774 1446 815 inlatas

67 896 70 897 ⁷
129 843 196 884 vel
228 856 303 898 per
334 842 622 896 interpolandi
657 841 896 892 audaciam,
929 857 1017 896 e.g.
1051 842 1072 896 ξ
1103 844 1126 881 6
1160 845 1265 895 παρὰ
1298 844 1445 886 πάντας

130 913 292 966 ἡγεῖσθε
325 912 450 954 codd.
476 928 484 952 :
510 914 608 952 κατὰ
640 910 752 952 πάντ’
787 912 985 961 ἐνομίζετε
1022 913 1141 966 Pap.y
1176 913 1195 966 ξ
1224 926 1277 966 30
1317 914 1445 965 φθόης

130 982 257 1023 codd.
291 982 503 1035 Harpocr.
523 997 530 1021 :
551 982 686 1030 Φυλῆς
718 981 823 1034 Pap.
878 980 1011 1034 liquet
1045 983 1238 1035 profecto
1274 983 1446 1024 saeculo

129 1057 229 1093 ante
282 1050 502 1092 Christum
557 1058 707 1091 natum
758 1050 979 1091 exstitisse
1034 1050 1330 1105 Epistolarum
1386 1067 1446 1093 re-

129 1121 377 1163 censionem
401 1134 426 1160 a
448 1119 603 1160 nostris
626 1120 744 1160 libris
767 1120 870 1160 satis
892 1120 1122 1169 diversam,
1146 1121 1300 1162 nostris
1327 1121 1446 1162 libris

130 1191 199 1233 hic
231 1190 316 1231 illic
348 1189 475 1230 valde
508 1189 856 1242 praecellentem.
909 1203 983 1230 nec
1020 1196 1165 1230 tamen
1199 1190 1296 1231 ideo
1328 1191 1446 1231 libris

132 1259 293 1312 ubique
315 1257 522 1299 continuo
539 1258 791 1310 deroganda
807 1257 926 1298 fides.
959 1271 1108 1298 verum
1128 1259 1235 1299 vidit
1260 1259 1448 1313 Lipsius.

129 1328 335 1383 epistolas
366 1327 399 1367 si
431 1327 699 1381 reputaveris
733 1327 873 1367 minus
908 1327 948 1366 in
975 1342 1020 1367 se
1051 1327 1274 1368 hominum
1306 1329 1448 1368 studia

130 1397 403 1446 convertisse,
422 1395 510 1436 fieri
534 1395 726 1450 potuisse
750 1395 936 1436 conicias
954 1403 1001 1437 ut
1021 1397 1231 1437 redactori
1250 1397 1326 1436 vix
1347 1412 1443 1451 sup·

130 1473 298 1520 peteret
341 1464 621 1519 epistolarum
665 1465 827 1505 bonum
871 1465 1108 1518 exemplar.
1177 1466 1286 1506 adde
1330 1466 1447 1518 quod

130 1534 348 1577 orationes
369 1535 755 1588 grammaticorum
779 1547 906 1575 curae
929 1540 1098 1575 tutatae
1121 1543 1230 1585 sunt,
1254 1534 1447 1589 epistolis

130 1603 266 1645 defuit
287 1603 501 1645 eiusmodi
523 1603 672 1644 tutela.

189 1673 259 1714 De
287 1672 524 1713 Prooemiis
555 1672 865 1713 Demosthenis
896 1673 1073 1714 nomine
1105 1673 1275 1714 traditis
1304 1680 1447 1714 utrum

129 1742 315 1794 genuina
329 1742 414 1782 sint
431 1755 485 1781 an
501 1742 791 1782 Demostheni
809 1742 917 1783 falso
934 1743 1157 1796 supposita
1175 1757 1347 1783 summa
1370 1742 1448 1783 fuit

131 1812 240 1852 inter
259 1811 373 1852 viros
391 1811 545 1852 doctos
565 1812 785 1852 dissensio.
842 1812 1205 1861 Demosthenem,
1227 1819 1447 1853 oratorum

130 1880 468 1934 principem,per
481 1881 616 1921 otium
633 1881 906 1922 elucubrasse
921 1888 964 1922 et
980 1889 1189 1935 tanquam
1205 1882 1247 1921 in
1257 1881 1447 1934 seposito

129 1950 331 1990 habuisse
362 1949 518 2003 quibus
551 1951 592 1990 in
622 1957 819 2003 tempore
849 1957 1054 1999 uteretur,
1080 1951 1155 1991 vix
1182 1950 1374 1991 adducar
1401 1958 1447 1990 ut

131 2020 319 2060 credam.
382 2032 460 2059 nec
484 2026 630 2060 tamen
657 2018 931 2061 Swobodae1
956 2020 1196 2061 rationibus
1226 2019 1448 2059 adsentior

131 2089 203 2142 qui
234 2102 321 2129 non
355 2087 645 2129 Demostheni
675 2088 951 2129 attribuenda
984 2088 1150 2130 censuit
1180 2088 1255 2128 sed
1289 2086 1447 2127 rhetori

132 2158 349 2198 nesciocui
369 2172 454 2199 non
472 2159 533 2198 ita
550 2159 679 2212 longe
701 2174 725 2200 a
745 2159 1057 2200 Demosthenis
1075 2164 1219 2199 aetate
1241 2158 1447 2197 seiuncto.

132 2228 267 2267 immo
283 2241 431 2268 veram
453 2227 646 2281 aliquam
672 2242 812 2269 rerum
836 2228 1186 2268 coniunctionem
1209 2226 1447 2267 identidem

177 2376 184 2395 ¹
206 2377 390 2416 Swoboda,
407 2377 459 2408 De
473 2377 703 2409 Demosthenis
720 2378 972 2418 qzcaefertmlnr
983 2377 1169 2418 prooemiis,
1194 2377 1285 2414 1887.

762 2447 825 2470 Xlll
