1763 2778
115 570 133 602 5

157 136 261 193 Lvm]
539 142 701 179 ΚΑΤΑ
752 141 1121 179 ΘΕΟΚΡῘΝΟῬ

736 286 895 314 ΝΟΜΟΣ.

225 350 409 392 Ἀκούετε
426 354 495 390 τοῦ
514 350 636 401 νόμου
661 349 686 390 ἃ
710 350 860 390 κελεύει
880 348 1067 402 πάσχειν,
1090 347 1118 389 ὦ
1135 348 1272 401 ἄνδρες
1290 349 1485 394 δικασταί,

157 417 226 458 τὸν
259 417 526 470 συκοφάντην.
588 416 727 457 οὐκοῦν
761 417 795 458 εἶ
817 415 890 468 μέν
922 433 959 456 τι
992 417 1232 466 πεποιηκότα
1261 416 1411 456 τούτων
1432 416 1488 455 ὧν

159 486 336 538 ἔγραψεν
368 486 410 524 ἐν
441 490 489 542 τῇ
519 483 644 536 φάσει
681 485 898 536 Θεοκρίνης
926 483 1182 533 πεποιηκέναι
1213 483 1281 523 τὸν
1309 484 1486 528 Μίκωνα,

160 554 370 603 καθυφεῖκε
405 551 450 592 τὸ
485 554 645 604 πρᾶγμα
681 552 745 591 καὶ
782 550 1011 591 διαλέλυται
1041 550 1139 602 πρὸς
1171 549 1240 590 τὸν
1265 549 1485 601 ἄνθρωπον,

159 620 287 660 ἀδικεῖ
315 618 464 660 πάντας
488 619 587 669 ὑμᾶς
618 618 681 658 καὶ
711 618 869 660 δικαίως
900 619 1059 670 ὀφείλει
1087 619 1158 660 τὰς
1179 618 1327 670 χιλίας.
1389 618 1421 657 εἰ
1447 618 1489 657 δὲ

159 685 392 727 πλεύσαντα
423 684 542 726 αὐτὸν
561 685 720 728 δικαίως
746 685 788 725 οἷ’
814 687 1013 737 προσῆκεν
1043 681 1162 733 (ἔστω
1195 686 1270 737 γὰρ
1300 684 1490 736 ὁπότερον

159 754 271 794 οὗτος
294 751 500 805 βούλεται)
529 752 663 805 φαίνει,
692 751 754 793 καὶ
791 755 1090 804 προσκαλεῖται,
1127 755 1372 803 συκοφαντεῖ
1400 750 1490 793 τοὺς

160 818 411 872 ναυκλήρους,
441 820 503 861 καὶ
525 819 595 860 τὸν
621 820 741 869 νόμον
765 819 810 859 οὐ
834 820 955 870 μόνον
978 819 1047 859 τὸν
1065 819 1269 872 πρότερον,
1296 819 1402 858 ἀλλὰ
1429 817 1490 858 καὶ

103 902 142 925 10
159 887 228 928 τὸν
261 888 404 940 ἀρτίως
435 886 744 938 ἀναγνωσθέντα
775 886 1073 939 παραβέβηκεν,
1103 887 1166 927 καὶ
1197 886 1488 938 καταμεμαρτύ-

105 1238 140 1270 15

103 1575 142 1596 20

159 970 278 1007 ρηκεν
312 955 430 994 αὑτοῦ
462 956 583 1005 μηδὲν
607 954 715 1006 ὑγιὲς
748 952 848 1006 μήτε
883 953 1016 1006 λέγειν
1045 952 1144 1005 μήτε
1175 952 1372 1005 πράττειν.
1432 952 1490 995 τίς

160 1023 234 1074 γὰρ
267 1019 317 1062 ἂν
341 1021 478 1073 παρεὶς
512 1020 559 1061 τὸ
592 1021 751 1063 δικαίως
784 1020 1007 1073 πράττοντα
1034 1023 1180 1072 λαβεῖν
1203 1019 1247 1060 τὸ
1272 1019 1390 1072 μέρος
1411 1023 1491 1060 τῶν

161 1087 372 1142 χρημάτων
406 1089 503 1128 κατὰ
539 1088 607 1128 τὸν
638 1088 774 1138 νόμον,
809 1087 1100 1139 διαλυσάμενος
1137 1086 1337 1138 ἐβουλήθη
1374 1088 1492 1139 μικρὰ

162 1158 342 1208 κερδᾶναι
367 1156 430 1196 καὶ
453 1155 607 1196 τούτοις
636 1155 780 1208 ἔνοχον
804 1156 922 1195 αὑτὸν
947 1157 1198 1205 καταστῆσαι
1229 1158 1312 1195 τοῖς
1343 1155 1490 1205 νόμοις,

162 1221 264 1273 ἐξόν,
286 1223 381 1275 ὅπερ
407 1223 548 1274 ἀρτίως
573 1222 697 1269 εἶπον,
724 1221 772 1262 τὰ
795 1222 943 1273 ἡμίσεα
967 1226 1044 1263 τῶν
1070 1221 1302 1275 φανθέντων
1326 1225 1491 1272 λαβεῖι’;

161 1289 241 1330 οὐδ’
276 1287 326 1330 ἂν
369 1290 434 1335 εἷς,
475 1288 504 1329 ὦ
544 1289 682 1342 ἄνδρες
723 1290 918 1336 δικασταί,
958 1289 1011 1341 μὴ
1053 1289 1098 1329 οὐ
1140 1292 1331 1331 συνειδως
1370 1290 1492 1342 ἑαυτῷ

162 1359 487 1409 συκοφαντοῦντι.

231 1424 314 1463 Δύο
333 1426 405 1475 μὲν
423 1424 556 1464 τοίνυν
573 1423 682 1465 οὗτοι
706 1425 820 1475 νόμοι
846 1424 948 1465 εἰσὶν
968 1424 1034 1466 οὓς
1059 1423 1346 1477 παραβέβηκεν
1366 1424 1386 1462 ὁ
1405 1422 1494 1463 τοὺς

163 1490 310 1532 ἄλλους
334 1492 571 1543 παρανόμων
597 1492 860 1544 γραφόμενος·
899 1492 1033 1543 ἕτερον
1053 1494 1094 1532 δὲ
1119 1492 1263 1544 τρίτον,
1286 1490 1328 1531 ὃς
1354 1491 1495 1542 ὁμοίως

163 1558 316 1599 κελεύει
343 1557 439 1598 κατά
466 1575 509 1599 τε
539 1562 618 1598 τῶν
641 1559 888 1610 ὀφειλόντων
920 1563 973 1613 τῷ
1007 1559 1182 1613 δημοσίῳ
1210 1560 1278 1598 τὰς
1310 1556 1495 1607 ἐνδείξεις

161 1625 230 1665 τὸν
254 1625 502 1676 βουλόμενον
527 1628 729 1666 ποιεῖσθαι
751 1629 830 1665 τῶν
854 1629 1042 1672 πολιτῶν,
1071 1625 1132 1665 καὶ
1166 1624 1234 1665 ἐάν
1259 1641 1316 1667 τις
1349 1625 1495 1679 ὀφείλῃ

163 1697 211 1749 τῇ
235 1691 385 1746 Ἀθηνᾷ
407 1689 430 1742 ἢ
455 1696 533 1733 τῶν
551 1692 688 1733 ἄλλων
709 1695 808 1732 θεῶν
828 1689 850 1742 ἢ
870 1696 947 1732 τῶν
968 1693 1183 1743 ἐπωνύμων
1207 1709 1274 1746 τῳ.
1328 1691 1348 1731 ὃ
1366 1690 1493 1744 φανή-

166 1776 278 1800 σεται
296 1759 422 1806 οὗτος,
440 1760 615 1812 ὀφείλων
643 1760 704 1800 καὶ
722 1759 789 1799 οὐκ
804 1760 1030 1801 ἐκτετεικὼς
1048 1759 1288 1800 ἑπτακοσίας
1303 1757 1494 1811 δραχμάς,

165 1826 211 1868 ἃς
242 1824 380 1879 ὦφλεν
411 1827 453 1867 ἐν
482 1830 567 1868 ταῖς
601 1826 777 1868 εὐθύναις
801 1830 853 1880 τῷ
888 1827 1077 1881 ἐπωνύμῳ
1106 1829 1176 1877 τῆς
1209 1827 1326 1866 αὑτοῦ
1353 1827 1495 1878 φυλῆς.

167 1894 231 1934 καί
251 1910 319 1944 μοι
341 1893 437 1946 λέγε
461 1893 563 1934 τοῦτ’
588 1893 680 1934 αὐτὸ
706 1896 774 1933 τοῦ
799 1893 932 1944 νόμου.

209 2013 228 2032 2
250 2006 314 2035 τῶν
331 2002 433 2044 νόμων
453 2003 472 2036 ἃ
488 2003 675 2035 κελεύουσιν
689 2002 720 2032 Α
877 2012 896 2041 3
920 2017 951 2035 τι
969 2003 1031 2035 (τις
1046 2002 1091 2043 A)
1111 2003 1306 2042 πεποιηκότα
1323 2002 1419 2034 codd.
1435 2014 1442 2033 τ
1466 2017 1497 2034 τι

165 2049 322 2079 πεπεικὼς
346 2048 442 2079 αὑτὸν
468 2047 622 2078 Dobree:
649 2047 735 2078 εἰδώς
758 2061 790 2078 τι
814 2046 1012 2084 πεποιηκότα
1036 2046 1205 2077 Hertlein.
1230 2047 1277 2077 nil
1302 2046 1497 2077 mutandum

167 2090 290 2130 opinor
398 2092 419 2120 6
442 2091 564 2131 ὀφείλει
582 2090 605 2120 S
617 2090 642 2120 F
657 2090 687 2128 Q
701 2090 730 2119 D
746 2101 752 2120 :
777 2091 815 2122 ἂν
839 2090 962 2130 ὀφείλοι
979 2090 1009 2118 Α
1155 2100 1171 2129 7
1197 2091 1320 2123 δικαίως
1336 2091 1431 2121 αὐτὸν
1443 2089 1474 2119 Α
1490 2102 1496 2120 ;

167 2134 263 2166 αὐτὸν
287 2133 366 2164 secl.
395 2133 490 2164 Blass
581 2133 627 2174 οῖ]
659 2133 694 2166 οὗ
724 2134 754 2163 Α
844 2133 996 2176 ὁπότερον
1007 2132 1038 2162 Α
1053 2143 1060 2163 :
1083 2133 1167 2165 τοῦθ’
1179 2133 1331 2174 ὁπότερον
1351 2133 1375 2164 S
1386 2134 1413 2163 F
1424 2132 1453 2171 Q
1469 2134 1497 2162 D

167 2177 188 2207 8
204 2177 459 2218 συκοφαντεῖΑ;
483 2178 534 2209 καὶ
546 2179 740 2218 συκοφαντεῖ
753 2176 775 2207 S
789 2176 812 2206 F
826 2176 856 2214 Q
870 2177 899 2206 D
992 2187 1005 2206 1
1016 2186 1027 2206 1
1042 2175 1172 2220 (αὐτὸς)
1184 2180 1278 2208 αὑτοῦ
1290 2176 1498 2214 Bockmeijer

171 2230 209 2251 12
233 2221 413 2261 πράττοντα
443 2221 564 2257 codd.:
601 2220 749 2261 πράττων
781 2220 879 2251 Wolf
1051 2230 1089 2258 14
1112 2220 1255 2261 τούτοις]
1283 2223 1378 2252 τοῦτο
1393 2220 1416 2250 S
1432 2219 1497 2257 FQ

168 2265 377 2302 καταστήσας
388 2263 421 2293 Α
502 2273 538 2303 15
563 2268 638 2304 εξων
655 2264 679 2293 S
695 2275 702 2294 z
728 2266 760 2304 ἐξ
770 2262 812 2294 ὧν
825 2263 851 2293 F
864 2262 894 2301 Q
965 2263 1082 2303 ἡμίσεα
1094 2262 1125 2292 Α
1136 2263 1173 2302 F,
1188 2264 1228 2295 cf.
1244 2263 1353 2294 Bekk.
1366 2263 1495 2294 Anecd.

168 2317 220 2345 41.
239 2317 302 2345 33:
327 2308 426 2347 ἡμίση
445 2306 511 2345 SQ
524 2307 553 2336 D
661 2317 699 2345 19
722 2308 833 2348 τρίτον
849 2307 890 2343 A,
908 2308 948 2338 cf.
975 2307 1059 2337 xxiii
1083 2317 1145 2345 74:
1168 2308 1225 2339 τὸν
1245 2308 1354 2347 τρίτον
1373 2306 1498 2345 Svulg,

168 2360 210 2380 20
231 2364 267 2382 τε
286 2360 351 2382 οῐη.
367 2349 401 2380 A
488 2361 530 2380 22
554 2355 632 2390 post
649 2354 726 2381 θεῶν
747 2351 821 2380 add.
839 2352 900 2382 τινὶ
923 2349 956 2379 Α
1066 2364 1111 2391 τῳ
1135 2360 1178 2380 ex
1194 2350 1318 2380 Aldina
1334 2350 1495 2387 additum,

167 2392 210 2424 cf.
230 2395 245 2430 ξ
264 2403 301 2432 15
410 2402 518 2432 22—23
542 2395 559 2426 ὃ
577 2401 610 2424 et
628 2393 719 2426 οὗτος
735 2404 801 2424 om.
814 2393 846 2423 A

1506 134 1642 191 [1325]

1511 362 1552 387 12

1512 969 1552 1002 13

1516 1354 1653 1410 [1326]

1519 1438 1558 1470 14
