1763 2778
112 139 248 194 [1328]
668 135 1186 193 [AHMOEGENOTE]
1494 135 1599 191 [mn

270 245 336 293 τῆς
360 242 506 295 ἡμέρας
530 242 710 295 ὀφείλειν
736 241 806 294 ἀφ’
832 241 876 292 ἧς
901 240 949 281 ἂν
975 242 1096 297 ὄφλῃ,
1125 240 1193 281 ἐάν
1212 257 1254 281 τε
1281 238 1597 292 ἐγγεγραμμένος

269 309 304 366 ᾖ,
333 309 401 351 ἐάν
425 327 467 351 τε
491 308 558 361 μή.

855 391 1011 420 ΝΟΜΟΣ.

205 474 248 499 22
336 459 428 498 Πῶς
449 456 516 496 οὖν
535 456 680 500 ἄλλως,
703 453 731 495 ὦ
752 455 888 507 ἄνδρες
914 455 1109 500 δικασταί,
1133 452 1323 505 προσήκει
1347 452 1414 494 τὸν
1440 455 1596 496 δικαίως

269 527 561 575 κατηγοροῦντα
601 523 838 574 ἀποφαίνειν
878 523 1002 574 ὀρθῶς
1040 521 1334 573 ἐνδεδειγμένον
1375 521 1596 573 Θεοκρίνην
1616 538 1635 571 5

267 590 432 636 τουτονί,
471 590 534 630 καὶ
569 589 620 641 μὴ
658 590 781 640 μόνον
811 589 956 641 ἔνοχον
979 590 1076 629 ὄντα
1111 593 1159 645 τῇ
1194 587 1358 638 ἐνδείξει
1394 590 1491 628 κατὰ
1527 588 1595 629 τὰς

267 658 402 709 χιλίας
426 656 492 709 ἐφ’
516 657 578 699 αἶς
603 656 851 705 ἐνδέδεικται,
877 656 982 696 ἀλλὰ
1008 655 1070 696 καὶ
1099 659 1265 696 πολλοῖς
1293 655 1434 696 ἄλλοις
1465 653 1594 707 ὀφλή-

267 739 408 774 μασιν,·
447 724 524 775 ἐγὼ
549 726 621 774 μὲν
640 724 818 774 οὐδαμῶς
843 723 999 774 νομίζω.
1058 723 1105 764 οὐ
1127 721 1203 775 γὰρ
1229 722 1274 772 δὴ
1301 724 1527 772 προσδοκᾶν
1550 738 1597 774 γε

268 790 328 830 δεῖ
353 791 573 842 Θεοκρίνην
596 789 714 830 αὐτὸν
735 789 1001 842 ὁμολογήσειν
1026 790 1206 843 ὀφείλειν
1227 789 1319 839 ὑμῖν
1343 792 1396 843 τῷ
1421 789 1597 844 δημοσίῳ

269 856 330 896 καὶ
347 857 504 898 δικαίως
521 858 764 910 ἐνδεδεῖχθαι
781 855 942 910 φήσειν,
960 858 1068 898 ἀλλὰ
1082 856 1312 897 τούναντίον
1327 855 1457 896 πάντα
1471 856 1596 908 λόγον
1618 872 1658 896 10

267 927 424 974 μᾶλλον
447 924 552 976 ἐρεῖν
579 925 642 965 καὶ
666 922 798 965 πάσας
823 925 948 965 αἰτίας
981 925 1120 972 οἴσειν,
1147 923 1198 965 ὡς
1226 922 1594 973 καταστασιάζεται,

205 1010 245 1044 23
269 991 319 1032 ὡς
343 993 407 1031 διὰ
430 992 499 1033 τὰς
524 995 602 1032 τῶν
626 991 864 1043 παρανόμων
889 993 1045 1044 γραφὰς
1079 992 1135 1033 εἷς
1164 989 1272 1031 ταῦθ’
1297 990 1396 1040 ἥκει.
1455 989 1597 1030 λοιπὸν

268 1057 344 1110 γάρ
377 1059 490 1099 ἐστιν
521 1062 635 1099 τοῦτο
666 1062 747 1100 τοῖς
780 1060 824 1099 ἐν
846 1059 978 1100 αὐτοῖς
1008 1061 1091 1100 τοῖς
1119 1056 1351 1109 πράγμασιν
1383 1056 1596 1110 ἐξελεγχο-

266 1125 412 1175 μένοις,
435 1127 562 1168 αἰτίας
589 1127 649 1166 καὶ
675 1125 899 1178 προφάσεις
926 1125 1120 1176 εὑρίσκειν
1147 1125 1290 1165 αἵτινες
1315 1127 1384 1164 τοῦ
1406 1125 1597 1176 παρόντος

266 1193 366 1242 ὑμᾶς
385 1191 600 1243 ποιήσουσι
620 1192 847 1245 πράγματος
868 1192 1176 1243 ἐπιλαθομένους
1194 1194 1277 1233 τοῖς
1296 1190 1370 1242 ἔξω
1390 1193 1459 1241 τῆς
1480 1208 1595 1241 κατη-
1619 1215 1656 1247 15

266 1259 403 1312 γορίας
425 1260 563 1312 λόγοις
588 1259 816 1313 προσέχειν.
866 1260 945 1312 ἐγὼ
970 1259 1025 1306 δέ,
1047 1257 1077 1300 ὦ
1093 1258 1234 1310 ἄνδρες
1256 1259 1453 1304 δικασταί,
1474 1259 1507 1298 εἰ
1525 1260 1598 1309 μὲν

267 1326 399 1378 ἑώρων
424 1328 466 1367 ἐν
490 1331 572 1368 τοῖς
598 1326 912 1379 ἀνεγνωσμένοις
938 1327 1070 1378 νόμοις
1096 1325 1367 1378 γεγραμμένον
1393 1327 1539 1365 ‘rafim
1564 1323 1597 1365 δ’

102 1399 242 1455 [1329]
268 1393 368 1434 εἶναι
408 1393 519 1446 κύρια
556 1395 645 1446 περὶ
681 1398 759 1434 τῶν
798 1394 1166 1445 συκοφαντούντων,
1205 1392 1254 1433 ἂν
1287 1392 1340 1445 μὴ
1379 1393 1597 1444 Θεοκρίνης

267 1462 481 1514 ἐνδειχθεὶς
506 1462 709 1502 αἰτιᾶσθαι
732 1462 929 1513 βούληται
955 1461 1201 1510 Θουκυδίδην
1226 1456 1249 1510 ἢ
1281 1458 1547 1510 Δημοσθένην
1569 1455 1594 1510 ἢ

267 1529 328 1568 καὶ
353 1531 430 1568 τῶν
455 1527 770 1579 πολιτευομένων
797 1528 924 1568 ἄλλον
946 1527 1033 1568 τινά
1049 1527 1073 1576 ’,
1099 1527 1273 1581 ἡσυχίαν
1290 1526 1338 1567 ἂν
1358 1525 1468 1579 ἦγον.
1528 1529 1597 1567 νῦν
1618 1545 1658 1567 20

266 1597 307 1635 δὲ
336 1594 485 1635 τούτων
519 1595 701 1646 οὐδεμίαν
733 1596 809 1647 ὁρῶ
838 1598 915 1635 τῶν
946 1593 1138 1647 σκήψεων
1165 1595 1367 1647 ὑπόλογον
1400 1594 1525 1634 οὖσαν
1552 1594 1596 1633 ἐν

265 1665 348 1703 τοῖς
372 1662 520 1712 νόμοις,
548 1662 637 1703 οὐδὲ
663 1661 810 1712 καινήν,
839 1658 943 1703 ὥστε
966 1661 1183 1715 προσέχειν
1207 1664 1277 1702 νῦν
1301 1664 1455 1712 πρῶτον
1477 1660 1594 1701 ἀκού-

266 1745 426 1775 σαντας,
467 1730 572 1769 ἀλλὰ
612 1728 788 1781 μυριάκις
829 1730 934 1781 παρὰ
974 1732 1053 1769 τῶν
1096 1727 1333 1780 κρινομένων
1375 1727 1594 1780 εἰρημένην.

200 1812 244 1846 24
265 1795 391 1836 ἀκούω
420 1798 462 1836 δὲ
493 1797 557 1836 καὶ
587 1798 691 1848 παρὰ
718 1799 796 1836 τῶν
833 1795 1129 1847 πρεσβυτέρων,
1160 1793 1190 1835 ὦ
1225 1795 1362 1846 ἄνδρες
1398 1793 1593 1841 δικασταί,

266 1862 316 1904 ὡς
342 1862 418 1915 ἄρα
440 1863 643 1914 προσῆκόν
668 1864 778 1903 ἐστιν
802 1864 906 1905 ὅλως
929 1865 1002 1913 μὲν
1024 1863 1162 1913 μηδενὶ
1193 1863 1386 1913 μηδεμίαν
1412 1861 1591 1913 συγγνώ-
1615 1880 1653 1912 25

264 1945 341 1980 μην
365 1928 557 1982 ὑπάρχειν
583 1931 871 1982 παραβαίνοντι
899 1929 988 1971 τοὺς
1016 1929 1171 1980 νόμους,
1202 1930 1236 1969 εἰ
1266 1928 1299 1968 δ’
1329 1928 1403 1980 ἄρα
1436 1931 1506 1974 δεῖ,
1539 1927 1594 1979 μὴ

264 1999 346 2037 τοῖς
382 2001 560 2050 συνεχῶς
595 1997 686 2037 οὖσι
719 2000 905 2048 πονηροῖς
939 1998 1036 2047 μηδὲ
1074 1999 1156 2037 τοῖς
1198 1994 1258 2036 ἐπ’
1295 1995 1463 2049 ἀργυρίῳ
1503 1995 1596 2037 τοὺς

265 2064 407 2113 νόμους
436 2063 682 2115 προϊεμένοις
707 2062 766 2114 (οὐ
798 2065 873 2116 γὰρ
908 2061 1034 2109 εἰκός),
1068 2062 1159 2103 ἀλλ’
1190 2063 1331 2103 οἵτινες
1359 2061 1407 2102 ἂν
1432 2055 1496 2102 διὸ.
1523 2061 1595 2112 τὴν

265 2131 393 2171 αὑτῶν
417 2131 728 2183 ἀπραγμοσύνην
753 2130 912 2173 ἄκοντές
937 2147 974 2170 τι
997 2134 1076 2170 τῶν
1099 2128 1381 2182 γεγραμμένων
1403 2132 1592 2182 παραβῶ-

312 2251 325 2271 1
353 2240 494 2281 ὀφείλειν
509 2243 567 2279 τῆς
585 2240 698 2282 ἡμέρας
711 2239 743 2270 Α
853 2250 871 2279 5
899 2239 1155 2280 ἐπιδεδειγμένον
1167 2238 1198 2269 Α
1310 2249 1327 2278 7
1353 2239 1465 2271 ἄλλοις
1482 2249 1545 2271 om.
1562 2238 1594 2270 A

265 2285 285 2315 8
310 2287 488 2326 προσδοκᾶν
517 2298 555 2325 ’γε
583 2284 635 2315 A:
666 2298 705 2326 γε
737 2286 916 2325 προσδοκᾶν
949 2284 972 2314 S
1005 2284 1092 2322 vulg.
1249 2293 1270 2322 9
1293 2285 1362 2322 ὑμῖν
1393 2282 1534 2323 ὀφείλειν
1563 2282 1594 2312 Α

270 2339 308 2358 10
331 2327 447 2370 φήσειν
464 2328 530 2358 del.
550 2328 663 2358 Nabcr
752 2328 851 2368 ἀλλὰ]
871 2327 947 2359 ἀλλ’
966 2328 1000 2358 οὐ
1013 2327 1043 2356 Α
1179 2336 1216 2364 13
1243 2329 1276 2359 ἐν
1288 2326 1357 2358 del.
1377 2325 1513 2364 Tay10r‚
1533 2326 1593 2356 sed

266 2372 306 2403 cs.
327 2371 481 2402 Prooem.
502 2372 582 2401 xxiv
741 2382 778 2411 19
803 2370 1003 2403 αἰτιάσασθαι
1035 2370 1065 2399 Α
1234 2379 1271 2399 21
1299 2371 1357 2401 ὑπὸ
1389 2369 1493 2410 λόγον
1506 2370 1528 2399 S
1544 2369 1568 2398 F
1585 2380 1594 2400 ι

267 2414 438 2447 ὑπόλοιπον
456 2414 485 2444 Α
639 2425 679 2453 24
705 2416 784 2455 παρὰ
800 2418 865 2446 τῶν
881 2414 906 2445 S
923 2414 1010 2453 vulg.
1031 2425 1037 2444 :
1062 2417 1126 2445 τῶν
1143 2413 1173 2442 Α
1191 2418 1225 2442 ut
1246 2415 1261 2450 ξ
1286 2414 1326 2442 62
1483 2415 1524 2443 26
1549 2415 1599 2444 δεῖ

265 2458 360 2490 codd.
377 2471 382 2489 :
409 2461 474 2490 δεῖν
491 2458 625 2489 Naber:
650 2458 842 2496 deleverim,
862 2459 901 2490 cf.
920 2457 977 2488 xxi
998 2458 1060 2498 138
1194 2457 1234 2486 28
1258 2456 1458 2497 προιεμένους
1476 2456 1500 2487 S
1513 2454 1593 2486 FA1

266 2512 308 2541 29
330 2503 566 2543 παραβαίνωσιν
581 2501 612 2530 Α
