1746 2774
87 109 230 163 [1468]

214 489 230 525 5

667 110 1151 149 AHMOEOENOTE

253 210 516 260 ἐπιλελῆσθαι
541 213 617 250 τῶν
641 209 728 261 ἐμοὶ
754 208 1041 261 πεπραγμένων
1064 210 1161 261 ὑπὲρ
1180 210 1296 259 ὑμῶν,
1325 209 1350 249 ἃ
1372 209 1451 261 ἐγὼ
1471 211 1578 249 δυοῖν

251 277 365 317 ἕνεκα
389 280 456 318 νῦν
481 279 581 317 ὀκνῶ
606 276 778 329 γράφειν
794 276 879 316 καθ’
905 277 1088 326 ἕκαστον,
1111 276 1198 318 ἑνὸς
1221 275 1306 326 μέν,
1333 275 1403 316 τὸν
1426 276 1578 328 φθόνον

252 344 400 394 δεδιώς,
429 344 523 396 πρὸς
549 343 593 384 ὃν
620 342 734 384 οὐδέν
759 344 872 384 ἐστιν
890 344 1085 396 προῦργου
1105 344 1255 393 τάληθῆ
1275 341 1423 394 λέγειν,
1445 341 1578 394 ἑτέρου

252 410 308 457 δέ,
342 412 401 451 ὅτι
430 413 563 452 πολλὰ
594 412 655 451 καὶ
689 410 815 462 ἀνάξι’
850 411 1008 451 ἐκείνων
1034 412 1096 450 διὰ
1121 410 1191 460 τὴν
1215 414 1294 450 τῶν
1317 409 1456 450 ἄλλων
1479 408 1574 449 Ἑλ-

251 476 386 528 λήνων
415 479 551 518 κακίαν
584 481 652 518 νῦν
688 477 874 530 πράττειν
911 478 1219 530 ἀναγκαζόμεθα.
1292 477 1335 516 ἐν
1371 477 1577 530 κεφαλαίῳ

253 547 294 586 δὲ
318 545 462 585 τοιαῦτ’
495 546 607 585 ἐστὶν
643 544 707 597 ἐφ’
737 546 796 587 οἷς
829 544 1070 596 ἐξηταζόμην
1102 545 1200 596 ὑπὲρ
1230 544 1338 594 ὑμῶν
1364 544 1454 596 ἐγώ,
1481 542 1578 583 ὥσθ’

532 611 540 625 Ὶ

250 612 348 663 ὑμᾶς
379 615 452 663 μὲν
480 614 530 653 ἐπ
566 612 695 654 αὐτοῖς
729 612 804 652 ὑπὸ
828 611 986 652 πάντων
1013 612 1241 662 ζηλοῦσθαι,
1267 611 1354 661 ἐμοὶ
1380 610 1412 651 δ’
1438 610 1580 651 ἐλπίδα

251 683 329 719 τῶν
363 680 564 732 μεγίστων
598 681 753 731 δωρεῶν
790 681 1087 731 προσδοκᾶσθαι
1122 677 1211 730 παρ’
1251 678 1372 728 ὑμῶν.
1442 680 1511 728 τῆς
1547 676 1579 717 δ’

252 747 466 798 ἀναγκαίας
490 746 576 797 μέν,
602 746 832 799 ἀγνώμονος
856 748 897 786 δὲ
922 746 1043 799 τύχης
1069 745 1143 798 οὐχ
1162 745 1213 786 ὡς
1236 746 1386 786 δίκαιον
1404 744 1465 795 ἦν,
1486 743 1579 784 ἀλλ’

253 813 303 854 ὡς
333 814 538 864 ἐβούλετο,
567 813 756 865 κρινάσης
787 813 856 853 τὸν
886 813 982 864 ὑπὲρ
1013 815 1082 863 τῆς
1115 816 1193 852 τῶν
1225 811 1434 863 Ἑλλήνων
1464 813 1576 852 ἐλευ-

210 881 383 932 6θερίας
423 881 570 933 ἀγῶνα,
612 880 656 920 ὃν
694 882 804 931 ὑμεῖς
845 880 1113 932 ἠγωνίσασθε,
1158 878 1237 919 οὐδ’
1278 881 1321 920 ἐν
1361 882 1443 921 τοῖς
1480 880 1579 930 μετὰ

251 951 372 988 ταῦτα
399 948 558 1001 χρόνοις
591 947 770 998 ἀπέστην
804 950 872 997 τῆς
910 949 964 989 εἰς
993 948 1092 998 ὑμᾶς
1127 946 1292 993 εὐνοίας,
1319 946 1400 987 οὐδ’
1433 947 1576 997 ἀντηλ-

250 1013 432 1066 λαξάμην
469 1015 555 1055 ἀντὶ
591 1015 732 1065 ταύτης
772 1014 898 1060 οὐδέν,
944 1014 988 1055 οὐ
1030 1013 1161 1068 χάριν,
1205 1014 1273 1054 οὐκ
1314 1015 1492 1060 ἐλπίδας,
1534 1013 1586 1054 οὔ

251 1085 436 1129 πλοῦτον,
480 1082 524 1122 οὗ
567 1082 813 1128 δυναστείαν,
857 1082 924 1122 οὐκ
965 1081 1207 1134 ἀσφάλειαν.
1281 1082 1405 1122 καίτοι
1449 1080 1579 1123 πάντα

250 1148 358 1189 ταῦθ’
391 1149 524 1202 ἑώρων
555 1148 785 1203 ὑπάρχοντα
813 1152 895 1190 τοῖς
928 1148 1012 1189 καθ’
1041 1150 1148 1201 ὑμῶν
1172 1148 1438 1201 βουλομένοις
1460 1153 1576 1190 πολι-

519 1216 533 1231 Λ

210 1216 446 1262 7τεύεσθαι.
518 1234 537 1256 ο
585 1216 640 1264 δέ,
689 1221 853 1257 πολλῶν
900 1218 1025 1257 ὄντων
1073 1217 1134 1256 καὶ
1180 1215 1367 1269 μεγάλων
1414 1214 1479 1268 ἐφ’
1521 1216 1579 1258 οἷς

84 1714 229 1769 [1469]

251 1284 409 1326 εἰκότως
442 1283 656 1338 ἐπέρχεταί
681 1301 748 1335 μοι
780 1283 1132 1337 παρρησιάζεσθαι,
1166 1283 1359 1336 μέγιστον
1394 1283 1577 1335 ἡγοῦμαι,

250 1350 318 1390 οὐκ
343 1350 499 1401 ὀκνήσω
523 1351 678 1404 γράψαι
702 1351 798 1404 πρὸς
822 1353 933 1402 ὑμᾶς,
960 1352 1018 1391 ὅτι
1045 1352 1087 1391 ἐν
1111 1350 1255 1392 ἅπαντι
1284 1355 1337 1405 τῷ
1367 1352 1477 1391 αἰῶνι
1500 1353 1579 1391 τῶν

249 1418 599 1469 μνημονευομένων
630 1419 845 1470 ἀνθρώπων
875 1417 1098 1459 δεινοτάτου
1127 1418 1391 1471 γεγενημένου
1427 1418 1574 1458 Φιλίπ-

250 1502 325 1526 που
358 1487 420 1526 καὶ
456 1485 503 1525 δι’
540 1486 694 1536 ὁμιλίας
730 1489 866 1526 πεῖσαι
903 1484 1118 1539 προσέχειν
1155 1486 1256 1540 αὐτῷ
1293 1485 1360 1526 τὸν
1397 1488 1489 1526 νοῦν
1524 1484 1576 1526 ὣς

248 1553 452 1603 βούλοιτο,
499 1553 561 1592 καὶ
603 1555 828 1605 διαφθεῖραι
869 1551 1048 1606 χρήμασι
1087 1552 1178 1595 τοὺς
1224 1554 1267 1593 ἐν
1308 1552 1457 1609 ἑκάστῃ
1497 1555 1576 1593 τῶν

248 1618 497 1670 Ἑλληνίδων
521 1620 676 1660 πόλεων
701 1621 930 1672 γνωρίμους,
952 1620 1030 1672 ἐγὼ
1058 1621 1176 1671 μόνος
1202 1620 1403 1672 οὐδετέρου
1427 1619 1577 1660 τούτων

249 1685 433 1737 ἡττήθην,
456 1685 477 1727 ὃ
497 1687 629 1737 κοινὴν
648 1689 737 1738 ὑμῖν
759 1688 991 1739 φιλοτιμίαν
1011 1686 1136 1740 φέρει,
1159 1689 1292 1727 πολλὰ
1310 1689 1382 1737 μὲι·
1403 1687 1576 1740 ἐντυχὼν

250 1755 440 1809 Φιλίππῳ
483 1755 545 1794 καὶ
592 1754 814 1808 διαλεχθεὶς
862 1753 927 1806 ἐφ’
969 1755 1026 1795 οἶς
1066 1755 1174 1805 ὑμεῖς
1216 1752 1411 1805 ἐπέμπετε
1451 1770 1573 1806 πρεσ-

249 1820 424 1871 βεύοντά
457 1838 518 1872 με,
557 1821 720 1861 πολλῶν
757 1820 788 1861 δ’
825 1822 1104 1874 ἀποσχόμενος
1145 1820 1358 1874 χρημάτων
1399 1821 1574 1862 διδόντος

251 1888 414 1934 ἐκείνου,
451 1889 476 1929 ἃ
511 1892 588 1929 τῶν
626 1888 862 1929 συνειδότων
899 1889 956 1929 ἔτι
997 1889 1141 1929 πολλοὶ
1179 1888 1309 1938 ζῶσιν.
1381 1887 1446 1929 οὓς
1486 1888 1575 1928 τίνα

250 1955 409 2007 γνώμην
459 1955 567 2009 ἔχειν
604 1956 692 2007 περὶ
733 1957 840 2006 ὑμῶν
883 1955 997 2002 εἰκός,
1039 1956 1276 2008 λογίσασθε·
1313 1954 1357 1995 τὸ
1403 1955 1478 2007 γὰρ
1519 1957 1573 2008 τῷ

250 2022 408 2077 τοιούτῳ
442 2026 582 2063 τοῦτον
612 2025 831 2076 κεχρῆσθαι
859 2022 929 2063 τὸν
960 2023 1107 2075 τρόπον
1137 2023 1223 2074 ἐμοὶ
1252 2025 1325 2074 μὲν
1352 2021 1400 2062 ἂν
1435 2021 1476 2062 εὖ
1500 2019 1573 2061 οἶδ’

249 2089 311 2130 ὅτι
339 2091 526 2142 συμφορὰ
557 2091 715 2143 φανείη,
755 2091 869 2130 κακία
902 2089 935 2130 δ’
971 2090 1142 2141 οὐδεμία,
1174 2089 1338 2141 ὑμετέρα
1374 2088 1407 2129 δ’
1445 2089 1571 2141 ἀγνω-

298 2196 335 2217 12
360 2187 584 2229 ἐνηλλαξάμην
599 2188 760 2220 Priscian.
776 2188 854 2219 xviii
870 2189 927 2227 187
978 2190 1016 2218 16
1039 2190 1087 2220 καὶ
1104 2189 1253 2229 μεγάλων
1267 2189 1367 2220 ὄντων
1381 2188 1405 2219 S
1419 2187 1479 2218 sed
1497 2197 1571 2218 cum

248 2231 336 2262 notis
352 2233 594 2271 transponendi
656 2243 691 2271 17
713 2233 850 2272 ἡγοῦμαι
867 2231 1051 2263 Schaeser:
1068 2233 1213 2272 ἡγούμην
1229 2232 1327 2262 codd.
1388 2242 1430 2261 ρο
1446 2230 1501 2271 ὡς]
1519 2231 1572 2262 οὓς

249 2274 415 2305 Richards
462 2286 502 2313 23
521 2277 630 2314 κοινὴν
644 2276 700 2314 SQ
717 2287 723 2306 :
740 2277 790 2307 καὶ
807 2278 863 2307 νῦν
882 2275 906 2305 F
953 2276 1026 2315 ἡμῖν
1043 2275 1082 2306 S¹
1129 2285 1168 2313 27
1194 2277 1281 2317 ἔχειν
1293 2276 1362 2316 περὶ
1381 2277 1465 2314 ὑμῶν
1483 2274 1571 2315 Έγρ.

248 2318 360 2359 Ωγρ.;
380 2329 443 2349 om.
462 2319 485 2349 S
499 2319 524 2349 F
537 2319 566 2357 Q
623 2319 846 2360 λογίζεσθαιΡ
859 2332 900 2359 γρ
975 2320 1016 2349 28
1033 2322 1207 2360 κεχρῆσθαι
1223 2321 1281 2351 τὸν
1295 2319 1413 2360 τρόπον
1425 2317 1570 2348 Hermo-

246 2372 353 2399 genes
365 2373 395 2400 p.
410 2364 473 2401 256
487 2363 613 2403 (Rabe')
629 2375 636 2394 ε
653 2365 708 2395 τὸν
720 2363 837 2404 τρόπον
848 2366 1024 2403 κεχρῆσθαι
1035 2363 1132 2394 codd.
1174 2364 1240 2403 ἐμοὶ
1254 2363 1366 2401 codd.,
1384 2362 1545 2399 Hermog.
1563 2371 1570 2391 :

248 2406 306 2445 ἐμὴ
324 2405 487 2436 Schaefer
531 2417 574 2445 29
598 2408 744 2448 συμφορὰ
761 2407 872 2447 φανείη
893 2407 1056 2445 Hermog.
1074 2418 1080 2437 :
1104 2408 1216 2449 φανείη
1235 2407 1380 2447 συμφορὰ
1397 2405 1492 2436 codd.

1602 830 1641 852 10

1603 1165 1637 1198 ¹5

1598 1503 1637 1526 20

1596 1837 1633 1868 25
