<?xml version="1.0" encoding="UTF-8"?>
<!DOCTYPE html PUBLIC "-//W3C//DTD XHTML 1.0 Transitional//EN"
    "http://www.w3.org/TR/xhtml1/DTD/xhtml1-transitional.dtd">
<html xmlns="http://www.w3.org/1999/xhtml" xml:lang="en" lang="en">
 <head>
  <title>
</title>
<meta http-equiv="Content-Type" content="text/html;charset=utf-8" />
  <meta name='ocr-system' content='tesseract 3.04.00' />
  <meta name='ocr-capabilities' content='ocr_page ocr_carea ocr_par ocr_line ocrx_word'/>
</head>
<body>
  <div class='ocr_page' id='page_1' title='image "./orationesrecog03demouoft_0323.png"; bbox 0 0 1763 2778; ppageno 0'>
   <div class='ocr_carea' id='block_1_1' title="bbox 170 113 1655 173">
    <p class='ocr_par' dir='ltr' id='par_1_1' title="bbox 170 113 1655 173">
     <span class='ocr_line' id='line_1_1' title="bbox 170 113 1655 173; baseline 0.008 -17"><span class='ocrx_word' id='word_1_1' title='bbox 170 118 244 173; x_wconf 67' lang='lat' dir='ltr'>mx]</span> <span class='ocrx_word' id='word_1_2' title='bbox 593 122 754 159; x_wconf 74' lang='lat' dir='ltr'><strong>RATA</strong></span> <span class='ocrx_word' id='word_1_3' title='bbox 804 123 952 159; x_wconf 71' lang='lat' dir='ltr'><strong>NEAI</strong></span> <span class='ocrx_word' id='word_1_4' title='bbox 966 123 1073 160; x_wconf 72' lang='lat' dir='ltr'>PAE</span> <span class='ocrx_word' id='word_1_5' title='bbox 1520 113 1655 168; x_wconf 82' lang='lat'><strong>[1353]</strong></span> 
     </span>
    </p>
   </div>
   <div class='ocr_carea' id='block_1_2' title="bbox 167 213 1498 375">
    <p class='ocr_par' dir='ltr' id='par_1_2' title="bbox 167 213 1498 375">
     <span class='ocr_line' id='line_1_2' title="bbox 167 213 1498 266; baseline 0.001 -13"><span class='ocrx_word' id='word_1_6' title='bbox 167 216 269 265; x_wconf 79' lang='grc' dir='ltr'>παρὰ</span> <span class='ocrx_word' id='word_1_7' title='bbox 299 215 514 265; x_wconf 79' lang='grc' dir='ltr'>Κτησίππῳ</span> <span class='ocrx_word' id='word_1_8' title='bbox 551 218 600 266; x_wconf 74' lang='grc' dir='ltr'>τῷ</span> <span class='ocrx_word' id='word_1_9' title='bbox 640 214 908 260; x_wconf 78' lang='grc' dir='ltr'>Γλαυκωνίδου,</span> <span class='ocrx_word' id='word_1_10' title='bbox 946 215 1005 253; x_wconf 78' lang='grc' dir='ltr'>καὶ</span> <span class='ocrx_word' id='word_1_11' title='bbox 1038 216 1234 264; x_wconf 80' lang='grc' dir='ltr'>συμπίνειν</span> <span class='ocrx_word' id='word_1_12' title='bbox 1267 213 1346 264; x_wconf 82' lang='grc' dir='ltr'>μετ’</span> <span class='ocrx_word' id='word_1_13' title='bbox 1379 216 1498 254; x_wconf 75' lang='grc' dir='ltr'>αὐτῶν</span> 
     </span>
     <span class='ocr_line' id='line_1_3' title="bbox 169 269 1496 321; baseline 0.001 -13"><span class='ocrx_word' id='word_1_14' title='bbox 169 271 333 319; x_wconf 85' lang='grc' dir='ltr'>Νέαιραν</span> <span class='ocrx_word' id='word_1_15' title='bbox 365 271 412 309; x_wconf 85' lang='grc' dir='ltr'>ὡς</span> <span class='ocrx_word' id='word_1_16' title='bbox 443 269 588 318; x_wconf 84' lang='grc' dir='ltr'>ἑταίραν</span> <span class='ocrx_word' id='word_1_17' title='bbox 622 269 738 307; x_wconf 77' lang='grc' dir='ltr'>οὖσαν</span> <span class='ocrx_word' id='word_1_18' title='bbox 777 269 837 307; x_wconf 83' lang='grc' dir='ltr'>καὶ</span> <span class='ocrx_word' id='word_1_19' title='bbox 869 270 997 307; x_wconf 76' lang='grc' dir='ltr'>ἄλλων</span> <span class='ocrx_word' id='word_1_20' title='bbox 1029 272 1183 308; x_wconf 80' lang='grc' dir='ltr'>πολλῶν</span> <span class='ocrx_word' id='word_1_21' title='bbox 1216 271 1408 321; x_wconf 84' lang='grc' dir='ltr'>παρόντων</span> <span class='ocrx_word' id='word_1_22' title='bbox 1439 271 1496 309; x_wconf 79' lang='grc' dir='ltr'>καὶ</span> 
     </span>
     <span class='ocr_line' id='line_1_4' title="bbox 168 324 787 375; baseline -0.003 -12"><span class='ocrx_word' id='word_1_23' title='bbox 168 324 425 375; x_wconf 84' lang='grc' dir='ltr'>συμπινόντων</span> <span class='ocrx_word' id='word_1_24' title='bbox 443 325 543 374; x_wconf 81' lang='grc' dir='ltr'>παρὰ</span> <span class='ocrx_word' id='word_1_25' title='bbox 563 324 787 375; x_wconf 88' lang='grc' dir='ltr'>Κτησίππῳ.</span> 
     </span>
    </p>
   </div>
   <div class='ocr_carea' id='block_1_3' title="bbox 101 434 1656 2226">
    <p class='ocr_par' dir='ltr' id='par_1_3' title="bbox 130 434 1562 825">
     <span class='ocr_line' id='line_1_5' title="bbox 235 434 1562 493; baseline 0.001 -16"><span class='ocrx_word' id='word_1_26' title='bbox 235 437 350 477; x_wconf 79' lang='grc' dir='ltr'>Μετὰ</span> <span class='ocrx_word' id='word_1_27' title='bbox 386 439 507 493; x_wconf 79' lang='grc' dir='ltr'>ταῦτα</span> <span class='ocrx_word' id='word_1_28' title='bbox 547 434 679 475; x_wconf 81' lang='grc' dir='ltr'>τοίνυν</span> <span class='ocrx_word' id='word_1_29' title='bbox 720 435 763 475; x_wconf 88' lang='grc' dir='ltr'>ἐν</span> <span class='ocrx_word' id='word_1_30' title='bbox 803 434 850 492; x_wconf 80' lang='grc' dir='ltr'>τῇ</span> <span class='ocrx_word' id='word_1_31' title='bbox 899 436 1077 491; x_wconf 79' lang='grc' dir='ltr'>Κορίνθῳ</span> <span class='ocrx_word' id='word_1_32' title='bbox 1126 434 1244 486; x_wconf 81' lang='grc' dir='ltr'>αὐτῆς</span> <span class='ocrx_word' id='word_1_33' title='bbox 1292 436 1497 488; x_wconf 80' lang='grc' dir='ltr'>ἐπιφανῶς</span> <span class='ocrx_word' id='word_1_34' title='bbox 1517 447 1562 482; x_wconf 88' lang='lat'>26</span> 
     </span>
     <span class='ocr_line' id='line_1_6' title="bbox 130 501 1497 556; baseline 0 -12"><span class='ocrx_word' id='word_1_35' title='bbox 130 522 147 554; x_wconf 90' lang='lat'>5</span> <span class='ocrx_word' id='word_1_36' title='bbox 168 502 430 556; x_wconf 75' lang='grc' dir='ltr'>ἐργαζομένης</span> <span class='ocrx_word' id='word_1_37' title='bbox 455 502 517 543; x_wconf 85' lang='grc' dir='ltr'>καὶ</span> <span class='ocrx_word' id='word_1_38' title='bbox 536 502 658 553; x_wconf 82' lang='grc' dir='ltr'>οὔσης</span> <span class='ocrx_word' id='word_1_39' title='bbox 682 505 866 554; x_wconf 76' lang='grc' dir='ltr'>λαμπρᾶς</span> <span class='ocrx_word' id='word_1_40' title='bbox 889 501 1009 542; x_wconf 82' lang='grc' dir='ltr'>ἄλλοι</span> <span class='ocrx_word' id='word_1_41' title='bbox 1034 519 1077 543; x_wconf 94' lang='grc' dir='ltr'>τε</span> <span class='ocrx_word' id='word_1_42' title='bbox 1103 502 1265 555; x_wconf 85' lang='grc' dir='ltr'>ἐρασταὶ</span> <span class='ocrx_word' id='word_1_43' title='bbox 1291 503 1497 555; x_wconf 85' lang='grc' dir='ltr'>γίγνονται</span> 
     </span>
     <span class='ocr_line' id='line_1_7' title="bbox 168 568 1496 622; baseline 0 -11"><span class='ocrx_word' id='word_1_44' title='bbox 168 570 231 611; x_wconf 89' lang='grc' dir='ltr'>καὶ</span> <span class='ocrx_word' id='word_1_45' title='bbox 268 570 567 620; x_wconf 84' lang='grc' dir='ltr'>Ξενοκλείδηςὸ</span> <span class='ocrx_word' id='word_1_46' title='bbox 598 569 763 620; x_wconf 76' lang='grc' dir='ltr'>ποιητὴς</span> <span class='ocrx_word' id='word_1_47' title='bbox 789 569 851 610; x_wconf 86' lang='grc' dir='ltr'>καὶ</span> <span class='ocrx_word' id='word_1_48' title='bbox 878 568 1102 622; x_wconf 85' lang='grc' dir='ltr'>Ἵππαρχος</span> <span class='ocrx_word' id='word_1_49' title='bbox 1132 570 1151 609; x_wconf 88' lang='grc' dir='ltr'><em>ὁ</em></span> <span class='ocrx_word' id='word_1_50' title='bbox 1184 568 1404 621; x_wconf 85' lang='grc' dir='ltr'>ὑποκριτής,</span> <span class='ocrx_word' id='word_1_51' title='bbox 1433 570 1496 611; x_wconf 83' lang='grc' dir='ltr'>καὶ</span> 
     </span>
     <span class='ocr_line' id='line_1_8' title="bbox 168 634 1496 691; baseline 0 -13"><span class='ocrx_word' id='word_1_52' title='bbox 168 637 280 691; x_wconf 79' lang='grc' dir='ltr'>εἶχον</span> <span class='ocrx_word' id='word_1_53' title='bbox 302 634 424 687; x_wconf 84' lang='grc' dir='ltr'>αὐτὴν</span> <span class='ocrx_word' id='word_1_54' title='bbox 453 636 761 688; x_wconf 81' lang='grc' dir='ltr'>μεμισθωμένοι.</span> <span class='ocrx_word' id='word_1_55' title='bbox 833 636 895 677; x_wconf 85' lang='grc' dir='ltr'>καὶ</span> <span class='ocrx_word' id='word_1_56' title='bbox 927 637 988 676; x_wconf 87' lang='grc' dir='ltr'>ὅτι</span> <span class='ocrx_word' id='word_1_57' title='bbox 1020 637 1147 687; x_wconf 84' lang='grc' dir='ltr'>ἀληθῆ</span> <span class='ocrx_word' id='word_1_58' title='bbox 1180 636 1300 688; x_wconf 88' lang='grc' dir='ltr'>λέγω,</span> <span class='ocrx_word' id='word_1_59' title='bbox 1327 640 1395 676; x_wconf 82' lang='grc' dir='ltr'>τοῦ</span> <span class='ocrx_word' id='word_1_60' title='bbox 1423 639 1496 688; x_wconf 80' lang='grc' dir='ltr'>μὲν</span> 
     </span>
     <span class='ocr_line' id='line_1_9' title="bbox 168 702 1494 757; baseline -0.002 -11"><span class='ocrx_word' id='word_1_61' title='bbox 168 704 434 746; x_wconf 81' lang='grc' dir='ltr'>Ξενοκλείδου</span> <span class='ocrx_word' id='word_1_62' title='bbox 457 703 526 744; x_wconf 83' lang='grc' dir='ltr'>οὐκ</span> <span class='ocrx_word' id='word_1_63' title='bbox 550 702 600 744; x_wconf 77' lang='grc' dir='ltr'>ἂν</span> <span class='ocrx_word' id='word_1_64' title='bbox 623 705 813 754; x_wconf 87' lang='grc' dir='ltr'>δυναίμην</span> <span class='ocrx_word' id='word_1_65' title='bbox 846 704 937 754; x_wconf 82' lang='grc' dir='ltr'>ὑμῖν</span> <span class='ocrx_word' id='word_1_66' title='bbox 960 704 1174 756; x_wconf 83' lang='grc' dir='ltr'>μαρτυρίαν</span> <span class='ocrx_word' id='word_1_67' title='bbox 1199 703 1494 757; x_wconf 83' lang='grc' dir='ltr'>παρασχέσθαι·</span> 
     </span>
     <span class='ocr_line' id='line_1_10' title="bbox 166 771 1561 825; baseline 0.001 -14"><span class='ocrx_word' id='word_1_68' title='bbox 166 771 212 812; x_wconf 85' lang='grc' dir='ltr'>οὐ</span> <span class='ocrx_word' id='word_1_69' title='bbox 235 772 309 824; x_wconf 78' lang='grc' dir='ltr'>γὰρ</span> <span class='ocrx_word' id='word_1_70' title='bbox 335 772 455 811; x_wconf 84' lang='grc' dir='ltr'>ἐῶσιν</span> <span class='ocrx_word' id='word_1_71' title='bbox 480 771 599 810; x_wconf 82' lang='grc' dir='ltr'>αὐτὸν</span> <span class='ocrx_word' id='word_1_72' title='bbox 627 772 664 811; x_wconf 80' lang='grc' dir='ltr'>οἱ</span> <span class='ocrx_word' id='word_1_73' title='bbox 696 771 810 821; x_wconf 88' lang='grc' dir='ltr'>νόμοι</span> <span class='ocrx_word' id='word_1_74' title='bbox 841 774 1064 823; x_wconf 81' lang='grc' dir='ltr'>μαρτυρεῖν·</span> <span class='ocrx_word' id='word_1_75' title='bbox 1103 771 1168 811; x_wconf 86' lang='grc' dir='ltr'>ὅτε</span> <span class='ocrx_word' id='word_1_76' title='bbox 1200 772 1275 823; x_wconf 76' lang='grc' dir='ltr'>γὰρ</span> <span class='ocrx_word' id='word_1_77' title='bbox 1302 773 1492 812; x_wconf 74' lang='grc' dir='ltr'>Λακεδαι-</span> <span class='ocrx_word' id='word_1_78' title='bbox 1516 789 1561 825; x_wconf 89' lang='lat'>27</span> 
     </span>
    </p>

    <p class='ocr_par' dir='ltr' id='par_1_4' title="bbox 107 835 1495 1162">
     <span class='ocr_line' id='line_1_11' title="bbox 107 835 1495 892; baseline 0 -13"><span class='ocrx_word' id='word_1_79' title='bbox 107 859 146 879; x_wconf 92' lang='lat'>10</span> <span class='ocrx_word' id='word_1_80' title='bbox 164 839 324 890; x_wconf 90' lang='grc' dir='ltr'>μονίους</span> <span class='ocrx_word' id='word_1_81' title='bbox 347 838 455 889; x_wconf 80' lang='grc' dir='ltr'>ὑμεῖς</span> <span class='ocrx_word' id='word_1_82' title='bbox 488 835 653 892; x_wconf 76' lang='grc' dir='ltr'>ἐσῴζετε</span> <span class='ocrx_word' id='word_1_83' title='bbox 689 837 920 879; x_wconf 82' lang='grc' dir='ltr'>πεισθέντες</span> <span class='ocrx_word' id='word_1_84' title='bbox 951 837 1026 878; x_wconf 81' lang='grc' dir='ltr'>ὑπὸ</span> <span class='ocrx_word' id='word_1_85' title='bbox 1059 837 1380 891; x_wconf 80' lang='grc' dir='ltr'>Καλλιστράτου,</span> <span class='ocrx_word' id='word_1_86' title='bbox 1404 839 1495 879; x_wconf 87' lang='grc' dir='ltr'>τότε</span> 
     </span>
     <span class='ocr_line' id='line_1_12' title="bbox 165 903 1492 961; baseline -0.001 -15"><span class='ocrx_word' id='word_1_87' title='bbox 165 905 361 946; x_wconf 85' lang='grc' dir='ltr'>ἀντειπὼν</span> <span class='ocrx_word' id='word_1_88' title='bbox 395 906 439 945; x_wconf 91' lang='grc' dir='ltr'>ἐν</span> <span class='ocrx_word' id='word_1_89' title='bbox 469 908 522 959; x_wconf 81' lang='grc' dir='ltr'>τῷ</span> <span class='ocrx_word' id='word_1_90' title='bbox 556 903 662 959; x_wconf 88' lang='grc' dir='ltr'>δήμῳ</span> <span class='ocrx_word' id='word_1_91' title='bbox 693 909 741 961; x_wconf 84' lang='grc' dir='ltr'>τῇ</span> <span class='ocrx_word' id='word_1_92' title='bbox 776 905 956 959; x_wconf 76' lang='grc' dir='ltr'>βοηθείᾳ,</span> <span class='ocrx_word' id='word_1_93' title='bbox 992 905 1212 956; x_wconf 86' lang='grc' dir='ltr'>ἐωνημένος</span> <span class='ocrx_word' id='word_1_94' title='bbox 1243 904 1315 955; x_wconf 80' lang='grc' dir='ltr'>τὴν</span> <span class='ocrx_word' id='word_1_95' title='bbox 1352 922 1492 957; x_wconf 87' lang='grc' dir='ltr'>πεντη-</span> 
     </span>
     <span class='ocr_line' id='line_1_13' title="bbox 167 970 1495 1028; baseline 0.001 -16"><span class='ocrx_word' id='word_1_96' title='bbox 167 971 312 1023; x_wconf 80' lang='grc' dir='ltr'>κοστὴν</span> <span class='ocrx_word' id='word_1_97' title='bbox 336 975 405 1012; x_wconf 86' lang='grc' dir='ltr'>τοῦ</span> <span class='ocrx_word' id='word_1_98' title='bbox 430 973 543 1012; x_wconf 86' lang='grc' dir='ltr'>σίτου</span> <span class='ocrx_word' id='word_1_99' title='bbox 568 972 610 1012; x_wconf 83' lang='grc' dir='ltr'>ἐν</span> <span class='ocrx_word' id='word_1_100' title='bbox 635 970 766 1028; x_wconf 79' lang='grc' dir='ltr'>εἰρήνῃ</span> <span class='ocrx_word' id='word_1_101' title='bbox 786 972 847 1012; x_wconf 85' lang='grc' dir='ltr'>καὶ</span> <span class='ocrx_word' id='word_1_102' title='bbox 872 971 962 1012; x_wconf 88' lang='grc' dir='ltr'>δέον</span> <span class='ocrx_word' id='word_1_103' title='bbox 987 972 1107 1012; x_wconf 84' lang='grc' dir='ltr'>αὐτὸν</span> <span class='ocrx_word' id='word_1_104' title='bbox 1132 972 1407 1023; x_wconf 85' lang='grc' dir='ltr'>καταβάλλειν</span> <span class='ocrx_word' id='word_1_105' title='bbox 1423 974 1495 1015; x_wconf 75' lang='grc' dir='ltr'>τὰς</span> 
     </span>
     <span class='ocr_line' id='line_1_14' title="bbox 165 1037 1494 1091; baseline 0.002 -12"><span class='ocrx_word' id='word_1_106' title='bbox 165 1040 394 1091; x_wconf 77' lang='grc' dir='ltr'>καταβολὰς</span> <span class='ocrx_word' id='word_1_107' title='bbox 418 1040 473 1081; x_wconf 87' lang='grc' dir='ltr'>εἷς</span> <span class='ocrx_word' id='word_1_108' title='bbox 488 1041 532 1078; x_wconf 87' lang='grc' dir='ltr'>τὸ</span> <span class='ocrx_word' id='word_1_109' title='bbox 556 1037 842 1090; x_wconf 85' lang='grc' dir='ltr'>βουλευτήριον</span> <span class='ocrx_word' id='word_1_110' title='bbox 874 1039 973 1079; x_wconf 83' lang='grc' dir='ltr'>κατὰ</span> <span class='ocrx_word' id='word_1_111' title='bbox 999 1043 1249 1091; x_wconf 86' lang='grc' dir='ltr'>πρυτανείαν,</span> <span class='ocrx_word' id='word_1_112' title='bbox 1278 1040 1341 1080; x_wconf 83' lang='grc' dir='ltr'>καὶ</span> <span class='ocrx_word' id='word_1_113' title='bbox 1373 1040 1494 1090; x_wconf 81' lang='grc' dir='ltr'>οὔσης</span> 
     </span>
     <span class='ocr_line' id='line_1_15' title="bbox 164 1104 1495 1162; baseline 0.001 -16"><span class='ocrx_word' id='word_1_114' title='bbox 164 1106 267 1162; x_wconf 76' lang='grc' dir='ltr'>αὐτῷ</span> <span class='ocrx_word' id='word_1_115' title='bbox 300 1106 482 1148; x_wconf 84' lang='grc' dir='ltr'>ἀτελείας</span> <span class='ocrx_word' id='word_1_116' title='bbox 519 1106 563 1146; x_wconf 87' lang='grc' dir='ltr'>ἐκ</span> <span class='ocrx_word' id='word_1_117' title='bbox 605 1109 683 1147; x_wconf 83' lang='grc' dir='ltr'>τῶν</span> <span class='ocrx_word' id='word_1_118' title='bbox 721 1106 854 1157; x_wconf 88' lang='grc' dir='ltr'>νόμων</span> <span class='ocrx_word' id='word_1_119' title='bbox 900 1106 968 1146; x_wconf 83' lang='grc' dir='ltr'>οὐκ</span> <span class='ocrx_word' id='word_1_120' title='bbox 1007 1104 1181 1157; x_wconf 83' lang='grc' dir='ltr'>ἐξελθὼν</span> <span class='ocrx_word' id='word_1_121' title='bbox 1228 1107 1383 1157; x_wconf 86' lang='grc' dir='ltr'>ἐκείνην</span> <span class='ocrx_word' id='word_1_122' title='bbox 1421 1106 1495 1158; x_wconf 77' lang='grc' dir='ltr'>τὴν</span> 
     </span>
    </p>

    <p class='ocr_par' dir='ltr' id='par_1_5' title="bbox 105 1173 1656 1495">
     <span class='ocr_line' id='line_1_16' title="bbox 105 1173 1494 1226; baseline -0.001 -12"><span class='ocrx_word' id='word_1_123' title='bbox 105 1191 143 1224; x_wconf 88' lang='lat'>15</span> <span class='ocrx_word' id='word_1_124' title='bbox 164 1174 389 1226; x_wconf 84' lang='grc' dir='ltr'>στρατείαν,</span> <span class='ocrx_word' id='word_1_125' title='bbox 421 1174 590 1226; x_wconf 85' lang='grc' dir='ltr'>γραφεὶς</span> <span class='ocrx_word' id='word_1_126' title='bbox 623 1173 698 1213; x_wconf 81' lang='grc' dir='ltr'>ὑπὸ</span> <span class='ocrx_word' id='word_1_127' title='bbox 736 1173 944 1226; x_wconf 78' lang='grc' dir='ltr'>Στεφάνου</span> <span class='ocrx_word' id='word_1_128' title='bbox 979 1175 1131 1214; x_wconf 79' lang='grc' dir='ltr'>τουτουὶ</span> <span class='ocrx_word' id='word_1_129' title='bbox 1163 1174 1399 1226; x_wconf 84' lang='grc' dir='ltr'>ἀστρατείας</span> <span class='ocrx_word' id='word_1_130' title='bbox 1433 1174 1494 1214; x_wconf 87' lang='grc' dir='ltr'>καὶ</span> 
     </span>
     <span class='ocr_line' id='line_1_17' title="bbox 163 1239 1492 1296; baseline 0 -15"><span class='ocrx_word' id='word_1_131' title='bbox 163 1241 397 1292; x_wconf 86' lang='grc' dir='ltr'>διαβληθεὶς</span> <span class='ocrx_word' id='word_1_132' title='bbox 427 1244 481 1295; x_wconf 79' lang='grc' dir='ltr'>τῷ</span> <span class='ocrx_word' id='word_1_133' title='bbox 506 1240 615 1295; x_wconf 86' lang='grc' dir='ltr'>λόγῳ</span> <span class='ocrx_word' id='word_1_134' title='bbox 650 1241 692 1281; x_wconf 87' lang='grc' dir='ltr'>ἐν</span> <span class='ocrx_word' id='word_1_135' title='bbox 721 1241 774 1296; x_wconf 74' lang='grc' dir='ltr'>τῷ</span> <span class='ocrx_word' id='word_1_136' title='bbox 801 1241 1042 1296; x_wconf 83' lang='grc' dir='ltr'>δικαστηρίῳ</span> <span class='ocrx_word' id='word_1_137' title='bbox 1067 1240 1174 1282; x_wconf 84' lang='grc' dir='ltr'>ἑάλω</span> <span class='ocrx_word' id='word_1_138' title='bbox 1208 1241 1271 1282; x_wconf 83' lang='grc' dir='ltr'>καὶ</span> <span class='ocrx_word' id='word_1_139' title='bbox 1301 1239 1492 1292; x_wconf 86' lang='grc' dir='ltr'>ἠτιμώθη.</span> 
     </span>
     <span class='ocr_line' id='line_1_18' title="bbox 164 1307 1558 1360; baseline -0.001 -12"><span class='ocrx_word' id='word_1_140' title='bbox 164 1308 290 1349; x_wconf 90' lang='grc' dir='ltr'>καίτοι</span> <span class='ocrx_word' id='word_1_141' title='bbox 330 1311 414 1351; x_wconf 84' lang='grc' dir='ltr'>πῶς</span> <span class='ocrx_word' id='word_1_142' title='bbox 453 1308 523 1349; x_wconf 77' lang='grc' dir='ltr'>οὐκ</span> <span class='ocrx_word' id='word_1_143' title='bbox 563 1309 700 1350; x_wconf 85' lang='grc' dir='ltr'>οἴεσθε</span> <span class='ocrx_word' id='word_1_144' title='bbox 740 1307 869 1349; x_wconf 88' lang='grc' dir='ltr'>δεινὸν</span> <span class='ocrx_word' id='word_1_145' title='bbox 911 1307 1022 1354; x_wconf 75' lang='grc' dir='ltr'>εἶναι,</span> <span class='ocrx_word' id='word_1_146' title='bbox 1062 1309 1095 1348; x_wconf 86' lang='grc' dir='ltr'>εἶ</span> <span class='ocrx_word' id='word_1_147' title='bbox 1131 1307 1222 1350; x_wconf 83' lang='grc' dir='ltr'>τοὺς</span> <span class='ocrx_word' id='word_1_148' title='bbox 1260 1309 1335 1359; x_wconf 77' lang='grc' dir='ltr'>μὲν</span> <span class='ocrx_word' id='word_1_149' title='bbox 1371 1308 1494 1360; x_wconf 83' lang='grc' dir='ltr'>φύσει</span> <span class='ocrx_word' id='word_1_150' title='bbox 1515 1314 1558 1347; x_wconf 85' lang='lat'>28</span> 
     </span>
     <span class='ocr_line' id='line_1_19' title="bbox 163 1373 1494 1429; baseline 0 -13"><span class='ocrx_word' id='word_1_151' title='bbox 163 1376 327 1417; x_wconf 87' lang='grc' dir='ltr'>πολίτας</span> <span class='ocrx_word' id='word_1_152' title='bbox 362 1375 425 1416; x_wconf 87' lang='grc' dir='ltr'>καὶ</span> <span class='ocrx_word' id='word_1_153' title='bbox 461 1375 635 1428; x_wconf 84' lang='grc' dir='ltr'>γνησίως</span> <span class='ocrx_word' id='word_1_154' title='bbox 670 1374 914 1429; x_wconf 76' lang='grc' dir='ltr'>μετέχοντας</span> <span class='ocrx_word' id='word_1_155' title='bbox 952 1377 1021 1425; x_wconf 85' lang='grc' dir='ltr'>τῆς</span> <span class='ocrx_word' id='word_1_156' title='bbox 1057 1375 1212 1416; x_wconf 86' lang='grc' dir='ltr'>πόλεως</span> <span class='ocrx_word' id='word_1_157' title='bbox 1248 1373 1494 1427; x_wconf 83' lang='grc' dir='ltr'>ἀπεστέρηκε</span> 
     </span>
     <span class='ocr_line' id='line_1_20' title="bbox 161 1440 1656 1495; baseline -0.001 -13"><span class='ocrx_word' id='word_1_158' title='bbox 161 1445 232 1494; x_wconf 89' lang='grc' dir='ltr'>τῆς</span> <span class='ocrx_word' id='word_1_159' title='bbox 254 1443 475 1495; x_wconf 88' lang='grc' dir='ltr'>παρρησίας</span> <span class='ocrx_word' id='word_1_160' title='bbox 500 1441 707 1495; x_wconf 89' lang='grc' dir='ltr'>Στέφανος</span> <span class='ocrx_word' id='word_1_161' title='bbox 732 1443 881 1489; x_wconf 85' lang='grc' dir='ltr'>οὑτοσί,</span> <span class='ocrx_word' id='word_1_162' title='bbox 910 1442 1000 1483; x_wconf 78' lang='grc' dir='ltr'>τοὺς</span> <span class='ocrx_word' id='word_1_163' title='bbox 1017 1444 1059 1483; x_wconf 81' lang='grc' dir='ltr'>δὲ</span> <span class='ocrx_word' id='word_1_164' title='bbox 1082 1444 1204 1493; x_wconf 80' lang='grc' dir='ltr'>μηδὲν</span> <span class='ocrx_word' id='word_1_165' title='bbox 1218 1441 1494 1494; x_wconf 88' lang='grc' dir='ltr'>προσήκοντας</span> <span class='ocrx_word' id='word_1_166' title='bbox 1519 1440 1656 1495; x_wconf 86' lang='lat'><strong>[1354]</strong></span> 
     </span>
    </p>

    <p class='ocr_par' dir='ltr' id='par_1_6' title="bbox 104 1508 1493 1765">
     <span class='ocr_line' id='line_1_21' title="bbox 104 1508 1493 1562; baseline -0.001 -10"><span class='ocrx_word' id='word_1_167' title='bbox 104 1530 144 1552; x_wconf 91' lang='lat'>20</span> <span class='ocrx_word' id='word_1_168' title='bbox 161 1509 343 1561; x_wconf 81' lang='grc' dir='ltr'>βιάζεται</span> <span class='ocrx_word' id='word_1_169' title='bbox 362 1509 594 1560; x_wconf 80' lang='grc' dir='ltr'>Ἀθηναίους</span> <span class='ocrx_word' id='word_1_170' title='bbox 620 1509 721 1551; x_wconf 78' lang='grc' dir='ltr'>εἶναι</span> <span class='ocrx_word' id='word_1_171' title='bbox 742 1511 850 1562; x_wconf 76' lang='grc' dir='ltr'>παρὰ</span> <span class='ocrx_word' id='word_1_172' title='bbox 875 1509 1025 1551; x_wconf 86' lang='grc' dir='ltr'>πάντας</span> <span class='ocrx_word' id='word_1_173' title='bbox 1051 1508 1142 1551; x_wconf 83' lang='grc' dir='ltr'>τοὺς</span> <span class='ocrx_word' id='word_1_174' title='bbox 1166 1510 1329 1560; x_wconf 85' lang='grc' dir='ltr'>νόμους,·</span> <span class='ocrx_word' id='word_1_175' title='bbox 1365 1508 1435 1550; x_wconf 84' lang='grc' dir='ltr'>τὸν</span> <span class='ocrx_word' id='word_1_176' title='bbox 1460 1509 1493 1550; x_wconf 81' lang='grc' dir='ltr'>δ’</span> 
     </span>
     <span class='ocr_line' id='line_1_22' title="bbox 154 1573 1492 1630; baseline 0.001 -14"><span class='ocrx_word' id='word_1_177' title='bbox 154 1574 381 1630; x_wconf 80' lang='grc' dir='ltr'>Ἵππαρχον</span> <span class='ocrx_word' id='word_1_178' title='bbox 418 1575 534 1617; x_wconf 82' lang='grc' dir='ltr'>αὐτὸν</span> <span class='ocrx_word' id='word_1_179' title='bbox 568 1577 659 1627; x_wconf 80' lang='grc' dir='ltr'>ὑμῖν</span> <span class='ocrx_word' id='word_1_180' title='bbox 702 1580 822 1624; x_wconf 86' lang='grc' dir='ltr'>καλῶ,</span> <span class='ocrx_word' id='word_1_181' title='bbox 863 1577 927 1618; x_wconf 85' lang='grc' dir='ltr'>καὶ</span> <span class='ocrx_word' id='word_1_182' title='bbox 967 1575 1181 1629; x_wconf 80' lang='grc' dir='ltr'>ἀναγκάσω</span> <span class='ocrx_word' id='word_1_183' title='bbox 1223 1580 1433 1630; x_wconf 83' lang='grc' dir='ltr'>μαρτυρεῖν</span> <span class='ocrx_word' id='word_1_184' title='bbox 1469 1573 1492 1627; x_wconf 79' lang='grc' dir='ltr'>ἢ</span> 
     </span>
     <span class='ocr_line' id='line_1_23' title="bbox 161 1641 1493 1696; baseline 0.001 -12"><span class='ocrx_word' id='word_1_185' title='bbox 161 1642 401 1694; x_wconf 82' lang='grc' dir='ltr'>ἐξόμνυσθαι</span> <span class='ocrx_word' id='word_1_186' title='bbox 436 1643 533 1684; x_wconf 83' lang='grc' dir='ltr'>κατὰ</span> <span class='ocrx_word' id='word_1_187' title='bbox 566 1647 637 1684; x_wconf 84' lang='grc' dir='ltr'>τὸν</span> <span class='ocrx_word' id='word_1_188' title='bbox 668 1644 805 1695; x_wconf 81' lang='grc' dir='ltr'>νόμον,</span> <span class='ocrx_word' id='word_1_189' title='bbox 841 1641 864 1695; x_wconf 81' lang='grc' dir='ltr'>ἦ</span> <span class='ocrx_word' id='word_1_190' title='bbox 893 1644 1096 1694; x_wconf 84' lang='grc' dir='ltr'>κλητεύσω</span> <span class='ocrx_word' id='word_1_191' title='bbox 1129 1643 1261 1684; x_wconf 87' lang='grc' dir='ltr'>αὐτόν.</span> <span class='ocrx_word' id='word_1_192' title='bbox 1333 1643 1400 1684; x_wconf 88' lang='grc' dir='ltr'>καί</span> <span class='ocrx_word' id='word_1_193' title='bbox 1426 1660 1493 1696; x_wconf 92' lang='grc' dir='ltr'>μοι</span> 
     </span>
     <span class='ocr_line' id='line_1_24' title="bbox 163 1708 528 1765; baseline 0.005 -15"><span class='ocrx_word' id='word_1_194' title='bbox 163 1708 277 1751; x_wconf 87' lang='grc' dir='ltr'>κάλει</span> <span class='ocrx_word' id='word_1_195' title='bbox 291 1708 528 1765; x_wconf 84' lang='grc' dir='ltr'>Ἵππαρχον.</span> 
     </span>
    </p>

    <p class='ocr_par' dir='ltr' id='par_1_7' title="bbox 745 1803 958 1831">
     <span class='ocr_line' id='line_1_25' title="bbox 745 1803 958 1831; baseline 0 -1"><span class='ocrx_word' id='word_1_196' title='bbox 745 1803 958 1831; x_wconf 73' lang='grc' dir='ltr'>ΜΑΡΤῪΡῙΑ.</span> 
     </span>
    </p>

    <p class='ocr_par' dir='ltr' id='par_1_8' title="bbox 101 1857 1494 2073">
     <span class='ocr_line' id='line_1_26' title="bbox 101 1857 1492 1910; baseline -0.001 -13"><span class='ocrx_word' id='word_1_197' title='bbox 101 1867 141 1900; x_wconf 84' lang='lat'>25</span> <span class='ocrx_word' id='word_1_198' title='bbox 207 1857 415 1910; x_wconf 84' lang='grc' dir='ltr'>Ἵππαρχος</span> <span class='ocrx_word' id='word_1_199' title='bbox 432 1857 634 1910; x_wconf 80' lang='grc' dir='ltr'>Ἀθμονεὺς</span> <span class='ocrx_word' id='word_1_200' title='bbox 659 1862 836 1909; x_wconf 82' lang='grc' dir='ltr'>μαρτυρεῖ</span> <span class='ocrx_word' id='word_1_201' title='bbox 861 1860 1104 1909; x_wconf 81' lang='grc' dir='ltr'>Ξενοκλείδην</span> <span class='ocrx_word' id='word_1_202' title='bbox 1131 1859 1190 1898; x_wconf 76' lang='grc' dir='ltr'>καὶ</span> <span class='ocrx_word' id='word_1_203' title='bbox 1216 1858 1327 1898; x_wconf 78' lang='grc' dir='ltr'>αὑτὸν</span> <span class='ocrx_word' id='word_1_204' title='bbox 1351 1859 1492 1908; x_wconf 88' lang='grc' dir='ltr'>μισθώ-</span> 
     </span>
     <span class='ocr_line' id='line_1_27' title="bbox 160 1913 1494 1966; baseline 0.001 -15"><span class='ocrx_word' id='word_1_205' title='bbox 160 1913 304 1952; x_wconf 88' lang='grc' dir='ltr'>σασθαι</span> <span class='ocrx_word' id='word_1_206' title='bbox 331 1914 495 1964; x_wconf 88' lang='grc' dir='ltr'>Νέαιραν</span> <span class='ocrx_word' id='word_1_207' title='bbox 523 1917 561 1952; x_wconf 87' lang='grc' dir='ltr'>ἐν</span> <span class='ocrx_word' id='word_1_208' title='bbox 590 1915 761 1966; x_wconf 84' lang='grc' dir='ltr'>Κορίνθῳ</span> <span class='ocrx_word' id='word_1_209' title='bbox 788 1914 856 1963; x_wconf 85' lang='grc' dir='ltr'>τὴν</span> <span class='ocrx_word' id='word_1_210' title='bbox 881 1916 942 1952; x_wconf 78' lang='grc' dir='ltr'>νῦν</span> <span class='ocrx_word' id='word_1_211' title='bbox 968 1915 1250 1965; x_wconf 81' lang='grc' dir='ltr'>ἀγωνιζομένην,</span> <span class='ocrx_word' id='word_1_212' title='bbox 1275 1915 1321 1954; x_wconf 85' lang='grc' dir='ltr'>ὡς</span> <span class='ocrx_word' id='word_1_213' title='bbox 1347 1915 1494 1963; x_wconf 84' lang='grc' dir='ltr'>ἑταίραν</span> 
     </span>
     <span class='ocr_line' id='line_1_28' title="bbox 162 1967 1493 2020; baseline 0.001 -14"><span class='ocrx_word' id='word_1_214' title='bbox 162 1967 279 2007; x_wconf 71' lang='grc' dir='ltr'>οὖσαν</span> <span class='ocrx_word' id='word_1_215' title='bbox 306 1971 378 2007; x_wconf 83' lang='grc' dir='ltr'>τῶν</span> <span class='ocrx_word' id='word_1_216' title='bbox 410 1968 709 2018; x_wconf 84' lang='grc' dir='ltr'>μισθαρνουσῶν,</span> <span class='ocrx_word' id='word_1_217' title='bbox 742 1969 801 2007; x_wconf 77' lang='grc' dir='ltr'>καὶ</span> <span class='ocrx_word' id='word_1_218' title='bbox 831 1969 1027 2018; x_wconf 87' lang='grc' dir='ltr'>συμπίνειν</span> <span class='ocrx_word' id='word_1_219' title='bbox 1057 1971 1095 2007; x_wconf 85' lang='grc' dir='ltr'>ἐν</span> <span class='ocrx_word' id='word_1_220' title='bbox 1126 1969 1298 2020; x_wconf 84' lang='grc' dir='ltr'>Κορίνθῳ</span> <span class='ocrx_word' id='word_1_221' title='bbox 1328 1970 1493 2018; x_wconf 87' lang='grc' dir='ltr'>Νέαιραν</span> 
     </span>
     <span class='ocr_line' id='line_1_29' title="bbox 160 2020 982 2073; baseline -0.002 -12"><span class='ocrx_word' id='word_1_222' title='bbox 160 2020 242 2073; x_wconf 77' lang='grc' dir='ltr'>μεθ’</span> <span class='ocrx_word' id='word_1_223' title='bbox 260 2024 372 2061; x_wconf 77' lang='grc' dir='ltr'>αὑτοῦ</span> <span class='ocrx_word' id='word_1_224' title='bbox 392 2023 451 2060; x_wconf 83' lang='grc' dir='ltr'>καὶ</span> <span class='ocrx_word' id='word_1_225' title='bbox 471 2023 713 2062; x_wconf 81' lang='grc' dir='ltr'>Ξενοκλείδου</span> <span class='ocrx_word' id='word_1_226' title='bbox 732 2025 798 2061; x_wconf 77' lang='grc' dir='ltr'>τοῦ</span> <span class='ocrx_word' id='word_1_227' title='bbox 816 2025 982 2072; x_wconf 79' lang='grc' dir='ltr'>ποιητοῦ.</span> 
     </span>
    </p>

    <p class='ocr_par' dir='ltr' id='par_1_9' title="bbox 229 2105 1558 2159">
     <span class='ocr_line' id='line_1_30' title="bbox 229 2105 1558 2159; baseline 0 -13"><span class='ocrx_word' id='word_1_228' title='bbox 229 2107 345 2146; x_wconf 77' lang='grc' dir='ltr'>Μετὰ</span> <span class='ocrx_word' id='word_1_229' title='bbox 367 2109 488 2146; x_wconf 80' lang='grc' dir='ltr'>ταῦτα</span> <span class='ocrx_word' id='word_1_230' title='bbox 505 2106 639 2147; x_wconf 87' lang='grc' dir='ltr'>τοίνυν</span> <span class='ocrx_word' id='word_1_231' title='bbox 663 2106 781 2157; x_wconf 84' lang='grc' dir='ltr'>αὐτῆς</span> <span class='ocrx_word' id='word_1_232' title='bbox 804 2108 1009 2159; x_wconf 89' lang='grc' dir='ltr'>γίγνονται</span> <span class='ocrx_word' id='word_1_233' title='bbox 1034 2106 1198 2158; x_wconf 86' lang='grc' dir='ltr'>ἐρασταὶ</span> <span class='ocrx_word' id='word_1_234' title='bbox 1213 2105 1296 2153; x_wconf 83' lang='grc' dir='ltr'>δύο,</span> <span class='ocrx_word' id='word_1_235' title='bbox 1315 2108 1487 2156; x_wconf 91' lang='grc' dir='ltr'>Τιμανο-</span> <span class='ocrx_word' id='word_1_236' title='bbox 1512 2120 1558 2156; x_wconf 83' lang='grc'>29</span> 
     </span>
    </p>

    <p class='ocr_par' dir='ltr' id='par_1_10' title="bbox 104 2171 1491 2226">
     <span class='ocr_line' id='line_1_31' title="bbox 104 2171 1491 2226; baseline 0 -13"><span class='ocrx_word' id='word_1_237' title='bbox 104 2191 143 2224; x_wconf 80' lang='lat'>30</span> <span class='ocrx_word' id='word_1_238' title='bbox 160 2173 268 2224; x_wconf 89' lang='grc' dir='ltr'>ρίδας</span> <span class='ocrx_word' id='word_1_239' title='bbox 292 2189 335 2214; x_wconf 90' lang='grc' dir='ltr'>τε</span> <span class='ocrx_word' id='word_1_240' title='bbox 358 2173 380 2213; x_wconf 87' lang='grc' dir='ltr'>ὁ</span> <span class='ocrx_word' id='word_1_241' title='bbox 404 2173 611 2226; x_wconf 88' lang='grc' dir='ltr'>Κορίνθιος</span> <span class='ocrx_word' id='word_1_242' title='bbox 629 2173 691 2214; x_wconf 89' lang='grc' dir='ltr'>καὶ</span> <span class='ocrx_word' id='word_1_243' title='bbox 717 2173 918 2225; x_wconf 85' lang='grc' dir='ltr'>Εὐκράτης</span> <span class='ocrx_word' id='word_1_244' title='bbox 935 2174 955 2213; x_wconf 89' lang='grc' dir='ltr'>ὁ</span> <span class='ocrx_word' id='word_1_245' title='bbox 974 2173 1201 2220; x_wconf 85' lang='grc' dir='ltr'>Λευκάδιος,</span> <span class='ocrx_word' id='word_1_246' title='bbox 1223 2173 1260 2213; x_wconf 74' lang='grc' dir='ltr'>οἳ</span> <span class='ocrx_word' id='word_1_247' title='bbox 1279 2171 1491 2225; x_wconf 85' lang='grc' dir='ltr'>ἐπειδήπερ</span> 
     </span>
    </p>
   </div>
   <div class='ocr_carea' id='block_1_4' title="bbox 161 2238 1492 2293">
    <p class='ocr_par' dir='ltr' id='par_1_11' title="bbox 161 2238 1492 2293">
     <span class='ocr_line' id='line_1_32' title="bbox 161 2238 1492 2293; baseline -0.001 -13"><span class='ocrx_word' id='word_1_248' title='bbox 161 2239 383 2290; x_wconf 77' lang='grc' dir='ltr'>πολυτελὴς</span> <span class='ocrx_word' id='word_1_249' title='bbox 419 2238 466 2291; x_wconf 84' lang='grc' dir='ltr'>ἧν</span> <span class='ocrx_word' id='word_1_250' title='bbox 501 2258 524 2292; x_wconf 93' lang='grc' dir='ltr'>η</span> <span class='ocrx_word' id='word_1_251' title='bbox 562 2240 760 2292; x_wconf 90' lang='grc' dir='ltr'>Νικαρέτη</span> <span class='ocrx_word' id='word_1_252' title='bbox 797 2244 880 2283; x_wconf 85' lang='grc' dir='ltr'>τοῖς</span> <span class='ocrx_word' id='word_1_253' title='bbox 919 2240 1196 2293; x_wconf 83' lang='grc' dir='ltr'>ἐπιτάγμασιν,</span> <span class='ocrx_word' id='word_1_254' title='bbox 1236 2238 1403 2289; x_wconf 80' lang='grc' dir='ltr'>ἀξιοῦσα</span> <span class='ocrx_word' id='word_1_255' title='bbox 1444 2241 1492 2279; x_wconf 79' lang='grc' dir='ltr'>τὰ</span> 
     </span>
    </p>
   </div>
   <div class='ocr_carea' id='block_1_5' title="bbox 160 2347 1490 2476">
    <p class='ocr_par' dir='ltr' id='par_1_12' title="bbox 160 2347 1490 2476">
     <span class='ocr_line' id='line_1_33' title="bbox 204 2347 1490 2391; baseline 0 -12"><span class='ocrx_word' id='word_1_256' title='bbox 204 2360 224 2380; x_wconf 88' lang='lat'><strong>2</strong></span> <span class='ocrx_word' id='word_1_257' title='bbox 241 2354 275 2380; x_wconf 88' lang='lat' dir='ltr'>et</span> <span class='ocrx_word' id='word_1_258' title='bbox 291 2350 333 2380; x_wconf 85' lang='lat'>26</span> <span class='ocrx_word' id='word_1_259' title='bbox 357 2349 468 2391; x_wconf 81' lang='grc' dir='ltr'>ἑτέραν</span> <span class='ocrx_word' id='word_1_260' title='bbox 484 2349 522 2381; x_wconf 88' lang='lat' dir='ltr'>S1</span> <span class='ocrx_word' id='word_1_261' title='bbox 635 2360 653 2390; x_wconf 89' lang='lat'><strong>7</strong></span> <span class='ocrx_word' id='word_1_262' title='bbox 675 2350 917 2390; x_wconf 86' lang='grc' dir='ltr'>μεμισθωμένην</span> <span class='ocrx_word' id='word_1_263' title='bbox 928 2349 960 2380; x_wconf 89' lang='lat' dir='ltr'>Y</span> <span class='ocrx_word' id='word_1_264' title='bbox 971 2359 987 2380; x_wconf 91' lang='lat' dir='ltr'><strong>r</strong></span> <span class='ocrx_word' id='word_1_265' title='bbox 999 2350 1028 2380; x_wconf 96' lang='lat' dir='ltr'>D</span> <span class='ocrx_word' id='word_1_266' title='bbox 1142 2359 1155 2379; x_wconf 92' lang='lat'>1</span> <span class='ocrx_word' id='word_1_267' title='bbox 1166 2360 1177 2380; x_wconf 91' lang='lat'>1</span> <span class='ocrx_word' id='word_1_268' title='bbox 1206 2350 1360 2381; x_wconf 81' lang='grc' dir='ltr'>ἀντειπὼν</span> <span class='ocrx_word' id='word_1_269' title='bbox 1370 2347 1411 2378; x_wconf 81' lang='lat' dir='ltr'>F¹</span> <span class='ocrx_word' id='word_1_270' title='bbox 1422 2347 1467 2386; x_wconf 82' lang='lat' dir='ltr'>Q¹</span> <span class='ocrx_word' id='word_1_271' title='bbox 1482 2359 1490 2379; x_wconf 76' lang='lat' dir='ltr'>t</span> 
     </span>
     <span class='ocr_line' id='line_1_34' title="bbox 161 2391 1490 2436; baseline -0.002 -11"><span class='ocrx_word' id='word_1_272' title='bbox 161 2392 312 2426; x_wconf 80' lang='grc' dir='ltr'>ἆντείπας</span> <span class='ocrx_word' id='word_1_273' title='bbox 326 2393 415 2433; x_wconf 89' lang='lat' dir='ltr'>vulg.</span> <span class='ocrx_word' id='word_1_274' title='bbox 433 2394 521 2436; x_wconf 72' lang='lat' dir='ltr'>F-yp.</span> <span class='ocrx_word' id='word_1_275' title='bbox 538 2393 631 2435; x_wconf 74' lang='grc' dir='ltr'>Ωγρ.</span> <span class='ocrx_word' id='word_1_276' title='bbox 735 2397 813 2436; x_wconf 83' lang='grc' dir='ltr'>τῇδε</span> <span class='ocrx_word' id='word_1_277' title='bbox 828 2397 871 2436; x_wconf 82' lang='grc' dir='ltr'>τῇ</span> <span class='ocrx_word' id='word_1_278' title='bbox 887 2394 912 2424; x_wconf 92' lang='lat' dir='ltr'><strong>F</strong></span> <span class='ocrx_word' id='word_1_279' title='bbox 925 2394 956 2432; x_wconf 84' lang='lat' dir='ltr'>Q</span> <span class='ocrx_word' id='word_1_280' title='bbox 1092 2402 1129 2431; x_wconf 84' lang='lat'>15</span> <span class='ocrx_word' id='word_1_281' title='bbox 1153 2393 1281 2425; x_wconf 79' lang='grc' dir='ltr'>τουτουί</span> <span class='ocrx_word' id='word_1_282' title='bbox 1300 2393 1328 2421; x_wconf 95' lang='lat' dir='ltr'>D</span> <span class='ocrx_word' id='word_1_283' title='bbox 1343 2404 1349 2422; x_wconf 90' lang='lat'>:</span> <span class='ocrx_word' id='word_1_284' title='bbox 1373 2391 1490 2423; x_wconf 85' lang='grc' dir='ltr'>τούτου</span> 
     </span>
     <span class='ocr_line' id='line_1_35' title="bbox 160 2436 1489 2476; baseline -0.001 -9"><span class='ocrx_word' id='word_1_285' title='bbox 160 2441 240 2468; x_wconf 87' lang='lat' dir='ltr'><strong>cett.</strong></span> <span class='ocrx_word' id='word_1_286' title='bbox 354 2439 396 2467; x_wconf 85' lang='lat'>26</span> <span class='ocrx_word' id='word_1_287' title='bbox 420 2440 474 2469; x_wconf 84' lang='grc' dir='ltr'>νῦν</span> <span class='ocrx_word' id='word_1_288' title='bbox 490 2438 589 2469; x_wconf 90' lang='lat' dir='ltr'>codd.</span> <span class='ocrx_word' id='word_1_289' title='bbox 608 2448 615 2467; x_wconf 89' lang='lat'><strong>:</strong></span> <span class='ocrx_word' id='word_1_290' title='bbox 639 2438 704 2469; x_wconf 77' lang='grc' dir='ltr'>νυνὶ</span> <span class='ocrx_word' id='word_1_291' title='bbox 722 2436 820 2468; x_wconf 83' lang='lat' dir='ltr'>Blass</span> <span class='ocrx_word' id='word_1_292' title='bbox 836 2437 911 2468; x_wconf 85' lang='lat' dir='ltr'><strong>coll.</strong></span> <span class='ocrx_word' id='word_1_293' title='bbox 933 2439 970 2475; x_wconf 63' lang='grc' dir='ltr'>ξς</span> <span class='ocrx_word' id='word_1_294' title='bbox 988 2446 1040 2475; x_wconf 82' lang='lat'>25,</span> <span class='ocrx_word' id='word_1_295' title='bbox 1059 2447 1110 2476; x_wconf 80' lang='lat'>34.</span> <span class='ocrx_word' id='word_1_296' title='bbox 1131 2447 1183 2475; x_wconf 87' lang='lat'>40,</span> <span class='ocrx_word' id='word_1_297' title='bbox 1202 2446 1241 2475; x_wconf 86' lang='lat'>47</span> <span class='ocrx_word' id='word_1_298' title='bbox 1357 2436 1399 2465; x_wconf 85' lang='lat'>28</span> <span class='ocrx_word' id='word_1_299' title='bbox 1422 2438 1489 2475; x_wconf 78' lang='grc' dir='ltr'>μεθ’</span> 
     </span>
    </p>
   </div>
   <div class='ocr_carea' id='block_1_6' title="bbox 161 2477 1389 2521">
    <p class='ocr_par' dir='ltr' id='par_1_13' title="bbox 161 2477 1389 2521">
     <span class='ocr_line' id='line_1_36' title="bbox 161 2477 1389 2521; baseline -0.003 -9"><span class='ocrx_word' id='word_1_300' title='bbox 161 2481 260 2512; x_wconf 79' lang='grc' dir='ltr'>αὑτοῦ</span> <span class='ocrx_word' id='word_1_301' title='bbox 277 2479 439 2512; x_wconf 83' lang='lat' dir='ltr'>Schaefer</span> <span class='ocrx_word' id='word_1_302' title='bbox 453 2492 460 2511; x_wconf 91' lang='lat'><strong>:</strong></span> <span class='ocrx_word' id='word_1_303' title='bbox 483 2483 553 2521; x_wconf 75' lang='grc' dir='ltr'>μετ’</span> <span class='ocrx_word' id='word_1_304' title='bbox 570 2483 666 2513; x_wconf 81' lang='grc' dir='ltr'>αὐτοῦ</span> <span class='ocrx_word' id='word_1_305' title='bbox 677 2481 774 2512; x_wconf 90' lang='lat' dir='ltr'><strong>codd.</strong></span> <span class='ocrx_word' id='word_1_306' title='bbox 885 2491 927 2520; x_wconf 86' lang='lat'>29</span> <span class='ocrx_word' id='word_1_307' title='bbox 950 2481 1155 2521; x_wconf 84' lang='grc' dir='ltr'>Τιμανορίδης</span> <span class='ocrx_word' id='word_1_308' title='bbox 1171 2479 1196 2509; x_wconf 88' lang='lat' dir='ltr'>F</span> <span class='ocrx_word' id='word_1_309' title='bbox 1209 2489 1292 2510; x_wconf 86' lang='lat' dir='ltr'>corr.</span> <span class='ocrx_word' id='word_1_310' title='bbox 1314 2477 1358 2517; x_wconf 60' lang='grc' dir='ltr'>ΩΙ</span> <span class='ocrx_word' id='word_1_311' title='bbox 1373 2488 1389 2508; x_wconf 85' lang='lat' dir='ltr'>r</span> 
     </span>
    </p>
   </div>
  </div>
 </body>
</html>
