1763 2778
107 96 248 151 [1398]

211 417 249 452 31

669 97 1194 155 [ΔΗΜΟΣΘΕΝΟὙΣ]
1533 101 1597 156 [Lx

1554 163 1568 178 Ο

275 200 479 252 ἄνθρωπος
513 201 747 253 λεγόμενον,
780 202 848 242 οὐκ
877 202 1052 243 ἄλλοθέν
1084 205 1206 243 ποθεν
1236 200 1260 254 ἢ
1286 207 1339 258 τῷ
1373 203 1443 253 τὴν
1477 204 1592 246 σύνε-

276 285 340 308 σιν
373 268 490 308 αὐτοῦ
526 272 793 320 προσομοιοῦν
826 269 1031 324 ἀνθρώπῳ,
1059 269 1130 319 τὴν
1160 269 1287 320 ἀλκὴν
1324 273 1365 312 δὲ
1398 270 1592 322 δράκοντι.

275 334 365 385 ἄξια
398 335 442 386 δὴ
475 335 624 375 τούτων
657 335 843 387 πράττειν
872 335 1159 386 ὑπελάμβανον
1197 338 1328 380 αὑτοῖς
1363 337 1592 388 προσήκειν.

277 401 481 452 ἐμέμνηνθ’
506 401 808 443 Ἱπποθωντίδαι
845 406 923 443 τῶν
951 402 1131 453 Ἀλόπης
1165 403 1316 456 γάμων,
1348 402 1394 453 ἐξ
1426 405 1479 445 ὧν
1512 404 1592 446 Ἱπ-

275 472 408 509 ποθῶν
424 468 513 521 ἔφυ,
534 469 598 509 καὶ
623 469 691 509 τὸν
717 469 894 522 ἀρχηγὸν
917 469 1082 526 ᾔδεσαν·
1121 471 1187 516 ὧν,
1205 470 1249 510 τὸ
1269 470 1421 522 πρέπον
1440 471 1592 524 φυλάτ-
1615 489 1633 521 5

272 551 351 576 των
376 536 454 588 ἐγὼ
477 538 577 590 τῷδε
600 539 652 590 τῷ
681 537 814 591 καιρῷ,
838 536 884 577 τὸ
909 539 1038 588 σαφὲς
1063 538 1188 578 εἰπεῖν
1210 538 1452 589 ὑπερβαίνω.
1506 536 1597 588 ἄξια

110 602 320 660 [1399]δὴ
344 602 493 643 τούτων
517 602 638 657 ᾤοντο
672 606 753 643 δεῖν
784 606 988 646 ποιοῦντες
1018 604 1202 656 ὀφθῆναι.
1277 605 1345 645 οὐκ
1378 605 1597 646 ἐλάνθανεν

209 1086 252 1121 32

212 1623 254 1657 33

275 670 485 712 Αἰαντίδας
534 671 596 710 ὅτι
639 674 718 710 τῶν
765 670 978 722 ἀριστείων
1026 671 1231 723 στερηθεὶς
1278 673 1374 713 Αἴας
1422 673 1596 724 ἀβίωτον

275 738 397 790 ἑαυτῷ
444 735 625 789 ἡγήσατο
672 736 741 777 τὸν
788 738 896 788 βίον.
977 737 1078 788 ἡνίκ’
1119 738 1186 779 οῦν
1228 739 1248 777 ὁ
1297 740 1444 789 δαίμων
1485 739 1597 794 ἄλλῳ

274 803 465 855 τάριστεῖ’
504 805 645 852 ἐδίδου,
683 804 772 845 τότε
808 804 897 846 τοὺς
934 804 1098 858 ἐχθροὺς
1141 806 1378 856 ἀμυνόμενοι
1414 806 1598 847 τεθνάναι

275 874 355 911 δεῖν
380 869 517 925 ᾤοντο,
543 870 648 912 ὥστε
672 874 793 922 μηδὲν
819 870 980 922 ἀνάξιον
1005 873 1133 912 αὑτῶν
1158 875 1311 913 παθεῖν.
1381 873 1449 913 οὐκ
1473 873 1594 924 ἠμνη-

272 938 417 988 μόνουν
452 937 697 993 γἈντιοχίδαι
733 937 979 990 (Ηρακλέους
1011 937 1092 979 ὄντ’
1124 938 1349 993 Ἀντίοχον.
1421 943 1502 981 δεῖν
1530 940 1598 981 οὖν

272 1003 467 1056 ἡγήσαντ’
490 1001 514 1056 ἢ
543 1005 610 1056 ζῆν
634 1005 753 1056 ἀξίως
777 1010 854 1046 τῶν
879 1006 1140 1059 ὑπαρχόντων
1165 1003 1188 1057 ἢ
1213 1007 1397 1047 τεθνάναι
1421 1011 1564 1049 καλῶς.

341 1073 395 1116 Οἱ,
440 1073 512 1123 μὲν
559 1072 626 1113 οὖν
663 1073 802 1122 ζῶντες
840 1074 979 1114 οἰκεῖοι
1019 1074 1170 1114 τούτων
1212 1074 1371 1120 ἐλεινοί,
1411 1075 1599 1115 τοιούτων

274 1139 425 1190 ἀνδρῶν
451 1138 707 1191 ἐστερημένοι
735 1140 795 1179 καὶ
821 1141 1033 1191 συνηθείας
1056 1143 1212 1191 πολλῆς
1231 1142 1294 1182 καὶ
1315 1142 1600 1193 φιλανθρώπου

275 1205 550 1258 διεζευγμένοι,
593 1207 653 1246 καὶ
700 1208 750 1247 τᾶ
796 1208 865 1257 τῆς
914 1208 1099 1260 πατρίδος
1137 1207 1335 1260 πράγματ’
1374 1208 1499 1260 ἔρημα
1536 1209 1598 1249 καὶ

274 1273 452 1324 δακρύων
483 1274 544 1314 καὶ
582 1273 748 1315 πένθους
785 1273 930 1325 πλήρη·
968 1276 1004 1314 οἳ
1042 1273 1075 1314 δ’
1109 1275 1335 1326 εὐδαίμονες
1374 1279 1427 1330 τῷ
1463 1277 1597 1330 δικαίῳ

273 1343 469 1394 λογισμῷ.
540 1344 696 1392 πρῶτον
719 1343 792 1392 μὲν
818 1342 905 1382 ἀντὶ
928 1344 1067 1393 μικροῦ
1098 1343 1245 1395 χρόνου
1276 1343 1404 1383 πολὺν
1436 1343 1497 1382 καὶ
1529 1342 1600 1384 τὸν

275 1405 410 1447 ἅπαντ’
439 1407 620 1448 εὔκλειαν
652 1406 786 1460 ἀγήρω
820 1409 1146 1455 καταλείπουσιν,
1175 1410 1217 1450 ἐν
1244 1407 1272 1465 ᾗ
1303 1409 1367 1450 καὶ
1397 1412 1533 1452 παῖδες
1561 1411 1599 1451 οἱ

274 1473 421 1514 τούτων
445 1474 660 1525 ὀνομαστοὶ
683 1473 960 1527 τραφήσονται
986 1476 1047 1515 καὶ
1073 1480 1202 1528 γονεῖς
1226 1472 1277 1528 [οἱ
1302 1473 1466 1529 τούτων]
1488 1478 1597 1530 περί-

274 1544 448 1589 βλεπτοι
496 1541 888 1594 γηροτροφήσονται,
939 1542 1185 1596 παραψυχὴν
1231 1547 1284 1598 τῷ
1338 1544 1475 1585 πένθει
1527 1543 1598 1595 τὴν

274 1607 424 1648 τούτων
470 1608 649 1649 εὔκλειαν
697 1609 874 1663 ἔχοντες.
958 1609 1095 1651 ἔπειτα
1149 1610 1282 1651 νόσων
1337 1611 1502 1654 ἀπαθεῖς
1550 1612 1600 1651 τὰ

276 1675 440 1725 σώματα
467 1675 529 1716 καὶ
552 1679 689 1716 λυπῶν
714 1675 870 1728 ἄπειροι
892 1678 963 1719 τὰς
986 1676 1138 1730 ψυχάς,
1164 1677 1209 1719 ἃς
1234 1678 1299 1718 ἐπὶ
1329 1681 1412 1720 τοῖς
1444 1682 1597 1729 συμβε-

274 1742 448 1792 βηκόσιν
473 1744 509 1783 οἱ
537 1743 676 1792 ζῶντες
701 1742 878 1796 ἔχουσιν,
898 1745 940 1784 ἐν
964 1744 1122 1800 μεγάλῃ
1141 1744 1233 1800 τιμῇ
1253 1746 1315 1786 καὶ
1336 1749 1473 1800 πολλῷ
1496 1744 1598 1800 ζήλῳ

274 1812 353 1848 τῶν
392 1809 659 1860 νομιζομένων
704 1809 985 1863 τυγχάνουσιν.
1072 1811 1139 1853 οὓς
1177 1813 1254 1863 γὰρ
1290 1811 1429 1853 ἅπασα
1465 1814 1538 1863 μὲν
1574 1812 1598 1863 ἡ

275 1875 414 1927 πατρὶς
439 1875 579 1916 θάπτει
603 1878 787 1931 δημοσίᾳ,
819 1881 959 1918 κοινῶν
986 1877 1018 1918 δ’
1045 1879 1218 1918 ἐπαίνων
1242 1879 1357 1929 μόνοι
1382 1878 1600 1932 τυγχάνου-

277 1958 357 1988 σιν,
382 1945 550 1983 ποθοῦσι
575 1942 608 1983 δ’
627 1943 672 1983 οὐ
695 1945 808 1995 μόνοι
835 1947 1044 1997 συγγενεῖς
1069 1946 1131 1986 καὶ
1152 1949 1324 1992 πολῖται,
1343 1947 1450 1986 ἀλλὰ
1465 1948 1600 1987 πᾶσαν

275 2008 377 2059 ὅσην
400 2007 580 2050 Ἑλλάδα
614 2010 691 2064 χρὴ
729 2015 973 2063 προσειπεῖν,
1001 2013 1329 2063 συμπεπένθηκεν
1363 2015 1405 2055 δὲ
1438 2013 1502 2054 καὶ
1532 2015 1600 2064 τῆς

325 2129 339 2150 1
363 2119 539 2160 λεγόμενον
556 2121 668 2154 Wolf:
700 2122 874 2164 λεγόμενος
891 2124 988 2156 codd.
1163 2135 1222 2155 1-2
1247 2125 1376 2157 σύνεσιν
1391 2124 1484 2167 (μὲν)
1500 2125 1599 2157 Blass

275 2173 295 2200 4
319 2164 574 2196 Ἰπποθοωντίδαι
591 2188 598 2196 .
620 2189 626 2196 .
647 2189 654 2196 .
674 2167 844 2198 Ἰπποθοῶν
861 2168 958 2199 codd.
1102 2177 1121 2207 5
1147 2173 1225 2208 post
1239 2169 1357 2211 ᾔδεσαν
1376 2170 1501 2200 excidit
1520 2169 1595 2201 sort.

275 2206 398 2246 aliquid
466 2207 556 2240 ὧντε
583 2209 619 2240 ὃν
635 2208 719 2248 FQ:
744 2223 779 2241 ον
796 2209 821 2241 S
880 2212 901 2240 6
925 2214 1034 2252 σαφῶς
1053 2210 1174 2243 Fcorr.
1191 2211 1221 2251 Q
1290 2223 1308 2252 7
1333 2216 1398 2245 δεῖν
1414 2212 1598 2244 Schaeser:

277 2252 341 2281 δεῖν
356 2251 528 2289 προσήκειν
544 2252 641 2283 codd.
712 2263 733 2292 9
757 2254 904 2293 ἡγήσατο
921 2254 1037 2285 Wolf:
1062 2255 1218 2295 ἡιρήσατο
1234 2257 1329 2287 codd.
1401 2266 1439 2294 14
1467 2257 1597 2288 ἐλεεινοὶ

276 2293 374 2326 codd.
482 2305 518 2333 17
543 2296 575 2327 δὲ
608 2296 750 2335 δαίμονες
778 2298 889 2336 codd.,
924 2308 1008 2328 corr.
1036 2298 1062 2328 F
1066 2298 1225 2330 elicianus
1327 2300 1364 2329 18
1385 2298 1448 2341 (οἳ)
1474 2302 1598 2340 πρῶτον

278 2336 414 2367 Dobree
545 2348 588 2369 20
610 2340 638 2371 οἱ
654 2340 776 2371 τούτων
793 2340 872 2370 secl.
891 2340 1052 2372 Albrecht
1182 2352 1223 2381 23
1248 2342 1283 2376 ἃς
1300 2342 1392 2384 Υγρ.
1410 2354 1417 2373 ;
1440 2344 1497 2376 τὰς
1514 2348 1594 2375 cett.

278 2390 319 2418 24
344 2381 392 2423 ἐν]
410 2380 453 2413 ὧν
469 2380 522 2412 Sr
652 2392 692 2422 27
716 2383 806 2423 μόνοι
825 2383 849 2415 S
861 2395 876 2415 r
891 2395 898 2415 ε
920 2385 1018 2424 μόνον
1033 2385 1061 2418 οἱ
1077 2385 1184 2425 vulg.:
1209 2386 1307 2427 μόνον
1324 2386 1423 2417 Blass

1622 824 1658 846 10

1622 1169 1658 1200 15

1621 1497 1661 1520 20

1621 1835 1660 1866 ²5
