1763 2778
172 124 300 180 vam]
466 129 630 167 ΚΑΤΑ
679 129 1194 169 ΟΛΎΜΠΙΟΔΩΡΟὙ
1515 128 1647 183 [1168]

168 229 318 274 οὑτοσί,
344 228 404 268 ὅτι
438 228 499 268 καὶ
531 227 554 279 ἡ
579 226 705 281 μήτηρ
730 227 847 269 αὐτοῦ
879 228 1137 281 προσήκουσα
1168 232 1223 280 εἴη
1257 234 1309 285 τῷ
1337 232 1496 282 Κόμωνι

168 299 220 350 τῷ
256 296 563 346 τετελευτηκότι,
600 296 662 336 καὶ
689 296 749 336 ὅτι
781 296 929 336 δίκαιον
967 298 1024 347 εἴη
1059 297 1121 337 καὶ
1155 297 1274 338 αὑτὸν
1306 297 1350 337 τὸ
1380 298 1495 350 μέρος

167 366 314 414 λαβεῖν
338 363 523 404 ἁπάντων
539 364 593 403 ὧν
619 364 638 402 ὁ
657 363 800 414 Κόμων
819 361 1041 405 κατέλιπεν.
1103 366 1165 405 καὶ
1191 365 1280 417 ἐγώ,
1304 363 1332 404 ὦ
1358 365 1495 417 ἄνδρες

168 430 362 477 δικασταί,
381 431 569 472 συνειδὼς
593 431 653 470 ὅτι
679 431 870 483 ἐψεύδετο
897 432 959 471 καὶ
980 432 1259 485 ἀναισχυντεῖν
1285 434 1491 486 ἐπεχείρει,

131 507 148 540 5
170 497 232 538 καὶ
250 497 310 537 ὅτι
329 497 456 540 οὐδεὶς
480 496 528 548 ἧν
552 497 677 540 ἄλλος
701 502 753 553 τῷ
780 499 940 549 Κόμωνι
964 498 1070 551 γένει
1097 499 1291 552 ἐγγυτέρω
1318 501 1424 550 ἐμοῦ,
1451 500 1493 539 τὸ

166 566 240 616 μὲν
264 568 420 618 πρῶτον
445 564 497 607 ὣς
529 565 612 605 οἶόν
637 582 680 606 τε
711 565 889 617 μάλιστα
915 566 1116 619 ὠργίσθην
1141 567 1204 606 καὶ
1235 566 1494 619 ἠγανάκτησα

169 631 233 672 ἐπὶ
256 637 303 688 τῇ
336 632 598 687 ἀναισχυντίᾳ
623 636 692 672 τοῦ
727 633 864 685 λόγου,
892 633 1026 674 ἔπειτα
1050 636 1092 675 δὲ
1122 634 1369 687 ἐλογισάμην
1398 634 1494 687 πρὸς
1515 642 1651 696 [1169]

169 698 334 750 ἐμαυτὸν
360 699 420 739 ὅτι
445 699 513 740 οὐκ
537 700 580 740 ἐν
607 703 724 755 καιρῷ
741 701 980 752 ὀργιζοίμην,
1004 701 1065 741 καὶ
1084 701 1208 756 τούτῳ
1226 701 1492 753 ἀπεκρινάμην

168 766 230 806 ὅτι
254 767 297 806 ἐν
319 768 391 817 μὲν
415 770 469 821 τῷ
493 767 662 819 παρόντι
687 766 880 819 προσήκει
904 768 1068 809 θάπτειν
1095 768 1164 809 τὸν
1189 769 1493 819 τετελευτηκότα

109 849 148 871 10
169 832 231 872 καὶ
255 832 386 873 τᾶλλα
403 838 531 874 ποιεῖν
551 835 599 874 τέι
625 835 872 885 νομιζόμενα,
891 836 1050 876 ἐπειδὰν
1070 838 1112 876 δὲ
1136 835 1286 876 τούτων
1311 836 1493 877 ἁπάντων

168 901 479 952 ἐπιμεληθῶμεν,
517 901 599 941 τόθ’
635 901 728 953 ἡμῖν
763 901 893 945 αὐτοῖς
927 902 1202 954 διαλεξόμεθα.
1273 903 1334 943 καὶ
1367 903 1491 949 οὗτος,
1515 923 1532 956 7

166 965 196 1007 ὦ
228 966 367 1020 ἄνδρες
403 969 597 1014 δικασταί,
634 957 1002 1022 προσωμολόγησεν
1038 974 1158 1010 ταῦτα
1194 971 1256 1011 καὶ
1294 975 1422 1012 καλῶς
1453 970 1492 1022 μ’

166 1034 243 1087 ἔφη
263 1033 412 1088 λέγειν.
470 1035 606 1086 ἐπειδὴ
624 1038 665 1077 δὲ
685 1036 974 1089 ἀπηλλάγημεν
995 1037 1056 1077 καὶ
1077 1036 1320 1089 ἐποιήσαμεν
1340 1038 1493 1078 ἅπαντα

165 1103 212 1142 τὰ
254 1102 501 1154 νομιζόμενα,
553 1102 635 1143 καθ’
674 1103 845 1156 ἡσυχίαν
892 1104 963 1155 ἤδη
1013 1104 1363 1156 παρακαλέσαντες
1404 1105 1493 1146 τοὺς

108 1185 145 1216 15
165 1170 329 1212 οἰκείους
366 1169 542 1213 ἅπαντας
579 1171 838 1223 διελεγόμεθα
873 1171 967 1222 ἡμῖν
1003 1172 1135 1214 αὐτοῖς
1171 1173 1259 1224 περὶ
1293 1173 1347 1212 ὧν
1383 1172 1494 1213 οὗτος

165 1235 277 1287 ἠξίου
301 1238 422 1292 ἑαυτῷ
450 1237 560 1278 εἶναι.
635 1239 712 1277 ὅσα
735 1241 808 1289 μὲν
833 1238 916 1288 οὖν,
945 1236 973 1278 ὦ
999 1238 1137 1291 ἄνδρες
1163 1239 1357 1285 δικασταί,
1384 1239 1493 1290 ἡμεῖς

166 1302 262 1356 πρὸς
285 1303 386 1355 ἡμᾶς
411 1304 552 1348 αὐτοὺς
575 1304 836 1358 διηνέχθημεν
861 1307 950 1358 περὶ
975 1307 1123 1346 τούτων
1149 1307 1436 1359 διαλεγόμενοι,
1457 1324 1493 1346 τι

166 1369 214 1410 ἂν
249 1372 326 1424 ἐγὼ
362 1375 484 1412 ταῦτα
520 1372 774 1425 διηγούμενος
808 1369 831 1423 ἦ
864 1374 956 1424 ὑμῖν
991 1373 1203 1426 πράγματα
1232 1373 1441 1427 παρέχοιμι
1470 1370 1492 1423 5)

167 1438 320 1493 ἐμαυτῷ
361 1435 621 1493 [ἐνοχλοίην];
672 1439 716 1480 τὸ
759 1442 801 1481 δὲ
837 1439 955 1482 τέλος
992 1440 1012 1481 ὃ
1049 1441 1220 1493 ἐγένετο,
1258 1440 1360 1480 τοῦθ’
1396 1441 1534 1491 ὑμᾶςὸ

106 1522 147 1544 20
166 1505 388 1558 ἀναγκαίως
413 1506 498 1560 ἔχει
521 1507 700 1548 ἀκοῦσαι.
761 1506 876 1549 αὐτὸς
902 1509 977 1560 γέιρ
998 1509 1074 1560 ἐγὼ
1102 1509 1266 1548 ἐδίκασα
1282 1508 1404 1562 τούτῳ
1433 1507 1494 1548 καὶ

166 1572 279 1615 οὗτος
308 1573 394 1624 ἐμοὶ
423 1575 471 1613 τὰ
500 1573 646 1624 ἡμίσεα
679 1573 862 1626 ἑκάτερον
899 1575 1008 1625 ἡμῶν
1042 1579 1188 1626 λαβεῖν
1221 1576 1275 1615 ὧν
1308 1575 1493 1615 κατέλιπε

166 1639 324 1690 Κόμων,
360 1640 422 1680 καὶ
454 1641 646 1692 μηδεμίαν
672 1642 809 1691 ἀηδίαν
841 1642 939 1682 εἶναι
969 1642 1195 1694 περαιτέρω.
1268 1643 1330 1682 καὶ
1361 1659 1489 1693 προει-

165 1706 305 1757 λόμην,
334 1704 363 1746 ὦ
388 1706 526 1759 ἄνδρες
551 1708 746 1757 δικασταί,
766 1709 865 1749 ἑκὼν
888 1712 1124 1760 μεταδοῦναι
1147 1709 1270 1764 τούτῳ
1294 1706 1491 1760 μῖιλλονῆ

167 1774 222 1815 εἰς
246 1773 500 1826 δικαστήριον
526 1776 662 1816 εἰσιὼν
682 1776 919 1816 κινδυνεύειν
944 1779 1041 1827 πρὸς
1067 1778 1212 1816 οἰκεῖον
1236 1779 1331 1816 ὄντα
1356 1780 1492 1816 τοῦτον

107 1858 145 1889 25
167 1841 230 1880 καὶ
263 1841 387 1882 εἰπεῖν
415 1858 452 1881 τι
483 1841 611 1892 ἀηδές,
647 1842 824 1895 ἀδελφὸν
860 1845 955 1883 ὄντα
982 1845 1051 1893 τῆς
1089 1845 1183 1894 ἐμῆς
1217 1842 1401 1895 γυναικὸς
1432 1844 1492 1883 καὶ

166 1909 272 1948 θεῖον
296 1912 375 1948 τῶν
398 1909 502 1959 ἐμῶν
528 1909 691 1956 παίδων,
719 1910 781 1949 καὶ
806 1909 881 1950 ὑπὸ
906 1910 1046 1951 τούτου
1061 1911 1230 1951 ἀκοῦσαί
1251 1927 1288 1951 τι
1309 1909 1491 1960 ἀνεπιτή-

165 1976 284 2017 δειον.
342 1977 464 2015 ταῦτα
486 1975 617 2017 πάντα
646 1977 933 2028 ἐνθυμούμενος
963 1978 1226 2032 συνεχώρησα
1255 1977 1371 2032 αὐτῷ.
1432 1978 1492 2017 καὶ
1513 1993 1534 2026 9

163 2040 263 2092 μετὰ
297 2045 418 2083 ταῦτα
460 2042 657 2094 συνθήκας
695 2043 930 2096 ἐγράψαμεν
965 2044 1061 2096 πρὸς
1095 2045 1196 2095 ἡμᾶς
1233 2044 1370 2086 αὐτοὺς
1406 2045 1493 2095 περὶ

166 2107 364 2156 ἁπάντων,
393 2110 455 2150 καὶ
470 2110 609 2162 ὅρκους
634 2111 821 2164 ἰσχυροὺς
840 2111 1052 2162 ὠμόσαμεν
1073 2110 1279 2162 ἀλλήλοις,
1297 2110 1320 2162 ἦ
1343 2111 1421 2162 μὴν
1445 2110 1492 2150 τά

212 2227 227 2248 1
245 2217 337 2251 οὗτος
352 2217 385 2249 Α
451 2229 470 2249 2
487 2221 584 2252 αὑτὸν
601 2219 631 2250 D
647 2219 684 2250 S1
698 2220 787 2260 (Sine
800 2221 936 2262 spiritu)
954 2232 961 2251 Ξ
986 2222 1100 2253 ἑαυτὸν
1113 2220 1137 2251 S
1155 2231 1240 2253 corr.
1255 2220 1285 2259 Q
1297 2234 1348 2261 γρ.
1364 2231 1372 2250 t
1397 2221 1493 2252 αὐτὸν

166 2260 257 2301 vulg.
333 2272 353 2300 3
370 2262 541 2295 κατέλειπε
555 2263 580 2295 S
655 2274 674 2302 4
691 2265 860 2304 ψεύδεται.
878 2289 884 2296 .
900 2289 908 2296 .
925 2265 1114 2306 ἐπιχειρεΐΡ
1125 2264 1155 2303 Q
1168 2265 1198 2294 D
1276 2273 1378 2302 14—15
1395 2264 1492 2295 ἅπαν-

165 2319 224 2337 τας
238 2306 312 2338 τοὺς
328 2307 460 2338 οἰκείους
476 2307 508 2337 Α
670 2308 709 2337 16
734 2309 846 2340 ἑαυτοῦ
861 2308 1028 2338 Richards
1160 2319 1198 2347 19
1224 2308 1396 2348 ἐνοχλοίην
1410 2307 1490 2337 secl.

168 2347 340 2380 Huettner
356 2350 429 2381 coll.
446 2350 515 2380 xliii
533 2361 584 2382 20.
633 2351 769 2381 verbum
789 2354 942 2392 ἐνοχλεῖν
959 2362 1025 2382 non
1044 2357 1224 2391 usurpatur
1240 2352 1281 2382 de
1299 2361 1340 2381 eo
1357 2350 1413 2389 qui
1429 2350 1491 2380 sibi

166 2392 240 2432 ipse
263 2393 400 2431 negotia
422 2394 558 2424 facessit
691 2404 728 2423 21
756 2393 799 2426 ὧν
822 2400 934 2425 servat
954 2394 986 2424 A
1001 2395 1092 2425 solus
1225 2404 1265 2423 22
1291 2397 1306 2426 ὁ
1331 2394 1440 2433 Κόμων
1461 2393 1493 2422 Α

166 2449 321 2478 περετερω
338 2436 363 2467 S
450 2447 492 2475 23
516 2440 644 2477 μᾶλλον
659 2447 722 2469 om.
741 2437 773 2468 A
863 2448 903 2477 25
929 2439 1028 2470 ἀειδες
1045 2437 1097 2477 51,
1115 2448 1200 2469 corr.
1218 2449 1258 2468 m.
1276 2448 1341 2468 rec.

1368 2492 1405 2523 9*
