<?xml version="1.0" encoding="UTF-8"?>
<!DOCTYPE html PUBLIC "-//W3C//DTD XHTML 1.0 Transitional//EN"
    "http://www.w3.org/TR/xhtml1/DTD/xhtml1-transitional.dtd">
<html xmlns="http://www.w3.org/1999/xhtml" xml:lang="en" lang="en">
 <head>
  <title>
</title>
<meta http-equiv="Content-Type" content="text/html;charset=utf-8" />
  <meta name='ocr-system' content='tesseract 3.04.00' />
  <meta name='ocr-capabilities' content='ocr_page ocr_carea ocr_par ocr_line ocrx_word'/>
</head>
<body>
  <div class='ocr_page' id='page_1' title='image "./orationesrecog03demouoft_0278.png"; bbox 0 0 1763 2778; ppageno 0'>
   <div class='ocr_carea' id='block_1_1' title="bbox 116 150 1605 215">
    <p class='ocr_par' dir='ltr' id='par_1_1' title="bbox 116 150 1605 215">
     <span class='ocr_line' id='line_1_1' title="bbox 116 150 1605 215; baseline -0.007 -16"><span class='ocrx_word' id='word_1_1' title='bbox 116 160 256 215; x_wconf 88' lang='lat'><strong>[1305]</strong></span> <span class='ocrx_word' id='word_1_2' title='bbox 701 157 1188 196; x_wconf 78' lang='grc' dir='ltr'>ΔΗΜΟΣΘΕΝΟΎΣ</span> <span class='ocrx_word' id='word_1_3' title='bbox 1512 150 1605 205; x_wconf 83' lang='lat' dir='ltr'>[Lvn</span> 
     </span>
    </p>
   </div>
   <div class='ocr_carea' id='block_1_2' title="bbox 213 263 1668 1133">
    <p class='ocr_par' dir='ltr' id='par_1_2' title="bbox 831 263 1048 291">
     <span class='ocr_line' id='line_1_2' title="bbox 831 263 1048 291; baseline -0.005 -1"><span class='ocrx_word' id='word_1_4' title='bbox 831 263 1048 291; x_wconf 79' lang='grc' dir='ltr'><strong>ΜΑΡΤΥΡΕΣ.</strong></span> 
     </span>
    </p>

    <p class='ocr_par' dir='ltr' id='par_1_3' title="bbox 213 326 1644 782">
     <span class='ocr_line' id='line_1_3' title="bbox 213 326 1602 380; baseline -0.001 -13"><span class='ocrx_word' id='word_1_5' title='bbox 213 342 256 367; x_wconf 86' lang='lat'>22</span> <span class='ocrx_word' id='word_1_6' title='bbox 342 332 432 370; x_wconf 92' lang='grc' dir='ltr'>Τῶν</span> <span class='ocrx_word' id='word_1_7' title='bbox 467 331 538 380; x_wconf 82' lang='grc' dir='ltr'>μὲν</span> <span class='ocrx_word' id='word_1_8' title='bbox 574 329 705 369; x_wconf 87' lang='grc' dir='ltr'>τοίνυν</span> <span class='ocrx_word' id='word_1_9' title='bbox 731 327 827 379; x_wconf 82' lang='grc' dir='ltr'>πρὸς</span> <span class='ocrx_word' id='word_1_10' title='bbox 860 328 1010 378; x_wconf 79' lang='grc' dir='ltr'>ἀνδρῶν</span> <span class='ocrx_word' id='word_1_11' title='bbox 1043 330 1095 380; x_wconf 81' lang='grc' dir='ltr'>τῷ</span> <span class='ocrx_word' id='word_1_12' title='bbox 1129 327 1246 378; x_wconf 84' lang='grc' dir='ltr'>πατρὶ</span> <span class='ocrx_word' id='word_1_13' title='bbox 1279 330 1485 378; x_wconf 81' lang='grc' dir='ltr'>συγγενῶν</span> <span class='ocrx_word' id='word_1_14' title='bbox 1508 326 1602 376; x_wconf 82' lang='grc' dir='ltr'>ἀκη-</span> 
     </span>
     <span class='ocr_line' id='line_1_4' title="bbox 279 393 1602 447; baseline -0.002 -12"><span class='ocrx_word' id='word_1_15' title='bbox 279 396 398 442; x_wconf 86' lang='grc' dir='ltr'>κόατ’,</span> <span class='ocrx_word' id='word_1_16' title='bbox 432 394 462 436; x_wconf 72' lang='grc' dir='ltr'><em>ὦ</em></span> <span class='ocrx_word' id='word_1_17' title='bbox 495 395 633 447; x_wconf 82' lang='grc' dir='ltr'>ἄνδρες</span> <span class='ocrx_word' id='word_1_18' title='bbox 668 395 882 444; x_wconf 83' lang='grc' dir='ltr'>Ἀθηναῖοι,</span> <span class='ocrx_word' id='word_1_19' title='bbox 919 393 982 433; x_wconf 88' lang='grc' dir='ltr'>καὶ</span> <span class='ocrx_word' id='word_1_20' title='bbox 1014 393 1312 445; x_wconf 81' lang='grc' dir='ltr'>μαρτυρούντων</span> <span class='ocrx_word' id='word_1_21' title='bbox 1351 393 1411 432; x_wconf 87' lang='grc' dir='ltr'>καὶ</span> <span class='ocrx_word' id='word_1_22' title='bbox 1447 396 1602 443; x_wconf 85' lang='grc' dir='ltr'>διομνυ-</span> 
     </span>
     <span class='ocr_line' id='line_1_5' title="bbox 276 459 1605 515; baseline -0.003 -12"><span class='ocrx_word' id='word_1_23' title='bbox 276 462 407 514; x_wconf 84' lang='grc' dir='ltr'>μένων</span> <span class='ocrx_word' id='word_1_24' title='bbox 445 459 695 515; x_wconf 81' lang='grc' dir='ltr'>&lt;Ἀθηναῖον&gt;</span> <span class='ocrx_word' id='word_1_25' title='bbox 739 461 837 502; x_wconf 81' lang='grc' dir='ltr'>εἶναι</span> <span class='ocrx_word' id='word_1_26' title='bbox 880 461 942 501; x_wconf 86' lang='grc' dir='ltr'>καὶ</span> <span class='ocrx_word' id='word_1_27' title='bbox 990 463 1165 512; x_wconf 87' lang='grc' dir='ltr'>συγγενῆ</span> <span class='ocrx_word' id='word_1_28' title='bbox 1213 460 1281 500; x_wconf 86' lang='grc' dir='ltr'>τὸν</span> <span class='ocrx_word' id='word_1_29' title='bbox 1329 459 1424 511; x_wconf 85' lang='grc' dir='ltr'>ἐμὸν</span> <span class='ocrx_word' id='word_1_30' title='bbox 1470 459 1605 511; x_wconf 82' lang='grc' dir='ltr'>πατέρ’</span> 
     </span>
     <span class='ocr_line' id='line_1_6' title="bbox 277 526 1644 579; baseline -0.004 -9"><span class='ocrx_word' id='word_1_31' title='bbox 277 531 420 571; x_wconf 80' lang='grc' dir='ltr'>αὐτοῖς·</span> <span class='ocrx_word' id='word_1_32' title='bbox 456 531 509 569; x_wconf 84' lang='grc' dir='ltr'>ὧν</span> <span class='ocrx_word' id='word_1_33' title='bbox 545 529 670 570; x_wconf 81' lang='grc' dir='ltr'>οὐδεὶς</span> <span class='ocrx_word' id='word_1_34' title='bbox 711 527 846 578; x_wconf 83' lang='grc' dir='ltr'>δήπου,</span> <span class='ocrx_word' id='word_1_35' title='bbox 891 526 1252 579; x_wconf 85' lang='grc' dir='ltr'>παραστησάμενος</span> <span class='ocrx_word' id='word_1_36' title='bbox 1292 527 1383 568; x_wconf 86' lang='grc' dir='ltr'>τοὺς</span> <span class='ocrx_word' id='word_1_37' title='bbox 1425 541 1644 572; x_wconf 84' lang='grc' dir='ltr'>συνεισο-5</span> 
     </span>
     <span class='ocr_line' id='line_1_7' title="bbox 275 593 1599 650; baseline -0.002 -13"><span class='ocrx_word' id='word_1_38' title='bbox 275 596 415 648; x_wconf 83' lang='grc' dir='ltr'>μένους</span> <span class='ocrx_word' id='word_1_39' title='bbox 440 597 540 650; x_wconf 81' lang='grc' dir='ltr'>αὐτῷ</span> <span class='ocrx_word' id='word_1_40' title='bbox 565 598 613 635; x_wconf 81' lang='grc' dir='ltr'>τὰ</span> <span class='ocrx_word' id='word_1_41' title='bbox 641 598 768 648; x_wconf 80' lang='grc' dir='ltr'>ψευδῆ</span> <span class='ocrx_word' id='word_1_42' title='bbox 795 598 1065 646; x_wconf 83' lang='grc' dir='ltr'>μαρτυροῦντι,</span> <span class='ocrx_word' id='word_1_43' title='bbox 1095 594 1176 634; x_wconf 85' lang='grc' dir='ltr'>κατ’</span> <span class='ocrx_word' id='word_1_44' title='bbox 1203 593 1391 644; x_wconf 81' lang='grc' dir='ltr'>ἐξωλείας</span> <span class='ocrx_word' id='word_1_45' title='bbox 1417 595 1599 644; x_wconf 83' lang='grc' dir='ltr'>ἐπιορκεῖ.</span> 
     </span>
     <span class='ocr_line' id='line_1_8' title="bbox 276 661 1607 716; baseline -0.002 -12"><span class='ocrx_word' id='word_1_46' title='bbox 276 666 383 714; x_wconf 78' lang='grc' dir='ltr'>λαβὲ</span> <span class='ocrx_word' id='word_1_47' title='bbox 411 663 456 713; x_wconf 79' lang='grc' dir='ltr'>δὴ</span> <span class='ocrx_word' id='word_1_48' title='bbox 492 662 553 703; x_wconf 91' lang='grc' dir='ltr'>καὶ</span> <span class='ocrx_word' id='word_1_49' title='bbox 589 664 657 703; x_wconf 74' lang='grc' dir='ltr'>τὰς</span> <span class='ocrx_word' id='word_1_50' title='bbox 690 666 767 702; x_wconf 87' lang='grc' dir='ltr'>τῶν</span> <span class='ocrx_word' id='word_1_51' title='bbox 800 661 896 714; x_wconf 83' lang='grc' dir='ltr'>πρὸς</span> <span class='ocrx_word' id='word_1_52' title='bbox 932 665 1126 714; x_wconf 91' lang='grc' dir='ltr'>γυναικῶν</span> <span class='ocrx_word' id='word_1_53' title='bbox 1159 665 1211 716; x_wconf 82' lang='grc' dir='ltr'>τῷ</span> <span class='ocrx_word' id='word_1_54' title='bbox 1247 661 1364 713; x_wconf 84' lang='grc' dir='ltr'>πατρὶ</span> <span class='ocrx_word' id='word_1_55' title='bbox 1401 664 1607 714; x_wconf 82' lang='grc' dir='ltr'>συγγενῶν</span> 
     </span>
     <span class='ocr_line' id='line_1_9' title="bbox 275 731 497 782; baseline 0 -12"><span class='ocrx_word' id='word_1_56' title='bbox 275 731 497 782; x_wconf 86' lang='grc' dir='ltr'>μαρτυρίας.</span> 
     </span>
    </p>

    <p class='ocr_par' dir='ltr' id='par_1_4' title="bbox 830 816 1053 844">
     <span class='ocr_line' id='line_1_10' title="bbox 830 816 1053 844; baseline 0 -2"><span class='ocrx_word' id='word_1_57' title='bbox 830 816 1053 844; x_wconf 79' lang='grc' dir='ltr'><strong>ΜΑΡἹἼῬῙΑῙ.</strong></span> 
     </span>
    </p>

    <p class='ocr_par' dir='ltr' id='par_1_5' title="bbox 215 879 1668 1133">
     <span class='ocr_line' id='line_1_11' title="bbox 215 879 1668 931; baseline 0.001 -10"><span class='ocrx_word' id='word_1_58' title='bbox 215 890 258 925; x_wconf 86' lang='grc'>23</span> <span class='ocrx_word' id='word_1_59' title='bbox 345 881 398 921; x_wconf 82' lang='grc' dir='ltr'>Οἱ</span> <span class='ocrx_word' id='word_1_60' title='bbox 429 881 501 930; x_wconf 79' lang='grc' dir='ltr'>μὲν</span> <span class='ocrx_word' id='word_1_61' title='bbox 534 881 665 920; x_wconf 86' lang='grc' dir='ltr'>τοίνυν</span> <span class='ocrx_word' id='word_1_62' title='bbox 700 880 839 929; x_wconf 82' lang='grc' dir='ltr'>ζῶντες</span> <span class='ocrx_word' id='word_1_63' title='bbox 867 879 975 919; x_wconf 81' lang='grc' dir='ltr'>οὗτοι</span> <span class='ocrx_word' id='word_1_64' title='bbox 1004 883 1082 920; x_wconf 86' lang='grc' dir='ltr'>τῶν</span> <span class='ocrx_word' id='word_1_65' title='bbox 1115 883 1322 931; x_wconf 86' lang='grc' dir='ltr'>συγγενῶν</span> <span class='ocrx_word' id='word_1_66' title='bbox 1358 883 1425 919; x_wconf 81' lang='grc' dir='ltr'>τοῦ</span> <span class='ocrx_word' id='word_1_67' title='bbox 1460 879 1606 931; x_wconf 88' lang='grc' dir='ltr'>πατρὸς</span> <span class='ocrx_word' id='word_1_68' title='bbox 1628 898 1668 923; x_wconf 85' lang='grc' dir='ltr'>ιο</span> 
     </span>
     <span class='ocr_line' id='line_1_12' title="bbox 280 945 1607 999; baseline 0.002 -14"><span class='ocrx_word' id='word_1_69' title='bbox 280 947 342 987; x_wconf 80' lang='grc' dir='ltr'>καὶ</span> <span class='ocrx_word' id='word_1_70' title='bbox 366 947 462 999; x_wconf 88' lang='grc' dir='ltr'>πρὸς</span> <span class='ocrx_word' id='word_1_71' title='bbox 487 947 638 998; x_wconf 84' lang='grc' dir='ltr'>ἀνδρῶν</span> <span class='ocrx_word' id='word_1_72' title='bbox 666 947 728 987; x_wconf 88' lang='grc' dir='ltr'>καὶ</span> <span class='ocrx_word' id='word_1_73' title='bbox 752 946 850 999; x_wconf 85' lang='grc' dir='ltr'>πρὸς</span> <span class='ocrx_word' id='word_1_74' title='bbox 873 951 1068 999; x_wconf 88' lang='grc' dir='ltr'>γυναικῶν</span> <span class='ocrx_word' id='word_1_75' title='bbox 1092 945 1450 998; x_wconf 85' lang='grc' dir='ltr'>μεμαρτυρήκασιν,</span> <span class='ocrx_word' id='word_1_76' title='bbox 1478 947 1528 988; x_wconf 84' lang='grc' dir='ltr'>ὡς</span> <span class='ocrx_word' id='word_1_77' title='bbox 1560 945 1607 997; x_wconf 83' lang='grc' dir='ltr'>ἦν</span> 
     </span>
     <span class='ocr_line' id='line_1_13' title="bbox 279 1013 1606 1068; baseline 0 -14"><span class='ocrx_word' id='word_1_78' title='bbox 279 1014 560 1066; x_wconf 83' lang='grc' dir='ltr'>ἀμφοτέρωθεν</span> <span class='ocrx_word' id='word_1_79' title='bbox 585 1013 793 1064; x_wconf 85' lang='grc' dir='ltr'>Ἀθηναῖος</span> <span class='ocrx_word' id='word_1_80' title='bbox 820 1014 882 1054; x_wconf 86' lang='grc' dir='ltr'>καὶ</span> <span class='ocrx_word' id='word_1_81' title='bbox 906 1016 1027 1064; x_wconf 90' lang='grc' dir='ltr'>μετῆν</span> <span class='ocrx_word' id='word_1_82' title='bbox 1047 1016 1115 1064; x_wconf 86' lang='grc' dir='ltr'>τῆς</span> <span class='ocrx_word' id='word_1_83' title='bbox 1135 1014 1288 1055; x_wconf 87' lang='grc' dir='ltr'>πόλεως</span> <span class='ocrx_word' id='word_1_84' title='bbox 1313 1014 1416 1068; x_wconf 83' lang='grc' dir='ltr'>αὐτῷ</span> <span class='ocrx_word' id='word_1_85' title='bbox 1437 1015 1606 1056; x_wconf 86' lang='grc' dir='ltr'>δικαίως.</span> 
     </span>
     <span class='ocr_line' id='line_1_14' title="bbox 278 1079 1495 1133; baseline 0 -12"><span class='ocrx_word' id='word_1_86' title='bbox 278 1081 390 1122; x_wconf 85' lang='grc' dir='ltr'>κάλει</span> <span class='ocrx_word' id='word_1_87' title='bbox 415 1079 462 1132; x_wconf 89' lang='grc' dir='ltr'>δή</span> <span class='ocrx_word' id='word_1_88' title='bbox 485 1097 553 1133; x_wconf 94' lang='grc' dir='ltr'>μοι</span> <span class='ocrx_word' id='word_1_89' title='bbox 577 1081 639 1121; x_wconf 88' lang='grc' dir='ltr'>καὶ</span> <span class='ocrx_word' id='word_1_90' title='bbox 663 1080 752 1123; x_wconf 85' lang='grc' dir='ltr'>τοὺς</span> <span class='ocrx_word' id='word_1_91' title='bbox 778 1080 988 1133; x_wconf 85' lang='grc' dir='ltr'>φράτερας,</span> <span class='ocrx_word' id='word_1_92' title='bbox 1018 1081 1152 1121; x_wconf 86' lang='grc' dir='ltr'>ἔπειτα</span> <span class='ocrx_word' id='word_1_93' title='bbox 1177 1080 1268 1123; x_wconf 82' lang='grc' dir='ltr'>τοὺς</span> <span class='ocrx_word' id='word_1_94' title='bbox 1290 1079 1495 1133; x_wconf 89' lang='grc' dir='ltr'>γεννήτας.</span> 
     </span>
    </p>
   </div>
   <div class='ocr_carea' id='block_1_3' title="bbox 115 1178 1666 2195">
    <p class='ocr_par' dir='ltr' id='par_1_6' title="bbox 831 1178 1048 1207">
     <span class='ocr_line' id='line_1_15' title="bbox 831 1178 1048 1207; baseline 0.005 -1"><span class='ocrx_word' id='word_1_95' title='bbox 831 1178 1048 1207; x_wconf 75' lang='grc' dir='ltr'><strong>ΜΑΡΤὙΡΕΣ.</strong></span> 
     </span>
    </p>

    <p class='ocr_par' dir='ltr' id='par_1_7' title="bbox 279 1238 1666 1434">
     <span class='ocr_line' id='line_1_16' title="bbox 346 1238 1666 1295; baseline -0.002 -14"><span class='ocrx_word' id='word_1_96' title='bbox 346 1244 459 1293; x_wconf 56' lang='lat' dir='ltr'>Aa&amp;</span> <span class='ocrx_word' id='word_1_97' title='bbox 493 1241 538 1292; x_wconf 80' lang='grc' dir='ltr'>δὴ</span> <span class='ocrx_word' id='word_1_98' title='bbox 571 1242 633 1282; x_wconf 84' lang='grc' dir='ltr'>καὶ</span> <span class='ocrx_word' id='word_1_99' title='bbox 665 1243 734 1284; x_wconf 76' lang='grc' dir='ltr'>τὰς</span> <span class='ocrx_word' id='word_1_100' title='bbox 767 1245 842 1282; x_wconf 89' lang='grc' dir='ltr'>τῶν</span> <span class='ocrx_word' id='word_1_101' title='bbox 879 1244 1059 1292; x_wconf 87' lang='grc' dir='ltr'>δημοτῶν</span> <span class='ocrx_word' id='word_1_102' title='bbox 1090 1238 1318 1295; x_wconf 75' lang='grc' dir='ltr'>μαρτυρίας,</span> <span class='ocrx_word' id='word_1_103' title='bbox 1342 1242 1406 1282; x_wconf 86' lang='grc' dir='ltr'>καὶ</span> <span class='ocrx_word' id='word_1_104' title='bbox 1434 1243 1502 1284; x_wconf 82' lang='grc' dir='ltr'>τὰς</span> <span class='ocrx_word' id='word_1_105' title='bbox 1530 1245 1607 1282; x_wconf 91' lang='grc' dir='ltr'>τῶν</span> <span class='ocrx_word' id='word_1_106' title='bbox 1630 1257 1666 1288; x_wconf 87' lang='lat'>15</span> 
     </span>
     <span class='ocr_line' id='line_1_17' title="bbox 279 1308 1584 1364; baseline 0 -15"><span class='ocrx_word' id='word_1_107' title='bbox 279 1313 484 1361; x_wconf 85' lang='grc' dir='ltr'>συγγενῶν</span> <span class='ocrx_word' id='word_1_108' title='bbox 507 1309 596 1362; x_wconf 90' lang='grc' dir='ltr'>περὶ</span> <span class='ocrx_word' id='word_1_109' title='bbox 621 1313 696 1349; x_wconf 89' lang='grc' dir='ltr'>τῶν</span> <span class='ocrx_word' id='word_1_110' title='bbox 723 1308 941 1362; x_wconf 86' lang='grc' dir='ltr'>φρατέρων,</span> <span class='ocrx_word' id='word_1_111' title='bbox 970 1309 1022 1351; x_wconf 86' lang='grc' dir='ltr'>ὡς</span> <span class='ocrx_word' id='word_1_112' title='bbox 1047 1310 1202 1350; x_wconf 85' lang='grc' dir='ltr'>εἵλοντό</span> <span class='ocrx_word' id='word_1_113' title='bbox 1225 1327 1273 1361; x_wconf 90' lang='grc' dir='ltr'>με</span> <span class='ocrx_word' id='word_1_114' title='bbox 1299 1311 1584 1364; x_wconf 85' lang='grc' dir='ltr'>φρατρίαρχον.</span> 
     </span>
     <span class='ocr_line' id='line_1_18' title="bbox 821 1407 1046 1434; baseline -0.004 0"><span class='ocrx_word' id='word_1_115' title='bbox 821 1407 1046 1434; x_wconf 78' lang='grc' dir='ltr'><strong>ΜΑΡΤΤΡΙΑΙ.</strong></span> 
     </span>
    </p>

    <p class='ocr_par' dir='ltr' id='par_1_8' title="bbox 214 1469 1666 1792">
     <span class='ocr_line' id='line_1_19' title="bbox 214 1469 1606 1524; baseline 0 -12"><span class='ocrx_word' id='word_1_116' title='bbox 214 1488 259 1522; x_wconf 89' lang='lat'>24</span> <span class='ocrx_word' id='word_1_117' title='bbox 345 1472 405 1510; x_wconf 81' lang='grc' dir='ltr'>Τὰ</span> <span class='ocrx_word' id='word_1_118' title='bbox 424 1471 497 1522; x_wconf 81' lang='grc' dir='ltr'>μὲν</span> <span class='ocrx_word' id='word_1_119' title='bbox 516 1471 648 1511; x_wconf 88' lang='grc' dir='ltr'>τοίνυν</span> <span class='ocrx_word' id='word_1_120' title='bbox 667 1469 744 1511; x_wconf 84' lang='grc' dir='ltr'>ὑπὸ</span> <span class='ocrx_word' id='word_1_121' title='bbox 763 1475 841 1511; x_wconf 87' lang='grc' dir='ltr'>τῶν</span> <span class='ocrx_word' id='word_1_122' title='bbox 862 1475 1068 1524; x_wconf 88' lang='grc' dir='ltr'>συγγενῶν</span> <span class='ocrx_word' id='word_1_123' title='bbox 1090 1472 1152 1512; x_wconf 85' lang='grc' dir='ltr'>καὶ</span> <span class='ocrx_word' id='word_1_124' title='bbox 1172 1470 1379 1524; x_wconf 84' lang='grc' dir='ltr'>φρατέρων</span> <span class='ocrx_word' id='word_1_125' title='bbox 1405 1472 1466 1512; x_wconf 87' lang='grc' dir='ltr'>καὶ</span> <span class='ocrx_word' id='word_1_126' title='bbox 1486 1474 1606 1522; x_wconf 88' lang='grc' dir='ltr'>δημο-</span> 
     </span>
     <span class='ocr_line' id='line_1_20' title="bbox 279 1537 1611 1591; baseline 0.002 -14"><span class='ocrx_word' id='word_1_127' title='bbox 279 1541 355 1578; x_wconf 90' lang='grc' dir='ltr'>τῶν</span> <span class='ocrx_word' id='word_1_128' title='bbox 382 1537 444 1578; x_wconf 87' lang='grc' dir='ltr'>καὶ</span> <span class='ocrx_word' id='word_1_129' title='bbox 469 1541 680 1590; x_wconf 84' lang='grc' dir='ltr'>γεννητῶν,</span> <span class='ocrx_word' id='word_1_130' title='bbox 699 1539 753 1578; x_wconf 79' lang='grc' dir='ltr'>ὧν</span> <span class='ocrx_word' id='word_1_131' title='bbox 772 1537 976 1590; x_wconf 90' lang='grc' dir='ltr'>προσήκει,</span> <span class='ocrx_word' id='word_1_132' title='bbox 998 1538 1278 1591; x_wconf 81' lang='grc' dir='ltr'>μαρτυρούμεν’</span> <span class='ocrx_word' id='word_1_133' title='bbox 1299 1539 1501 1589; x_wconf 85' lang='grc' dir='ltr'>ἀκηκόατε.</span> <span class='ocrx_word' id='word_1_134' title='bbox 1564 1537 1611 1590; x_wconf 77' lang='grc' dir='ltr'>ἐξ</span> 
     </span>
     <span class='ocr_line' id='line_1_21' title="bbox 280 1602 1666 1661; baseline 0 -17"><span class='ocrx_word' id='word_1_135' title='bbox 280 1605 333 1645; x_wconf 83' lang='grc' dir='ltr'>ὧν</span> <span class='ocrx_word' id='word_1_136' title='bbox 353 1605 462 1645; x_wconf 86' lang='grc' dir='ltr'>ἔστιν</span> <span class='ocrx_word' id='word_1_137' title='bbox 486 1606 576 1656; x_wconf 84' lang='grc' dir='ltr'>ὑμῖν</span> <span class='ocrx_word' id='word_1_138' title='bbox 594 1603 750 1651; x_wconf 80' lang='grc' dir='ltr'>εἰδέναι,</span> <span class='ocrx_word' id='word_1_139' title='bbox 769 1606 936 1656; x_wconf 88' lang='grc' dir='ltr'>πότερόν</span> <span class='ocrx_word' id='word_1_140' title='bbox 955 1605 1042 1646; x_wconf 80' lang='grc' dir='ltr'>ποτ’</span> <span class='ocrx_word' id='word_1_141' title='bbox 1063 1605 1185 1648; x_wconf 84' lang='grc' dir='ltr'>ἀστὸς</span> <span class='ocrx_word' id='word_1_142' title='bbox 1205 1602 1228 1656; x_wconf 88' lang='grc' dir='ltr'>ἢ</span> <span class='ocrx_word' id='word_1_143' title='bbox 1248 1605 1361 1657; x_wconf 84' lang='grc' dir='ltr'>ξένος</span> <span class='ocrx_word' id='word_1_144' title='bbox 1380 1605 1427 1656; x_wconf 83' lang='grc' dir='ltr'>ἦν</span> <span class='ocrx_word' id='word_1_145' title='bbox 1446 1604 1474 1661; x_wconf 76' lang='grc' dir='ltr'>ᾧ</span> <span class='ocrx_word' id='word_1_146' title='bbox 1497 1605 1606 1646; x_wconf 88' lang='grc' dir='ltr'>ταῦθ’</span> <span class='ocrx_word' id='word_1_147' title='bbox 1627 1621 1666 1644; x_wconf 82' lang='lat'>20</span> 
     </span>
     <span class='ocr_line' id='line_1_22' title="bbox 279 1669 1603 1725; baseline 0.001 -13"><span class='ocrx_word' id='word_1_148' title='bbox 279 1672 467 1725; x_wconf 80' lang='grc' dir='ltr'>ὑπῆρχεν.</span> <span class='ocrx_word' id='word_1_149' title='bbox 539 1672 601 1711; x_wconf 83' lang='grc' dir='ltr'>καὶ</span> <span class='ocrx_word' id='word_1_150' title='bbox 631 1673 705 1724; x_wconf 75' lang='grc' dir='ltr'>γὰρ</span> <span class='ocrx_word' id='word_1_151' title='bbox 738 1673 771 1712; x_wconf 85' lang='grc' dir='ltr'>εἰ</span> <span class='ocrx_word' id='word_1_152' title='bbox 803 1674 875 1723; x_wconf 79' lang='grc' dir='ltr'>μὲν</span> <span class='ocrx_word' id='word_1_153' title='bbox 910 1673 964 1714; x_wconf 82' lang='grc' dir='ltr'>εἰς</span> <span class='ocrx_word' id='word_1_154' title='bbox 998 1671 1052 1713; x_wconf 85' lang='grc' dir='ltr'>ἕν’</span> <span class='ocrx_word' id='word_1_155' title='bbox 1083 1669 1106 1723; x_wconf 86' lang='grc' dir='ltr'>ἢ</span> <span class='ocrx_word' id='word_1_156' title='bbox 1144 1672 1200 1712; x_wconf 85' lang='grc' dir='ltr'>δύ’</span> <span class='ocrx_word' id='word_1_157' title='bbox 1231 1673 1458 1725; x_wconf 84' lang='grc' dir='ltr'>ἀνθρώπους</span> <span class='ocrx_word' id='word_1_158' title='bbox 1494 1690 1603 1713; x_wconf 91' lang='grc' dir='ltr'>κατε-</span> 
     </span>
     <span class='ocr_line' id='line_1_23' title="bbox 280 1738 1605 1792; baseline 0.001 -13"><span class='ocrx_word' id='word_1_159' title='bbox 280 1739 492 1791; x_wconf 87' lang='grc' dir='ltr'>φεύγομεν,</span> <span class='ocrx_word' id='word_1_160' title='bbox 521 1740 682 1792; x_wconf 85' lang='grc' dir='ltr'>εἴχομεν</span> <span class='ocrx_word' id='word_1_161' title='bbox 707 1738 754 1778; x_wconf 86' lang='grc' dir='ltr'>ἄν</span> <span class='ocrx_word' id='word_1_162' title='bbox 777 1738 850 1779; x_wconf 83' lang='grc' dir='ltr'>τιν’</span> <span class='ocrx_word' id='word_1_163' title='bbox 875 1740 1056 1791; x_wconf 83' lang='grc' dir='ltr'>ὑποψίαν</span> <span class='ocrx_word' id='word_1_164' title='bbox 1081 1738 1402 1791; x_wconf 86' lang='grc' dir='ltr'>παρεσκευάσθαι</span> <span class='ocrx_word' id='word_1_165' title='bbox 1431 1739 1605 1782; x_wconf 89' lang='grc' dir='ltr'>τούτους·</span> 
     </span>
    </p>

    <p class='ocr_par' dir='ltr' id='par_1_9' title="bbox 115 1804 1666 2061">
     <span class='ocr_line' id='line_1_24' title="bbox 115 1804 1604 1866; baseline 0.001 -20"><span class='ocrx_word' id='word_1_166' title='bbox 115 1810 257 1866; x_wconf 86' lang='lat'><strong>[1306]</strong></span> <span class='ocrx_word' id='word_1_167' title='bbox 281 1807 313 1846; x_wconf 81' lang='grc' dir='ltr'>εἰ</span> <span class='ocrx_word' id='word_1_168' title='bbox 337 1805 370 1846; x_wconf 87' lang='grc' dir='ltr'>δ’</span> <span class='ocrx_word' id='word_1_169' title='bbox 396 1807 438 1846; x_wconf 85' lang='grc' dir='ltr'>ἐν</span> <span class='ocrx_word' id='word_1_170' title='bbox 464 1804 625 1851; x_wconf 80' lang='grc' dir='ltr'>ἅπασιν,</span> <span class='ocrx_word' id='word_1_171' title='bbox 652 1806 847 1857; x_wconf 86' lang='grc' dir='ltr'>ὅσοισπερ</span> <span class='ocrx_word' id='word_1_172' title='bbox 873 1806 1038 1847; x_wconf 81' lang='grc' dir='ltr'>ἕκαστος</span> <span class='ocrx_word' id='word_1_173' title='bbox 1070 1807 1190 1857; x_wconf 86' lang='grc' dir='ltr'>ὑμῶν,</span> <span class='ocrx_word' id='word_1_174' title='bbox 1219 1805 1486 1858; x_wconf 79' lang='grc' dir='ltr'>ἐξητασμένος</span> <span class='ocrx_word' id='word_1_175' title='bbox 1511 1808 1604 1859; x_wconf 87' lang='grc' dir='ltr'>φαί-</span> 
     </span>
     <span class='ocr_line' id='line_1_25' title="bbox 279 1871 1603 1926; baseline 0.002 -14"><span class='ocrx_word' id='word_1_176' title='bbox 279 1889 386 1912; x_wconf 90' lang='grc' dir='ltr'>νεται</span> <span class='ocrx_word' id='word_1_177' title='bbox 420 1873 482 1913; x_wconf 87' lang='grc' dir='ltr'>καὶ</span> <span class='ocrx_word' id='word_1_178' title='bbox 513 1873 588 1922; x_wconf 80' lang='grc' dir='ltr'>ζῶν</span> <span class='ocrx_word' id='word_1_179' title='bbox 619 1872 640 1911; x_wconf 88' lang='grc' dir='ltr'>ὁ</span> <span class='ocrx_word' id='word_1_180' title='bbox 669 1871 796 1924; x_wconf 80' lang='grc' dir='ltr'>πατὴρ</span> <span class='ocrx_word' id='word_1_181' title='bbox 831 1873 893 1913; x_wconf 87' lang='grc' dir='ltr'>καὶ</span> <span class='ocrx_word' id='word_1_182' title='bbox 926 1876 994 1913; x_wconf 83' lang='grc' dir='ltr'>νῦν</span> <span class='ocrx_word' id='word_1_183' title='bbox 1019 1873 1110 1925; x_wconf 84' lang='grc' dir='ltr'>ἐγώ,</span> <span class='ocrx_word' id='word_1_184' title='bbox 1137 1872 1244 1926; x_wconf 88' lang='grc' dir='ltr'>λέγω</span> <span class='ocrx_word' id='word_1_185' title='bbox 1270 1873 1478 1926; x_wconf 88' lang='grc' dir='ltr'>φράτερσι,</span> <span class='ocrx_word' id='word_1_186' title='bbox 1506 1891 1603 1926; x_wconf 80' lang='grc' dir='ltr'>συγ-</span> 
     </span>
     <span class='ocr_line' id='line_1_26' title="bbox 278 1937 1666 1991; baseline 0 -11"><span class='ocrx_word' id='word_1_187' title='bbox 278 1938 428 1991; x_wconf 88' lang='grc' dir='ltr'>γενέσι,</span> <span class='ocrx_word' id='word_1_188' title='bbox 465 1939 665 1990; x_wconf 87' lang='grc' dir='ltr'>δημόταις,</span> <span class='ocrx_word' id='word_1_189' title='bbox 703 1938 920 1991; x_wconf 85' lang='grc' dir='ltr'>γεννήταις,</span> <span class='ocrx_word' id='word_1_190' title='bbox 959 1944 1041 1982; x_wconf 87' lang='grc' dir='ltr'>πῶς</span> <span class='ocrx_word' id='word_1_191' title='bbox 1076 1940 1232 1981; x_wconf 87' lang='grc' dir='ltr'>ἔνεστιν</span> <span class='ocrx_word' id='word_1_192' title='bbox 1267 1937 1290 1991; x_wconf 85' lang='grc' dir='ltr'>ἦ</span> <span class='ocrx_word' id='word_1_193' title='bbox 1327 1944 1409 1982; x_wconf 88' lang='grc' dir='ltr'>πῶς</span> <span class='ocrx_word' id='word_1_194' title='bbox 1441 1940 1606 1982; x_wconf 88' lang='grc' dir='ltr'>δυνατὸν</span> <span class='ocrx_word' id='word_1_195' title='bbox 1627 1956 1666 1991; x_wconf 83' lang='lat'>²5</span> 
     </span>
     <span class='ocr_line' id='line_1_27' title="bbox 277 2005 1604 2061; baseline 0.003 -16"><span class='ocrx_word' id='word_1_196' title='bbox 277 2006 436 2048; x_wconf 85' lang='grc' dir='ltr'>τούτους</span> <span class='ocrx_word' id='word_1_197' title='bbox 472 2005 648 2048; x_wconf 84' lang='grc' dir='ltr'>ἅπαντας</span> <span class='ocrx_word' id='word_1_198' title='bbox 682 2005 734 2057; x_wconf 76' lang='grc' dir='ltr'>μὴ</span> <span class='ocrx_word' id='word_1_199' title='bbox 770 2008 858 2057; x_wconf 82' lang='grc' dir='ltr'>μετ’</span> <span class='ocrx_word' id='word_1_200' title='bbox 894 2008 1080 2057; x_wconf 83' lang='grc' dir='ltr'>ἀληθείας</span> <span class='ocrx_word' id='word_1_201' title='bbox 1115 2007 1363 2061; x_wconf 86' lang='grc' dir='ltr'>ὑπάρχοντας</span> <span class='ocrx_word' id='word_1_202' title='bbox 1397 2024 1604 2049; x_wconf 91' lang='grc' dir='ltr'>κατεσκευ-</span> 
     </span>
    </p>

    <p class='ocr_par' dir='ltr' id='par_1_10' title="bbox 213 2071 1607 2195">
     <span class='ocr_line' id='line_1_28' title="bbox 213 2071 1607 2129; baseline 0.004 -18"><span class='ocrx_word' id='word_1_203' title='bbox 213 2083 259 2122; x_wconf 86' lang='lat'>25</span> <span class='ocrx_word' id='word_1_204' title='bbox 279 2071 419 2120; x_wconf 87' lang='grc' dir='ltr'>άσθαι;</span> <span class='ocrx_word' id='word_1_205' title='bbox 459 2074 492 2114; x_wconf 87' lang='grc' dir='ltr'>εἰ</span> <span class='ocrx_word' id='word_1_206' title='bbox 520 2075 592 2124; x_wconf 83' lang='grc' dir='ltr'>μὲν</span> <span class='ocrx_word' id='word_1_207' title='bbox 626 2074 759 2114; x_wconf 90' lang='grc' dir='ltr'>τοίνυν</span> <span class='ocrx_word' id='word_1_208' title='bbox 796 2073 960 2126; x_wconf 84' lang='grc' dir='ltr'>εὔπορος</span> <span class='ocrx_word' id='word_1_209' title='bbox 993 2073 1045 2115; x_wconf 85' lang='grc' dir='ltr'>ὢν</span> <span class='ocrx_word' id='word_1_210' title='bbox 1083 2076 1102 2114; x_wconf 91' lang='grc' dir='ltr'>ὁ</span> <span class='ocrx_word' id='word_1_211' title='bbox 1138 2075 1264 2128; x_wconf 79' lang='grc' dir='ltr'>πατὴρ</span> <span class='ocrx_word' id='word_1_212' title='bbox 1300 2074 1482 2129; x_wconf 84' lang='grc' dir='ltr'>χρήματα</span> <span class='ocrx_word' id='word_1_213' title='bbox 1517 2075 1607 2117; x_wconf 84' lang='grc' dir='ltr'>δοὺς</span> 
     </span>
     <span class='ocr_line' id='line_1_29' title="bbox 278 2141 1607 2195; baseline 0.002 -15"><span class='ocrx_word' id='word_1_214' title='bbox 278 2141 431 2182; x_wconf 88' lang='grc' dir='ltr'>τούτοις</span> <span class='ocrx_word' id='word_1_215' title='bbox 461 2142 646 2192; x_wconf 85' lang='grc' dir='ltr'>ἐφαίνετο</span> <span class='ocrx_word' id='word_1_216' title='bbox 680 2141 822 2182; x_wconf 88' lang='grc' dir='ltr'>πείσας</span> <span class='ocrx_word' id='word_1_217' title='bbox 851 2145 1059 2194; x_wconf 88' lang='grc' dir='ltr'>συγγενεῖς</span> <span class='ocrx_word' id='word_1_218' title='bbox 1091 2141 1229 2185; x_wconf 81' lang='grc' dir='ltr'>αὐτοὺς</span> <span class='ocrx_word' id='word_1_219' title='bbox 1265 2145 1402 2183; x_wconf 80' lang='grc' dir='ltr'>ἑαυτοῦ</span> <span class='ocrx_word' id='word_1_220' title='bbox 1433 2141 1607 2195; x_wconf 88' lang='grc' dir='ltr'>φάσκειν</span> 
     </span>
    </p>
   </div>
   <div class='ocr_carea' id='block_1_4' title="bbox 278 2250 1606 2468">
    <p class='ocr_par' dir='ltr' id='par_1_11' title="bbox 278 2250 1606 2468">
     <span class='ocr_line' id='line_1_30' title="bbox 323 2250 1606 2293; baseline 0 -9"><span class='ocrx_word' id='word_1_221' title='bbox 323 2263 342 2290; x_wconf 87' lang='grc'>4</span> <span class='ocrx_word' id='word_1_222' title='bbox 367 2250 532 2291; x_wconf 82' lang='grc' dir='ltr'>Ἀθηναῖον</span> <span class='ocrx_word' id='word_1_223' title='bbox 547 2253 623 2284; x_wconf 86' lang='lat' dir='ltr'>add.</span> <span class='ocrx_word' id='word_1_224' title='bbox 643 2253 777 2284; x_wconf 85' lang='lat' dir='ltr'>Dobree</span> <span class='ocrx_word' id='word_1_225' title='bbox 866 2254 914 2285; x_wconf 78' lang='grc' dir='ltr'>καὶ</span> <span class='ocrx_word' id='word_1_226' title='bbox 933 2262 998 2284; x_wconf 92' lang='lat' dir='ltr'>om.</span> <span class='ocrx_word' id='word_1_227' title='bbox 1016 2251 1089 2282; x_wconf 90' lang='lat' dir='ltr'>AD</span> <span class='ocrx_word' id='word_1_228' title='bbox 1221 2253 1243 2283; x_wconf 90' lang='lat'><strong>6</strong></span> <span class='ocrx_word' id='word_1_229' title='bbox 1265 2257 1340 2293; x_wconf 81' lang='lat' dir='ltr'>post</span> <span class='ocrx_word' id='word_1_230' title='bbox 1357 2255 1496 2293; x_wconf 83' lang='grc' dir='ltr'>ἐπιορκεῖ</span> <span class='ocrx_word' id='word_1_231' title='bbox 1504 2251 1606 2284; x_wconf 87' lang='lat' dir='ltr'>verba</span> 
     </span>
     <span class='ocr_line' id='line_1_31' title="bbox 279 2295 1604 2337; baseline 0 -10"><span class='ocrx_word' id='word_1_232' title='bbox 279 2298 345 2329; x_wconf 79' lang='grc' dir='ltr'>τοῖς</span> <span class='ocrx_word' id='word_1_233' title='bbox 362 2296 490 2337; x_wconf 82' lang='grc' dir='ltr'>χρόνοις</span> <span class='ocrx_word' id='word_1_234' title='bbox 508 2321 516 2328; x_wconf 94' lang='grc'><strong>.</strong></span> <span class='ocrx_word' id='word_1_235' title='bbox 535 2320 542 2327; x_wconf 94' lang='grc'><strong>.</strong></span> <span class='ocrx_word' id='word_1_236' title='bbox 562 2320 569 2327; x_wconf 95' lang='grc'><strong>.</strong></span> <span class='ocrx_word' id='word_1_237' title='bbox 589 2298 764 2329; x_wconf 80' lang='grc' dir='ltr'>Εὐκλείδου</span> <span class='ocrx_word' id='word_1_238' title='bbox 782 2298 815 2336; x_wconf 73' lang='grc' dir='ltr'>(ξ</span> <span class='ocrx_word' id='word_1_239' title='bbox 833 2296 889 2336; x_wconf 88' lang='grc' dir='ltr'>3ο)</span> <span class='ocrx_word' id='word_1_240' title='bbox 909 2302 1035 2336; x_wconf 85' lang='lat' dir='ltr'><strong>transp.</strong></span> <span class='ocrx_word' id='word_1_241' title='bbox 1056 2296 1154 2327; x_wconf 85' lang='lat' dir='ltr'><strong>Koch</strong></span> <span class='ocrx_word' id='word_1_242' title='bbox 1267 2307 1283 2334; x_wconf 89' lang='lat'>7</span> <span class='ocrx_word' id='word_1_243' title='bbox 1309 2296 1392 2333; x_wconf 87' lang='grc' dir='ltr'>λαβὲ</span> <span class='ocrx_word' id='word_1_244' title='bbox 1404 2298 1442 2334; x_wconf 79' lang='grc' dir='ltr'>δὴ</span> <span class='ocrx_word' id='word_1_245' title='bbox 1454 2295 1577 2335; x_wconf 86' lang='lat' dir='ltr'>Svulg.</span> <span class='ocrx_word' id='word_1_246' title='bbox 1597 2307 1604 2327; x_wconf 92' lang='lat'>:</span> 
     </span>
     <span class='ocr_line' id='line_1_32' title="bbox 280 2339 1604 2381; baseline 0.002 -11"><span class='ocrx_word' id='word_1_247' title='bbox 280 2339 364 2376; x_wconf 87' lang='grc' dir='ltr'>λαβὲ</span> <span class='ocrx_word' id='word_1_248' title='bbox 381 2339 415 2372; x_wconf 86' lang='grc' dir='ltr'>δὲ</span> <span class='ocrx_word' id='word_1_249' title='bbox 432 2340 474 2379; x_wconf 90' lang='grc' dir='ltr'>Α,</span> <span class='ocrx_word' id='word_1_250' title='bbox 496 2340 593 2371; x_wconf 87' lang='lat' dir='ltr'><strong>Koch</strong></span> <span class='ocrx_word' id='word_1_251' title='bbox 682 2343 747 2371; x_wconf 80' lang='grc' dir='ltr'>τῶν</span> <span class='ocrx_word' id='word_1_252' title='bbox 763 2341 838 2381; x_wconf 84' lang='grc' dir='ltr'>πρὸς</span> <span class='ocrx_word' id='word_1_253' title='bbox 849 2340 879 2369; x_wconf 92' lang='grc' dir='ltr'>Α</span> <span class='ocrx_word' id='word_1_254' title='bbox 894 2351 901 2371; x_wconf 91' lang='lat'>:</span> <span class='ocrx_word' id='word_1_255' title='bbox 925 2341 1001 2381; x_wconf 86' lang='grc' dir='ltr'>πρὸς</span> <span class='ocrx_word' id='word_1_256' title='bbox 1018 2345 1099 2371; x_wconf 78' lang='lat' dir='ltr'>cett.</span> <span class='ocrx_word' id='word_1_257' title='bbox 1239 2341 1278 2370; x_wconf 89' lang='lat'>16</span> <span class='ocrx_word' id='word_1_258' title='bbox 1301 2340 1485 2381; x_wconf 75' lang='grc' dir='ltr'>συγγενῶν]</span> <span class='ocrx_word' id='word_1_259' title='bbox 1501 2353 1604 2380; x_wconf 85' lang='grc' dir='ltr'>συγγε</span> 
     </span>
     <span class='ocr_line' id='line_1_33' title="bbox 278 2382 1604 2424; baseline 0.002 -11"><span class='ocrx_word' id='word_1_260' title='bbox 278 2383 312 2413; x_wconf 82' lang='lat' dir='ltr'>in</span> <span class='ocrx_word' id='word_1_261' title='bbox 335 2393 396 2414; x_wconf 85' lang='lat' dir='ltr'>ras.</span> <span class='ocrx_word' id='word_1_262' title='bbox 427 2384 450 2414; x_wconf 86' lang='lat' dir='ltr'>S</span> <span class='ocrx_word' id='word_1_263' title='bbox 586 2385 624 2414; x_wconf 90' lang='lat'>18</span> <span class='ocrx_word' id='word_1_264' title='bbox 647 2387 712 2416; x_wconf 82' lang='grc' dir='ltr'>τῶν</span> <span class='ocrx_word' id='word_1_265' title='bbox 730 2383 852 2423; x_wconf 73' lang='grc' dir='ltr'>ζώντων</span> <span class='ocrx_word' id='word_1_266' title='bbox 869 2387 1036 2424; x_wconf 77' lang='grc' dir='ltr'>συγγενῶν</span> <span class='ocrx_word' id='word_1_267' title='bbox 1051 2383 1083 2413; x_wconf 92' lang='grc' dir='ltr'>Α</span> <span class='ocrx_word' id='word_1_268' title='bbox 1194 2394 1236 2414; x_wconf 90' lang='lat'>20</span> <span class='ocrx_word' id='word_1_269' title='bbox 1260 2385 1330 2423; x_wconf 77' lang='grc' dir='ltr'>ὑμῖν</span> <span class='ocrx_word' id='word_1_270' title='bbox 1347 2386 1436 2416; x_wconf 84' lang='grc' dir='ltr'>ἐστιν</span> <span class='ocrx_word' id='word_1_271' title='bbox 1453 2382 1502 2423; x_wconf 76' lang='lat'>5¹,</span> <span class='ocrx_word' id='word_1_272' title='bbox 1519 2393 1604 2415; x_wconf 85' lang='lat' dir='ltr'>corr.</span> 
     </span>
     <span class='ocr_line' id='line_1_34' title="bbox 278 2426 1601 2468; baseline 0.001 -12"><span class='ocrx_word' id='word_1_273' title='bbox 278 2427 351 2457; x_wconf 86' lang='lat' dir='ltr'>ead.</span> <span class='ocrx_word' id='word_1_274' title='bbox 367 2437 409 2458; x_wconf 87' lang='lat' dir='ltr'>m.</span> <span class='ocrx_word' id='word_1_275' title='bbox 509 2437 617 2467; x_wconf 83' lang='lat'><strong>24—25</strong></span> <span class='ocrx_word' id='word_1_276' title='bbox 642 2427 817 2468; x_wconf 81' lang='grc' dir='ltr'>συγγενέσι</span> <span class='ocrx_word' id='word_1_277' title='bbox 834 2427 988 2468; x_wconf 80' lang='grc' dir='ltr'>φράτερσι</span> <span class='ocrx_word' id='word_1_278' title='bbox 1006 2427 1097 2458; x_wconf 86' lang='lat' dir='ltr'>Fuhr</span> <span class='ocrx_word' id='word_1_279' title='bbox 1107 2426 1183 2458; x_wconf 91' lang='lat' dir='ltr'>coll.</span> <span class='ocrx_word' id='word_1_280' title='bbox 1199 2427 1218 2457; x_wconf 83' lang='lat' dir='ltr'>l.</span> <span class='ocrx_word' id='word_1_281' title='bbox 1242 2428 1290 2467; x_wconf 85' lang='lat'>18,</span> <span class='ocrx_word' id='word_1_282' title='bbox 1305 2428 1369 2459; x_wconf 83' lang='lat' dir='ltr'>sed</span> <span class='ocrx_word' id='word_1_283' title='bbox 1383 2427 1424 2460; x_wconf 81' lang='lat' dir='ltr'>cs.</span> <span class='ocrx_word' id='word_1_284' title='bbox 1436 2427 1458 2457; x_wconf 90' lang='lat' dir='ltr'>ii</span> <span class='ocrx_word' id='word_1_285' title='bbox 1486 2436 1534 2467; x_wconf 87' lang='lat'>13,</span> <span class='ocrx_word' id='word_1_286' title='bbox 1552 2436 1601 2466; x_wconf 83' lang='lat'>14,</span> 
     </span>
    </p>
   </div>
   <div class='ocr_carea' id='block_1_5' title="bbox 278 2468 1247 2512">
    <p class='ocr_par' dir='ltr' id='par_1_12' title="bbox 278 2468 1247 2512">
     <span class='ocr_line' id='line_1_35' title="bbox 278 2468 1247 2512; baseline 0.001 -11"><span class='ocrx_word' id='word_1_287' title='bbox 278 2468 365 2503; x_wconf 85' lang='lat' dir='ltr'><strong>Isae.</strong></span> <span class='ocrx_word' id='word_1_288' title='bbox 383 2471 405 2501; x_wconf 84' lang='lat' dir='ltr'>ii</span> <span class='ocrx_word' id='word_1_289' title='bbox 441 2472 490 2512; x_wconf 89' lang='lat'>16,</span> <span class='ocrx_word' id='word_1_290' title='bbox 512 2480 549 2511; x_wconf 87' lang='lat'>17</span> <span class='ocrx_word' id='word_1_291' title='bbox 685 2480 727 2510; x_wconf 87' lang='lat'>25</span> <span class='ocrx_word' id='word_1_292' title='bbox 751 2472 770 2510; x_wconf 75' lang='grc' dir='ltr'>ἢ</span> <span class='ocrx_word' id='word_1_293' title='bbox 787 2474 850 2504; x_wconf 83' lang='grc' dir='ltr'>πῶς</span> <span class='ocrx_word' id='word_1_294' title='bbox 867 2471 1001 2503; x_wconf 82' lang='grc' dir='ltr'>δυνατὸν</span> <span class='ocrx_word' id='word_1_295' title='bbox 1019 2471 1098 2503; x_wconf 85' lang='lat' dir='ltr'>secl.</span> <span class='ocrx_word' id='word_1_296' title='bbox 1118 2470 1247 2502; x_wconf 86' lang='lat' dir='ltr'><strong>Reiske</strong></span> 
     </span>
    </p>
   </div>
  </div>
 </body>
</html>
