1763 2778
133 122 269 177 [περ]

694 124 1214 180 [AHMOEOENOTE]
1480 125 1610 175 [vam

286 245 328 268 τε
351 227 580 281 ὑπάρχοντα
605 226 758 280 φανερὰ
784 229 879 268 ὄντα
905 232 1031 268 καλῶς
1068 229 1128 268 καὶ
1157 229 1311 270 δικαίως
1337 227 1611 281 διαιρήσεσθαι

288 295 350 334 καὶ
372 294 460 346 μηδ’
486 296 614 335 ὁτιοῦν
634 293 940 344 πλεονεκτήσειν
957 294 1024 335 τὸν
1041 295 1175 348 ἕτερον
1193 300 1260 336 τοῦ
1277 295 1410 347 ἑτέρου
1428 297 1481 336 ὧν
1498 296 1608 336 κατέ-

285 367 402 402 λιπεν
428 363 583 413 Κόμων,
612 362 673 402 καὶ
698 361 827 402 τᾶλλα
852 361 979 402 πάντα
1005 368 1115 420 κοινῇ
1142 361 1335 413 ζητήσειν,
1364 362 1425 403 καὶ
1449 362 1612 415 πράξειν

226 452 266 476 10
285 428 367 480 μετ’
398 428 587 479 ἀλλήλων
623 429 908 480 βουλευόμενοι
943 430 965 469 ὅ
989 446 1024 469 τι
1054 429 1101 470 ἂν
1127 429 1187 470 ἀεὶ
1220 429 1300 486 δέῃ.
1370 431 1612 481 ὑπενοοῦμεν

135 504 265 558 [1170]

227 1050 263 1075 11

287 495 375 548 γάρ,
401 494 430 536 ὦ
457 495 593 547 ἄνδρες
619 496 814 541 δικασταί,
840 495 950 547 ἥξειν
986 495 1095 538 τινὰς
1121 495 1510 549 ἀμφισβητήσοντας
1535 501 1612 538 τῶν
1632 515 1649 544 5

286 565 355 602 τοῦ
402 563 591 614 Κόμωνος
633 562 696 603 καὶ
739 562 906 615 ἑτέρους·
945 564 1027 604 οἷον
1063 564 1126 605 καὶ
1161 564 1181 603 ὁ
1219 563 1310 614 ἐμὸς
1347 565 1521 616 ἀδελφὸς
1557 561 1614 616 (ὁ)

288 629 538 683 ὁμοπάτριος,
574 629 808 682 ὁμομήτριος
844 630 878 671 δ’
903 631 959 677 οὔ,
991 629 1034 672 ὃς
1067 630 1269 682 ἀπεδήμει,
1305 631 1368 672 καὶ
1405 632 1438 672 εἰ
1474 629 1519 681 δή
1555 648 1614 673 τις

287 696 410 739 ἄλλος
435 696 618 748 ἐβούλετ’
641 697 930 748 ἀμφισβητεῖν,
957 697 1024 738 οὐκ
1051 697 1097 749 ἦν
1121 698 1213 749 ἡμῖν
1248 698 1426 739 κωλύειν·
1469 699 1506 739 οἱ
1538 700 1613 751 γὰρ

287 764 400 815 νόμοι
435 765 642 805 κελεύουσι
674 763 742 805 τὸν
774 765 1024 816 βουλόμενον
1057 766 1345 817 ἀμφισβητεῖν.
1417 769 1538 805 ταῦτα
1567 765 1612 816 δὴ

288 830 415 872 πάντα
452 831 738 883 προνοούμενοι
772 831 1003 884 ἐγράψαμεν
1038 834 1108 875 τὰς
1145 831 1342 883 συνθήκας
1379 833 1441 873 καὶ
1477 834 1614 884 ὅρκους
1638 850 1675 871 10

288 898 513 950 ὠμόσαμεν,
531 900 638 941 ὅπως
654 898 701 939 ἂν
716 897 814 950 μήτε
830 899 960 940 ἑκόντι
974 898 1072 950 μήτε
1091 899 1226 941 ἄκοντι
1240 899 1438 954 μηδετέρῳ
1455 899 1615 950 ἐξουσία

286 965 397 1017 ἡμῶν
420 965 582 1019 γένηται
605 965 694 1018 μηδ’
720 966 849 1007 ὁτιοῦν
874 967 952 1021 ἰδίᾳ
976 966 1132 1019 πρᾶξαι,
1161 966 1267 1007 ἀλλὰ
1294 972 1400 1024 κοινῇ
1425 967 1613 1017 βουλευό-

286 1050 397 1084 μενοι
419 1033 505 1084 μεθ’
530 1033 639 1084 ἡμῶν
673 1033 799 1074 αὐτῶν
827 1032 982 1075 ἅπαντα
1014 1034 1258 1087 πράττωμεν.
1329 1033 1391 1074 καὶ
1419 1033 1614 1086 μάρτυρας

287 1100 559 1152 ἐποιησάμεθα
583 1101 671 1154 περὶ
696 1101 845 1141 τούτων
879 1105 1034 1153 πρῶτον
1058 1103 1131 1153 μὲν
1163 1102 1254 1144 τοὺς
1277 1101 1389 1143 θεοὺς
1421 1101 1487 1143 οὓς
1512 1101 1612 1152 ὠμό-

287 1184 415 1219 σαμεν
450 1166 656 1218 ἀλλήλοις,
693 1168 754 1208 καὶ
790 1167 880 1210 τοὺς
915 1169 1080 1211 οἰκείους
1114 1168 1206 1211 τοὺς
1232 1167 1444 1220 ἡμετέρους
1474 1167 1613 1214 αὐτῶν,
1640 1184 1675 1215 ¹5

287 1234 408 1275 ἔπειτ’
454 1234 759 1287 Ἀνδροκλείδην
806 1235 1018 1289 Ἀχαρνέα,
1061 1235 1152 1289 παρ’
1194 1235 1223 1292 ᾧ
1263 1234 1501 1286 κατεθέμεθα
1547 1233 1615 1277 τὰς

289 1301 499 1352 συνθήκας.
568 1303 768 1353 βούλομαι
793 1303 873 1349 οὖν,
901 1300 929 1342 ὦ
955 1302 1091 1354 ἄνδρες
1115 1303 1308 1349 δικασταί,
1336 1303 1404 1342 τόν
1429 1319 1470 1343 τε
1495 1302 1616 1354 νόμον

289 1370 525 1421 ἀναγνῶναι,
565 1369 648 1409 καθ’
685 1369 729 1410 ὃν
764 1368 834 1411 τὰς
873 1369 1069 1420 συνθήκας
1111 1370 1344 1423 ἐγράψαμεν
1385 1368 1481 1421 πρὸς
1515 1369 1617 1420 ἡμᾶς

288 1435 439 1482 αὐτούς,
463 1435 524 1475 καὶ
547 1437 762 1489 μαρτυρίαν
786 1441 853 1477 τοῦ
877 1437 1040 1491 ἔχοντος
1065 1437 1134 1479 τὰς
1159 1436 1367 1487 συνθήκας.
1428 1435 1524 1489 λέγε
1549 1436 1618 1476 τὸν

290 1503 410 1553 νόμον
434 1506 600 1555 πρῶτον.
1640 1521 1678 1541 20

874 1602 1030 1631 ΝΟΜΟΣ.

356 1674 657 1728 Ἀναγίγνωσκε
683 1675 726 1726 δῖ)
756 1677 817 1716 καὶ
842 1675 915 1727 τὴν
937 1678 1152 1729 μαρτυρίαν
1176 1676 1247 1727 τὴν
1273 1676 1584 1728 Ἀνδροκλείδου.

848 1791 1058 1818 ΜΑΡΤΎΡῙΑ.

356 1863 519 1915 Ἐπειδὴ
556 1867 597 1905 δὲ
631 1865 843 1916 ὠμόσαμεν
879 1864 1074 1916 ἀλλήλοις
1111 1866 1173 1906 καὶ
1209 1867 1248 1906 αἱ
1286 1869 1476 1918 συνθῆκαι
1512 1864 1617 1916 ἦσαν

293 1931 462 1982 κείμεναι
488 1932 594 1982 παρὰ
618 1935 670 1986 τῷ
701 1931 992 1989 Ἀνδροκλείδῃ,
1020 1935 1169 1973 διεῖλον
1194 1933 1271 1986 ἐγὼ
1296 1933 1363 1973 δύο
1387 1935 1559 1986 μερίδας,
1587 1930 1616 1972 ὦ
1639 1950 1678 1981 25

291 1997 429 2052 ἄνδρες
463 2000 659 2040 δικασταί.
733 1999 794 2040 καὶ
826 1999 848 2051 ἡ
882 2001 956 2051 μὲν
979 1998 1093 2052 ἑτέρα
1121 1998 1169 2051 ἣν
1201 2000 1310 2053 μερὶς
1341 2000 1364 2053 ἡ
1395 2001 1497 2042 οἰκία
1527 2001 1569 2041 ἐν
1592 1997 1619 2056 ᾗ

338 2117 352 2137 Ι
371 2107 505 2148 φανερὰ]
521 2109 570 2140 καὶ
585 2109 703 2150 φανερὰ
715 2108 746 2138 Α
836 2109 976 2149 δικαία-ς]
995 2110 1088 2141 ὁσίως
1102 2108 1132 2148 Q
1149 2122 1200 2150 γρ,
1219 2109 1245 2139 F
1256 2120 1319 2148 mg.
1410 2121 1429 2148 4
1447 2110 1493 2141 ἀεὶ
1507 2119 1570 2140 om.
1586 2108 1617 2138 Α

292 2153 482 2191 ὑπενοοῦμεν
496 2151 528 2180 A
545 2163 551 2182 :
576 2154 726 2184 ὑπενοοῦν,
741 2151 800 2191 μὲν
815 2157 892 2184 cett.
1027 2163 1046 2192 5
1070 2152 1145 2194 γάρ]
1166 2154 1193 2184 δ’
1209 2154 1248 2184 ἂν
1265 2153 1289 2183 S
1379 2154 1617 2193 ἀμφισβητοῦν-

291 2207 349 2226 τας
365 2193 395 2232 Q
528 2197 548 2224 6
570 2193 621 2237 (ὁ)
636 2196 709 2226 add.
728 2195 834 2230 Blass,
854 2197 895 2227 cf.
916 2198 954 2233 ἐξ
972 2206 1024 2234 20,
1044 2206 1085 2235 54
1199 2206 1215 2235 7
1241 2201 1316 2235 post
1333 2196 1522 2236 ὁμοπάτριος
1538 2197 1614 2227 add.

291 2237 349 2277 μέν
364 2237 395 2267 Α
412 2248 420 2268 :
445 2247 510 2269 om.
529 2237 552 2268 S
564 2239 589 2268 F
603 2239 632 2276 Q
646 2239 676 2269 D
764 2241 798 2271 ὃς
816 2240 968 2279 ἀπεδήμει
984 2250 1047 2270 om.
1070 2239 1134 2278 SQ
1150 2239 1189 2272 D.
1207 2241 1267 2270 sed
1285 2240 1324 2270 cs.
1341 2243 1356 2277 ξ
1372 2250 1414 2270 20
1508 2241 1528 2270 8
1550 2238 1618 2281 (av)

292 2283 347 2312 οὐκ
367 2281 482 2312 Naber
554 2282 594 2320 ἧν
610 2282 634 2312 S
650 2294 657 2313 z
683 2285 756 2320 ἐνῆν
773 2288 850 2314 cett.
928 2284 1063 2315 κωλύειν
1080 2286 1150 2323 ὑμῖν
1167 2283 1192 2313 F
1205 2283 1235 2321 Q
1252 2283 1281 2312 D
1360 2293 1372 2313 1
1384 2294 1393 2312 1
1423 2283 1504 2315 ὅπως
1521 2284 1558 2314 ἂν
1574 2282 1616 2321 Α,

294 2323 400 2356 Bekk.
421 2324 547 2355 Anecd.
573 2336 642 2365 159.
664 2335 716 2365 33,
742 2326 785 2357 cs.
809 2329 845 2364 ἐξ
864 2336 895 2365 5,
913 2328 978 2364 48:
1012 2328 1093 2359 ὅπως
1111 2326 1135 2357 S
1152 2327 1176 2357 F
1195 2326 1225 2364 Q
1244 2326 1274 2356 D
1410 2335 1448 2356 12
1470 2328 1558 2368 κοινῇ
1573 2326 1616 2362 Α,

295 2366 400 2398 Bekk.
415 2367 545 2400 Anecd.
563 2379 570 2399 :
606 2370 655 2400 καὶ
672 2371 760 2411 κοινῇ
777 2369 800 2400 S
817 2369 842 2399 F
857 2370 887 2408 Q
903 2370 932 2399 D
1054 2379 1091 2408 14
1116 2369 1300 2410 ὠμόσαμεν]
1321 2370 1575 2410 ὡμολογήσαμεν
1592 2368 1617 2400 S

294 2410 346 2440 hic
362 2415 395 2441 et
413 2413 429 2449 5
449 2421 488 2441 12
577 2422 618 2442 22
643 2412 697 2453 δὴ]
715 2412 749 2444 δὲ
764 2412 796 2442 Α
928 2422 969 2451 24
993 2414 1043 2445 καὶ
1061 2413 1091 2444 αἱ
1106 2413 1138 2442 Α
1155 2424 1162 2444 :
1186 2414 1237 2445 καὶ
1253 2417 1330 2444 cett.
