1763 2778
94 126 226 184 [1154]
646 130 698 185 [Δ
711 135 746 171 11
759 135 797 171 M
810 128 1162 183 οΣΘΕΝοΎΣ]
1459 127 1600 183 [κινιι.

247 251 313 285 μοι
346 234 407 275 καὶ
444 233 598 275 ἀκάκως
635 234 900 285 ἀποκρίνεται·
939 232 1080 272 ὀὐδὲν
1112 232 1253 272 κωλύει
1271 231 1293 278 ’,
1321 231 1413 285 ἔφη·
1452 234 1463 250 ‘
1483 232 1574 273 ἀλλ’

188 310 224 346 51
249 302 407 342 ἐπειδὰν
432 300 504 351 τὴν
530 303 623 341 ναῦν
650 300 905 356 ἀποστείλῃς,
931 300 1066 352 πόριζε
1096 300 1159 340 καὶ
1189 298 1301 350 ἐμοί.’
1361 299 1572 351 ἀποκρινα-

248 367 368 419 μένου
397 367 440 409 δέ
467 385 534 419 μοι
563 371 686 408 ταῦτα
717 371 788 408 τοῦ
817 366 1039 419 Θεοφήμου
1073 366 1134 407 καὶ
1166 365 1472 417 ἀναβαλομένου
1502 365 1574 417 τὴν

248 435 522 486 ὑπερημερίαν,
542 434 603 474 καὶ
628 433 807 485 μάλιστά
824 451 900 486 μου
923 434 1216 475 πιστεύσαντος
1231 439 1277 490 τῇ
1297 450 1339 474 τε
1356 432 1574 486 ἐπισκήψει

249 506 327 543 τῶν
361 502 710 554 ψευδομαρτυρίων
745 502 808 541 καὶ
841 505 895 556 τῷ
923 500 978 552 μὴ
1006 500 1162 541 ἐθέλειν
1191 500 1309 541 αὐτὸν
1335 503 1574 552 παραδοῦναι
1594 519 1611 550 5

249 568 318 619 τήν
350 567 570 621 ἄνθρωπον,
599 568 650 610 ὡς
679 569 793 608 οὐδὲν
822 567 872 608 ἂν
905 569 1212 620 νεωτερίσαντος
1238 567 1325 620 περὶ
1351 566 1465 619 τάμά,
1497 567 1574 620 ἐγὼ

248 637 320 687 μὲν
358 635 429 685 τὴν
466 634 602 688 τριήρη
641 635 897 681 ἀποστείλας,
925 634 969 675 οὐ
1000 639 1173 676 πολλαῖς
1206 633 1371 687 ἡμέραις
1405 635 1574 687 ὕστερον

250 703 418 755 πορίσας
452 701 500 742 τὸ
533 702 732 754 ἀργύριον,
769 703 1004 755 προσελθὼν
1038 701 1140 757 αὐτῷ
1179 700 1363 742 ἐκέλευον
1401 701 1466 741 ἐπὶ
1503 701 1575 752 τὴν

249 768 445 821 τράπεζαν
477 768 773 809 ἀκολουθοῦντα
806 770 1036 820 κομίζεσθαι
1067 768 1138 819 τὴν
1165 770 1388 819 καταδίκην.
1458 768 1508 810 ὡς
1534 770 1576 809 δὲ

250 839 370 876 ταῦτα
395 837 521 886 ἀληθῆ
548 835 668 888 λέγω,
689 836 839 876 τούτων
857 837 948 887 ὑμῖν
968 836 1244 889 ἀναγνώσεται
1262 837 1332 878 τὰς
1350 836 1573 889 μαρτυρίας.
1600 853 1638 875 10

98 957 229 1014 [1155]
806 972 1032 1000 MAPTTP1A1.

187 1073 229 1111 52
315 1060 364 1102 ‘O
408 1064 452 1103 δὲ
493 1062 712 1114 Θεόφημος
755 1061 843 1103 ἀντὶ
881 1065 953 1102 τοῦ
991 1060 1062 1112 τὴν
1102 1062 1311 1112 καταδίκην
1350 1062 1577 1113 ἀπολαβεῖν

252 1127 525 1179 ἀκολουθήσας
562 1130 628 1171 ἐπὶ
663 1128 736 1180 τὴν
772 1128 980 1182 τράπεζαν,
1021 1128 1150 1169 ἐλθών
1190 1145 1267 1180 μου
1302 1130 1352 1170 τὰ
1392 1129 1577 1182 πρόβατα

250 1196 450 1248 λαμβάνει
477 1196 766 1248 ποιμαινόμενα
787 1195 1032 1247 πεντήκοντα
1056 1197 1216 1247 μαλακὰ
1238 1195 1301 1236 καὶ
1320 1199 1389 1236 τὸν
1408 1194 1577 1248 ποιμένα

250 1262 336 1315 μετ’
354 1263 482 1304 αὐτῶν
508 1263 570 1304 καὶ
594 1263 724 1305 πάντα
748 1265 796 1304 τὰ
822 1264 1024 1304 ἀκόλουθα
1045 1269 1092 1320 τῇ
1118 1264 1278 1319 ποίμνῃ,
1297 1263 1430 1304 ἔπειτα
1456 1265 1576 1304 παῖδα
1599 1283 1635 1315 15

253 1330 432 1371 διάκονον
463 1331 602 1384 ὑδρίαν
633 1333 791 1385 χαλκῆν
823 1330 1077 1384 ἀποφέροντα
1113 1331 1329 1382 ἀλλοτρίαν
1364 1329 1574 1387 ᾐτημένην,

252 1401 405 1439 πολλοῦ
442 1399 465 1438 ἀ
495 1399 568 1438 ίαν.
640 1400 704 1440 καὶ
731 1402 853 1439 ταῦτα
888 1398 1054 1451 ἔχουσιν
1086 1397 1155 1438 οὐκ
1191 1396 1404 1450 ἐξήρκεσεν
1432 1397 1575 1440 αὐτοῖς·

190 1478 231 1514 53
253 1464 344 1505 ἀλλ’
383 1466 690 1508 ἐπεισελθόντες
732 1467 786 1508 εἷς
825 1468 870 1505 τὸ
907 1466 1054 1519 χωρίον
1091 1463 1267 1518 (γεωργῶ
1310 1467 1351 1506 δὲ
1388 1468 1486 1517 πρὸς
1523 1468 1576 1519 τῷ

255 1532 495 1587 ἱπποδρόμῳ,
525 1533 586 1573 καὶ
620 1534 712 1574 οἰκῶ
739 1535 906 1574 ἐνταῦθα
930 1535 973 1573 ἐκ
995 1531 1212 1585 μειρακίου)
1236 1535 1393 1586 πρῶτον
1415 1533 1489 1584 μὲν
1513 1531 1576 1572 ἐπὶ

254 1599 343 1641 τοὺς
377 1599 532 1642 οἰκέτας
567 1598 679 1656 ᾖξαν,
713 1600 763 1643 ὡς
795 1603 838 1642 δὲ
871 1600 979 1641 οὗτοι
1014 1599 1303 1652 διαφεύγουσιν
1338 1598 1478 1641 αὐτοὺς
1515 1599 1577 1640 καὶ
1597 1616 1640 1640 20

255 1666 379 1709 ἄλλος
419 1666 525 1723 ἄλλῃ
564 1668 845 1720 ἀπεχώρησαν,
885 1667 1072 1710 ἐλθόντες
1109 1670 1204 1719 πρὸς
1243 1666 1315 1717 τὴν
1353 1667 1480 1707 οἰκίαν
1514 1666 1578 1708 καὶ

255 1734 499 1785 ἐκβαλόντες
523 1734 594 1785 τὴν
620 1736 740 1786 θύραν
764 1734 836 1785 τὴν
861 1735 916 1777 εἰς
940 1738 1010 1775 τὸν
1035 1736 1160 1785 κῆπον
1180 1733 1383 1787 φέρουσαν
1403 1732 1579 1786 Εὔεργός

254 1818 297 1841 τε
321 1801 459 1842 οὑτοσὶ
483 1802 504 1841 ὁ
529 1802 706 1854 ἀδελφὸς
727 1802 747 1841 ὁ
771 1800 990 1854 Θεοφήμου
1014 1801 1077 1842 καὶ
1104 1802 1396 1852 Μνησίβουλος
1417 1801 1438 1841 ὁ
1466 1803 1575 1850 κηδε-

256 1867 353 1918 στὴς
384 1867 517 1914 αὐτοῦ,
543 1869 601 1910 οἷς
639 1868 822 1920 οὐδεμίαν
863 1870 974 1919 δίκην
1016 1867 1216 1921 ὠφλήκειν
1252 1867 1342 1908 οὐδὲ
1377 1869 1578 1919 προσῆκεν

255 1934 395 1977 αὐτοὺς
430 1934 628 1976 ἅπτεσθαι
664 1940 742 1977 τῶν
781 1937 884 1987 ἐμῶν
919 1936 1088 1982 οὐδενός,
1117 1934 1370 1977 εἰσελθόντες
1405 1934 1470 1975 ἐπὶ
1505 1933 1577 1984 τὴν
1599 1951 1637 1984 25

255 2001 420 2055 γυναῖκά
444 2020 518 2053 μου
544 2002 606 2043 καὶ
631 2004 679 2042 τὰ
704 2003 839 2044 παιδία
867 2000 1165 2056 ἐξεφορήσαντο
1198 2002 1275 2042 ὅσα
1300 2001 1356 2042 ἔτι
1379 2000 1578 2042 ὑπόλοιπά

193 2088 236 2125 54
255 2086 319 2120 μοι
356 2067 403 2119 ἦν
439 2070 559 2120 σκεύη
600 2070 642 2110 ἐν
677 2075 725 2127 τῇ
761 2071 875 2124 οἰκίᾳ.
949 2068 1070 2125 ᾤοντο
1104 2071 1178 2121 μὲν
1213 2070 1288 2122 γὰρ
1325 2068 1370 2109 οὐ
1403 2071 1578 2109 τοσαῦτα

255 2137 376 2186 μόνον
406 2136 628 2188 λήψεσθαι,
656 2138 762 2177 ἀλλὰ
799 2141 936 2192 πολλῷ
971 2137 1108 2178 πλείω·
1148 2135 1219 2186 τὴν
1248 2137 1323 2189 γὰρ
1355 2134 1480 2176 οῧσάν
1511 2151 1578 2186 μοι

301 2258 318 2287 7
342 2247 391 2288 οὐ]
412 2249 483 2279 οὔτε
501 2248 524 2278 S
651 2250 690 2279 16
714 2251 836 2289 υδρειαν
853 2249 876 2279 S
998 2259 1035 2278 21
1062 2249 1272 2289 ἀπεχώρησεν
1288 2247 1314 2278 F
1326 2246 1368 2286 Q'
1383 2248 1414 2278 D
1502 2247 1578 2288 πρὸς

257 2291 281 2322 S
298 2303 304 2322 ε
329 2294 372 2324 εἰς
392 2291 458 2330 FQ
477 2291 506 2320 D
640 2302 681 2321 22
707 2292 901 2328 ἐκβαλόντες
919 2292 944 2322 F
959 2291 1000 2330 Q,
1020 2293 1061 2323 cf.
1084 2295 1099 2330 ξ
1117 2294 1169 2331 63,
1191 2292 1272 2330 Lys.
1292 2291 1326 2322 iii
1344 2301 1385 2329 23
1403 2303 1410 2322 ε
1434 2295 1576 2327 καταβα-

256 2335 371 2367 λόντες
389 2335 413 2365 S
431 2335 459 2364 D
593 2345 634 2373 25
661 2337 771 2367 αὐτοὺς
789 2335 813 2365 S
830 2347 837 2366 ι
862 2337 968 2367 αὐτοῖς
986 2335 1011 2365 F
1025 2335 1054 2373 Q
1069 2335 1098 2364 D
1238 2346 1278 2375 27
1303 2335 1403 2373 σκεύη
1419 2335 1458 2373 ἧν
1476 2336 1499 2366 S
1516 2335 1576 2365 sed

256 2388 331 2409 cum
348 2379 437 2409 notis
455 2379 700 2417 transponendi
866 2380 907 2408 28
931 2380 1087 2419 λήψεσθαι
1104 2379 1168 2411 del.
1191 2379 1404 2409 nex-werden
1517 2380 1577 2419 γὰρ

256 2421 355 2454 οὖσάν
373 2422 398 2452 F
411 2435 461 2464 Ὑρ.
481 2421 512 2460 Q
527 2435 579 2463 γρ.
598 2422 626 2451 D
642 2433 648 2453 :
672 2422 834 2464 παροῦσάν
851 2422 875 2452 S
888 2422 912 2452 F
925 2422 955 2461 Q
