1763 2778
75 120 212 176 [1385]
608 118 660 174 [Δ
672 124 708 161 H
720 122 891 161 ΜΟΣΘ
902 123 932 160 Ε
943 117 1120 172 Now]
1480 117 1555 173 [ux

237 223 288 266 ὡς
313 223 424 264 ἔστιν
449 221 551 273 ἀστὴ
576 221 730 273 Νέαιρα
761 222 886 272 αὑτηί·
925 221 1052 261 ἀκούω
1085 223 1127 262 δὲ
1158 220 1277 262 αὐτὸν
1303 221 1481 261 τοιοῦτόν
1518 237 1555 261 τι

235 290 400 342 μέλλειν
436 290 741 341 ἀπολογεῖσθαι,
781 288 831 330 ὡς
879 288 924 328 οὐ
965 291 1130 340 γυναῖκα
1169 287 1253 341 ἔχει
1300 287 1421 337 αὐτὴν
1460 286 1555 328 ἀλλ’

237 357 406 409 ἑταίραν,
445 356 510 397 καὶ
546 357 582 397 οἱ
621 358 757 397 παῖδες
793 355 861 396 οὐκ
898 356 1000 396 εἰσὶν
1036 355 1177 405 ταύτης
1217 353 1308 395 ἀλλ’
1341 352 1388 404 ἐξ
1421 353 1555 405 ἑτέρας

236 423 419 476 γυναικὸς
452 423 554 477 αὐτῷ
588 424 725 473 ἀστῆς,
754 421 800 473 ἣν
832 421 958 475 φήσει
994 422 1185 474 πρότερον
1222 424 1344 474 γῆμαι
1379 423 1554 473 συγγενῆ

76 474 218 565 [Ῑὸἔὲἶ
237 492 366 530 αὑτοῦ.
439 489 534 542 πρὸς
571 489 615 540 δὴ
653 489 724 540 τὴν
762 490 961 529 ἀναίδειαν
991 488 1108 529 αὐτοῦ
1135 492 1203 529 τοῦ
1232 489 1356 540 λόγου
1389 489 1452 529 καὶ
1484 487 1556 538 τὴν
1576 502 1593 534 5

237 556 489 610 παρασκευὴν
513 559 581 607 τῆς
606 558 826 609 ἀπολογίας
856 557 918 596 καὶ
951 559 1029 596 τῶν
1060 559 1268 608 μαρτυρεῖν
1302 555 1404 610 αὐτῷ
1434 571 1553 607 παρε-

239 623 522 675 σκευασμένων
546 624 770 675 πρόκλησιν
801 622 918 663 αὐτὸν
950 621 1283 674 προύκαλεσάμην
1314 623 1458 673 ἀκριβῆ
1493 622 1556 662 καὶ

237 693 401 737 δικαίαν,
415 690 517 742 δι’ῆς
533 689 625 741 ἐξῆν
641 692 731 741 ὑμῖν
748 689 876 731 πάντα
893 691 1044 740 τάληθῆ
1062 689 1219 735 εἰδέναι,
1231 692 1473 741 παραδοῦναι
1487 691 1556 730 τὰς

237 759 476 809 θεραπαίνας
498 760 568 799 τὰς
594 757 747 811 Νεαίρᾳ
771 758 860 797 τότε
885 756 1260 809 προσκαρτερούσας
1284 755 1340 795 ὅτ’
1360 754 1481 806 ἦλθεν
1507 755 1557 797 ὡς

237 824 443 877 Στέφανον
480 826 523 864 ἐκ
559 823 771 877 Μεγάρων,
800 824 988 878 Θρᾷτταν
1024 824 1087 864 καὶ
1123 825 1385 873 Κοκκαλίνην,
1414 824 1476 863 καὶ
1512 823 1558 865 ἃς
1583 840 1620 862 10

237 893 405 944 ὕστερον
429 893 536 943 παρὰ
563 892 687 946 τούτῳ
714 891 814 931 οῧσα
840 889 1047 941 ἐκτήσατο,
1076 891 1250 932 Ξεννίδα
1274 891 1337 930 καὶ
1364 891 1556 941 Δροσίδα·

154 975 213 1001 121
238 960 277 999 αἳ
325 960 464 999 ἴσασιν
504 960 678 1011 ἀκριβῶς
718 956 920 1010 Πρόξενόν
960 975 1002 998 τε
1041 957 1112 998 τὸν
1151 956 1446 1008 τελευτήσαντα
1495 957 1557 997 καὶ

239 1025 464 1079 Ἀρίστωνα
487 1026 557 1066 τὸν
586 1028 655 1067 νῦν
687 1027 783 1066 ὄντα
815 1026 876 1065 καὶ
902 1024 1181 1076 Ἀντιδωρίδην
1217 1025 1286 1065 τὸν
1324 1027 1552 1077 σταδιοδρο-

237 1096 385 1144 μοῦντα
411 1094 473 1133 καὶ
503 1094 622 1133 Φανὼ
654 1092 726 1143 τὴν
759 1091 999 1145 Στρυβήλην
1031 1091 1288 1143 καλουμένην,
1313 1090 1338 1143 ἢ
1364 1090 1559 1144 Θεογένει

238 1164 291 1215 τῷ
338 1160 633 1211 βασιλεύσαντι
679 1157 923 1214 συνῴκησεν,
967 1160 1140 1211 Νεαίρας
1182 1161 1311 1201 ὄντας.-
1394 1160 1457 1199 καὶ
1490 1160 1559 1199 ἐὰν
1581 1175 1618 1206 15

242 1229 430 1280 φαίνηται
462 1229 504 1268 ἐκ
536 1229 605 1278 τῆς
639 1226 825 1278 βασάνου
859 1225 987 1278 γήμας
1023 1225 1227 1278 Στέφανος
1263 1225 1399 1267 οὑτοσὶ
1433 1225 1560 1276 ἀστὴν

240 1298 404 1347 γυναῖκα
429 1294 493 1334 καὶ
519 1296 629 1335 ὄντες
654 1294 755 1349 αὐτῷ
781 1295 818 1334 οἱ
843 1296 979 1335 παῖδες
1003 1293 1109 1333 οὗτοι
1136 1292 1184 1344 ἐξ
1213 1293 1348 1344 ἑτέρας
1378 1292 1560 1345 γυναικὸς

241 1363 365 1412 ἀστῆς
391 1362 454 1401 καὶ
478 1361 531 1413 μὴ
553 1362 740 1413 Νεαίρας,
766 1360 913 1412 ἤθελον
937 1361 1192 1413 ἀφίστασθαι
1219 1364 1288 1400 τοῦ
1317 1361 1468 1412 ἀγῶνος
1498 1359 1561 1400 καὶ

155 1445 220 1471 122
239 1428 292 1479 μὴ
318 1428 483 1469 εἰσιέναι
513 1428 584 1479 τὴν
615 1427 776 1481 γραφὴν
807 1428 964 1478 ταύτην.
1035 1427 1079 1468 τὸ
1115 1429 1190 1480 γὰρ
1228 1430 1423 1468 συνοικεῖν
1458 1425 1561 1467 τοῦτ’

241 1496 364 1541 ἔστιν,
392 1495 434 1537 ὃς
459 1495 508 1536 ἂν
533 1497 812 1546 παιδοποιῆται
839 1496 899 1535 καὶ
926 1494 1069 1551 εἰσάγῃ
1095 1497 1151 1537 εἵς
1175 1511 1218 1536 τε
1240 1494 1330 1536 τοὺς
1364 1493 1561 1547 φράτερας
1582 1508 1623 1531 20

243 1563 305 1603 καὶ
330 1563 501 1614 δημότας
524 1562 614 1604 τοὺς
639 1564 748 1609 υἱεῖς,
779 1562 840 1602 καὶ
864 1563 934 1604 τὰς
956 1562 1174 1615 θυγατέρας
1203 1563 1339 1616 ἐκδιδῷ
1367 1561 1418 1603 ὡς
1444 1562 1561 1601 αὑτοῦ

241 1630 364 1672 οὔσας
387 1634 470 1672 τοῖς
498 1629 700 1682 ἀνδράσιν.
770 1631 839 1672 τὰς
874 1631 947 1680 μὲν
982 1631 1056 1682 γὰρ
1092 1630 1248 1681 ἑταίρας
1282 1629 1424 1679 ἡδονῆς
1460 1626 1561 1670 ἕνεκ’

243 1698 398 1750 ἔχομεν,
426 1697 496 1739 τὰς
533 1699 575 1738 δὲ
610 1697 820 1738 παλλακὰς
855 1698 923 1747 τῆς
961 1696 1045 1736 καθ’
1069 1695 1219 1748 ἡμέραν
1255 1697 1462 1748 θεραπείας
1495 1697 1563 1736 τοῦ

245 1764 438 1815 σώματος,
466 1766 535 1806 τὰς
560 1766 601 1804 δὲ
626 1767 814 1816 γυναῖκας
844 1766 912 1804 τοῦ
945 1766 1264 1804 παιδοποιεῖσθαι
1294 1764 1468 1815 γνησίως
1500 1762 1563 1803 καὶ

242 1835 322 1872 τῶν
343 1831 457 1872 ἔνδον
483 1832 643 1883 φύλακα
667 1830 814 1881 πιστὴν
839 1830 958 1883 ἔχειν.
1023 1830 1119 1870 ὥστ’
1147 1832 1179 1871 εἰ
1204 1831 1395 1882 πρότερον
1420 1829 1564 1882 ἔγημεν
1586 1846 1624 1878 25

243 1902 408 1950 γυναῖκα
432 1897 560 1948 ἀστὴν
587 1899 648 1938 καὶ
675 1898 777 1938 εἰσὶν
803 1897 911 1938 οὗτοι
935 1900 972 1939 οἱ
997 1901 1135 1940 παῖδες
1160 1896 1206 1948 ἐξ
1235 1898 1386 1947 ἐκείνης
1418 1899 1478 1938 καὶ
1511 1897 1564 1948 μὴ

247 1965 430 2017 Νεαίρας,
459 1963 550 2016 ἐξῆν
587 1965 689 2020 αὐτῷ
723 1966 765 2006 ἐκ
800 1968 870 2016 τῆς
905 1964 1198 2017 ἀκριβεστάτης
1233 1964 1442 2017 μαρτυρίας
1483 1966 1564 2005 ἐπι-

160 2044 224 2078 123
246 2031 382 2083 δεῖξαι,
399 2033 616 2084 παραδόντι
640 2034 710 2074 τὰς
735 2033 973 2085 θεραπαίνας
993 2033 1147 2075 ταύτας.
1221 2032 1271 2074 ὡς
1287 2035 1329 2073 δὲ
1346 2032 1561 2084 προύκαλε-

247 2097 392 2150 σάμην,
419 2100 568 2140 τούτων
602 2100 692 2151 ὑμῖν
728 2098 797 2150 τήν
831 2117 873 2141 τε
905 2101 1118 2152 μαρτυρίαν
1149 2099 1210 2139 καὶ
1241 2099 1311 2149 τὴν
1344 2099 1566 2151 πρόκλησιν

247 2166 534 2219 ἀναγνώσεται.
605 2166 700 2219 λέγε
725 2167 797 2217 τὴν
820 2168 1045 2219 μαρτυρίαν,
1073 2167 1209 2207 ἔπειτα
1233 2166 1305 2216 τὴν
1329 2166 1565 2218 πρόκλησιν.
1588 2181 1629 2214 30

293 2284 306 2305 1
334 2277 373 2308 ὡς
391 2298 398 2306 .
419 2298 426 2306 .
447 2298 453 2306 .
473 2275 566 2313 αὑτηί
582 2274 646 2305 del.
665 2275 880 2306 Herwerden
974 2276 1053 2313 αὕτη
1071 2274 1157 2305 codd
1262 2284 1281 2304 2
1306 2274 1394 2314 ἔχειιὶ
1411 2273 1455 2304 S:
1482 2274 1569 2314 ἔχειν

246 2318 304 2348 rD
434 2327 453 2356 3
479 2321 511 2359 ἐξ
528 2328 593 2349 om.
613 2329 629 2348 r
725 2330 743 2356 4
768 2319 865 2360 φήσει
883 2317 979 2349 Blass
995 2329 1002 2348 :
1026 2327 1125 2359 φησιν
1141 2318 1237 2348 codd.
1333 2327 1371 2347 10
1395 2316 1528 2357 θρέτταν
1544 2317 1568 2347 S

250 2371 288 2400 13
313 2364 603 2403 σταδιαδρομοῦντα
635 2361 669 2398 S,
701 2363 760 2392 sed
790 2362 830 2393 cf.
857 2362 1016 2393 Aeschin.
1053 2362 1061 2392 i
1099 2371 1170 2400 157,
1197 2361 1280 2392 Plat.
1309 2360 1412 2399 Legg.
1439 2362 1502 2399 833
1525 2361 1568 2395 A,

248 2405 366 2436 Pollux
384 2406 417 2435 iii
437 2407 507 2444 146,
529 2404 784 2445 Dittenberge1⁴⁸
805 2407 918 2444 1076n
1048 2415 1084 2443 14
1111 2411 1253 2445 Θεογενη
1271 2404 1294 2434 S
1389 2414 1427 2443 ¹9
1439 2414 1512 2443 sqq.
1531 2405 1570 2435 τὸ

245 2451 308 2490 γὰρ
325 2472 332 2480 .
352 2472 360 2480 .
381 2473 388 2481 .
407 2450 524 2487 πιστὴν
549 2449 637 2490 ἔχειν
661 2450 726 2480 del.
756 2449 895 2487 Naber3
919 2453 952 2479 at
976 2448 1015 2479 cs.
1042 2448 1165 2479 Athen.
1192 2447 1296 2487 573ss
1450 2456 1490 2485 23
1514 2449 1571 2480 τὰς

247 2494 413 2525 παλλακὰς
431 2492 464 2524 δὲ
482 2492 576 2523 Stob.
595 2492 686 2524 Flor.
704 2493 781 2522 lxvii
801 2503 838 2531 19
