1763 2778
133 129 268 186 [1424]

251 455 269 488 Q.)

708 134 1203 173 ΔΗΜΟΣΘΕΝΟΤΣ

290 236 364 286 μὲν
391 234 512 280 ταυτί,
551 237 629 274 τῶν
665 235 706 274 δὲ
742 233 851 273 ταυτὶ
885 231 1156 283 βουλομένων,
1190 234 1258 273 ἐὰν
1294 234 1342 273 τὰ
1377 231 1524 284 μεταξύ
1557 250 1615 275 τις

292 302 452 356 ἐγχειρῇ
477 300 612 353 λέγειν
643 299 725 354 κᾷθ’
760 301 870 351 ὑμεῖς
898 299 950 350 μὴ
981 299 1214 351 περιμένητε
1242 303 1394 351 μαθεῖν,
1419 304 1616 353 χαριεῖται

291 371 364 420 μὲν
389 368 619 419 οὐδετέροις,
646 365 965 418 διαβεβλήσεται
989 369 1030 407 δὲ
1056 366 1152 419 πρὸς
1173 366 1431 419 ἀμφοτέρους·
1470 366 1515 407 οὐ
1537 366 1615 418 μὴν

291 434 384 476 ἀλλ’
408 434 623 487 αἱρήσομαι
655 437 813 485 μᾶλλον
834 434 963 479 αὐτός,
992 435 1060 474 ἐὰν
1087 433 1163 484 ἄρα
1190 436 1304 473 τοῦτο
1334 434 1459 480 πάθω,
1486 437 1616 474 δοκεῖν

291 505 482 554 φλυαρεῖν
508 498 530 552 ἢ
557 500 646 553 παρ’
671 501 695 541 ἃ
718 500 915 552 βέλτιστα
931 500 1073 551 νομίζω
1089 505 1137 556 τῇ
1153 501 1280 546 πόλει,
1301 499 1496 552 προέσθαι
1509 501 1616 540 τισὶν

290 570 387 620 ὑμᾶς
412 568 671 619 ἐξαπατῆσαι.
741 570 789 608 τὰ
813 569 886 619 μὲν
911 567 977 607 οὖν
1003 566 1092 607 ἄλλ’
1117 568 1298 619 ὕστερον,
1324 568 1394 608 ἐὰν
1417 568 1507 618 ὑμῖν
1523 571 1618 618 βου-

291 635 474 687 λομένοις
502 633 539 691 ᾗ,
573 634 690 686 λέξω·
730 636 771 675 ἐκ
805 637 846 675 δὲ
879 638 955 674 τῶν
987 633 1315 686 ὁμολογουμένων
1339 633 1407 687 ὑφ’
1433 633 1618 675 ἁπάντων

251 702 255 709 ’
289 702 455 754 ἄρξομαι
479 702 504 743 ἃ
528 702 716 755 κράτιστα
740 702 897 753 νομίζω,
923 701 1136 742 διδάσκειν.

141 1725 148 1778 Ι
159 1726 274 1778 1425]

938 830 976 868 Θ

358 913 462 966 Οὐχὶ
487 912 607 953 ταύτὰ
634 912 871 964 γιγνώσκων
897 912 1014 954 ἐνίοις
1037 915 1114 952 τῶν
1134 911 1344 963 εἰρηκότων
1369 910 1567 961 ἀνέστηκ’,
1587 908 1617 951 ὦ

290 981 428 1033 ἄνδρες
459 980 675 1031 Ἀθηναῖοι.
745 979 789 1019 οὐ
823 978 900 1030 μὴν
935 979 1023 1020 οὐδὲ
1058 979 1216 1019 τούτους
1253 978 1480 1028 αἰτιάσομαι
1506 979 1620 1032 κακίᾳ

290 1048 479 1088 τάναντία
503 1051 584 1088 τοῖς
607 1046 839 1098 βελτίστοις
870 1046 1077 1098 εἰρηκέναι,
1104 1044 1195 1085 ἀλλ’
1224 1046 1284 1085 ὅτι
1310 1045 1454 1086 πολλοὶ
1479 1048 1547 1085 τοῦ
1570 1045 1619 1084 τὰ

292 1115 503 1167 πράγματα
545 1114 689 1166 κρίνειν
728 1111 1002 1164 ἀμελήσαντες
1039 1112 1129 1154 τοὺς
1164 1112 1309 1164 λόγους
1344 1115 1512 1152 σκοπεῖν
1552 1111 1618 1152 οὓς

293 1183 450 1234 ἐροῦσιν
475 1181 675 1227 εἰώθασιν,
704 1180 775 1222 κᾶν
799 1180 952 1221 τούτοις
977 1180 1167 1232 ἀφθόνοις
1198 1179 1432 1232 ἐντύχωσιν,
1455 1179 1619 1230 ἑτοίμως

293 1252 543 1301 δημηγορεῖν,
584 1247 651 1288 οὐκ
687 1248 810 1299 ὀρθῶς
847 1247 1074 1299 ἐγνωκότες,
1113 1246 1201 1287 οὐδὲ
1239 1246 1488 1298 λογιζόμενοι
1529 1244 1618 1298 παρ’

294 1318 444 1358 ἑαυτοῖς
469 1316 529 1356 ὅτι
554 1318 716 1355 πολλῶν
741 1313 920 1367 πράξεων
947 1315 989 1355 ἐν
1014 1317 1152 1368 πολλῷ
1177 1313 1306 1368 χρόνῳ
1323 1316 1422 1353 πᾶσι
1442 1329 1617 1365 πεπραγ-

292 1381 422 1434 μένων
459 1381 522 1422 καὶ
557 1383 620 1422 διὰ
655 1382 745 1423 τοὺς
779 1381 932 1433 καιροὺς
966 1382 1080 1421 ἐνίων
1115 1381 1357 1421 ὑπεναντίων
1393 1381 1540 1429 αὑταῖς,
1571 1378 1620 1420 ἂν

294 1451 364 1491 τὰς
403 1449 538 1502 ἑτέρας
578 1465 637 1490 τις
677 1448 930 1500 ὑπερβαίνων
968 1448 1038 1489 τὰς
1077 1447 1211 1498 ἑτέρας
1250 1447 1362 1503 λέγῃ,
1410 1445 1530 1497 λήσει
1575 1445 1621 1486 τὸ

293 1517 444 1571 ῥᾷστον
483 1520 561 1556 τῶν
598 1515 724 1568 ἔργων
760 1518 895 1562 ποιῶν,
933 1515 1051 1555 αὑτὸν
1088 1514 1304 1565 ἐξαπατῶν.
1375 1515 1412 1554 οἱ
1445 1515 1518 1565 μὲν
1553 1513 1621 1554 οὖν

295 1584 394 1624 οὕτω
419 1583 615 1636 χρώμενοι
639 1585 691 1637 τῷ
719 1582 1010 1633 συμβουλεύειν
1045 1582 1208 1621 δοκοῦσί
1229 1598 1295 1632 μοι
1327 1580 1399 1631 τὴν
1435 1579 1513 1620 ἀπὸ
1542 1583 1621 1621 τῶν

294 1649 493 1702 ῥηθέντων
532 1653 599 1690 τοῦ
637 1650 828 1690 δύνασθαι
863 1648 998 1701 λέγειν
1037 1647 1156 1699 δόξαν
1202 1646 1440 1700 γιγνομένην
1489 1647 1620 1688 αὐτοῖς

297 1716 432 1767 ἱκανὴν
454 1718 685 1770 φιλοτιμίαν
709 1716 906 1768 ἡγεῖσθαι·
944 1715 1022 1768 ἐγὼ
1047 1718 1088 1756 δὲ
1105 1716 1247 1766 νομίζω
1264 1717 1407 1768 χρῆναι
1422 1713 1490 1754 τὸν
1505 1714 1622 1754 πόλει

296 1785 385 1836 περὶ
409 1783 649 1836 πραγμάτων
673 1783 946 1836 ἐπιχειρούντα
971 1782 1260 1833 συμβουλεύειν
1282 1784 1438 1833 μᾶλλον
1454 1782 1559 1822 ὅπως
1573 1781 1622 1820 τὰ

297 1849 466 1900 δόξαντα
491 1851 669 1891 συνοίσει
694 1853 871 1896 σκοπεῖν,
898 1846 920 1900 ἢ
947 1853 1028 1891 πῶς
1052 1850 1088 1890 οἱ
1113 1851 1351 1902 παραχρῆμα
1373 1848 1488 1901 λόγοι
1504 1846 1621 1901 χάριν

297 1916 446 1968 ἕξουσι.
517 1920 576 1958 δεῖ
598 1918 674 1970 γὰρ
708 1920 789 1958 τοῖς
815 1916 878 1957 ἐπὶ
902 1920 979 1957 τῶν
1011 1916 1144 1968 λόγων
1181 1915 1429 1966 εὐδοκιμοῦσι
1465 1914 1619 1966 συμφέ-

296 1985 435 2037 ροντός
459 2001 564 2026 τινος
581 1983 697 2037 ἔργου
720 1982 862 2036 πρᾶξιν
887 1987 1106 2036 προσεῖναι,
1133 1983 1197 2023 ἵνα
1214 1981 1267 2035 μὴ
1293 1986 1360 2023 νῦν
1377 1982 1512 2034 μόνον,
1531 1978 1622 2022 ἀλλ’

297 2051 358 2093 ἀεὶ
382 2052 430 2092 τὰ
453 2051 622 2104 ῥηθέντα
645 2055 773 2092 καλῶς
798 2051 884 2107 ἔχῃ·

344 2153 358 2173 1
384 2143 425 2175 τὰ
450 2143 573 2175 Fcorr.
593 2154 600 2174 t
624 2153 690 2174 om.
712 2144 735 2174 S
760 2143 865 2182 vulg.‚
886 2142 928 2174 cs.
954 2143 1009 2173 xvi
1036 2152 1056 2172 2
1079 2143 1121 2174 τὰ
1143 2141 1259 2180 vulg.:
1283 2154 1314 2173 τι
1339 2140 1364 2173 S
1496 2150 1516 2171 2
1540 2139 1622 2182 κᾷτα

299 2186 460 2217 Bekker:
492 2201 573 2218 κατα
597 2187 644 2217 S:
681 2189 748 2219 καθ’
774 2187 793 2219 ἃ
825 2187 873 2218 C:
914 2187 992 2218 καθὰ
1019 2186 1181 2216 Aristeid.
1202 2186 1289 2215 l.c.:
1329 2186 1378 2217 καὶ
1403 2186 1505 2216 ταῦτα
1529 2184 1619 2223 vulg.

298 2230 484 2272 περιμένητε
497 2230 520 2260 S
535 2230 578 2260 Y¹
591 2230 621 2269 Q
637 2231 666 2260 D
682 2230 707 2261 C
723 2230 903 2262 Aristeid.:
929 2231 1130 2271 περιμείνητε
1147 2229 1172 2259 F
1186 2229 1216 2259 Y
1233 2238 1319 2259 corr.
1368 2238 1386 2267 5
1404 2229 1423 2266 ἢ
1440 2229 1511 2268 παρ’
1527 2227 1583 2257 xvi
1601 2235 1622 2266 3

300 2274 324 2305 S
337 2274 366 2304 Y
387 2273 571 2305 Aristcid.:
596 2276 676 2315 ἤπερ
696 2274 749 2304 hic
774 2274 871 2304 codd.
995 2276 1037 2315 τῇ
1053 2273 1146 2305 πόλει
1162 2283 1226 2303 orn.
1247 2272 1407 2302 Aristeid.
1528 2281 1546 2309 7
1571 2272 1622 2311 ὑφ’

299 2316 448 2350 ἁπάντων
470 2318 530 2348 xvi
551 2327 582 2357 3,
601 2317 731 2349 Cobet:
755 2320 805 2349 ὑπ’
829 2319 933 2349 αὐτῶν
956 2316 1008 2347 hic
1034 2317 1130 2347 codd,
1259 2325 1297 2354 14
1322 2315 1468 2355 ἀφθόνοις
1483 2313 1559 2351 YC‚
1580 2313 1621 2344 cf.

302 2361 455 2393 Prooem.
473 2361 579 2391 xxxiii
598 2371 617 2390 2
632 2372 639 2391 :
666 2360 807 2402 ἀφθόνως
825 2365 902 2391 cett.
1019 2361 1056 2391 18
1082 2360 1192 2401 {repas
1218 2358 1242 2389 S
1257 2372 1307 2400 γρ.
1322 2358 1352 2397 Q
1364 2371 1415 2399 γρ.
1431 2369 1438 2388 :
1469 2356 1623 2398 προτέρας

301 2404 326 2436 S
342 2405 430 2444 vulg.
450 2405 559 2446 ἑτέρας
577 2415 592 2435 r
608 2404 737 2445 (Blass)
752 2415 760 2436 ε
784 2404 917 2445 ὑστέρας
934 2407 1012 2434 cett.
1156 2412 1193 2433 21
1221 2404 1326 2434 αὑτοῖς
1343 2402 1373 2432 Y
1389 2412 1396 2432 :
1420 2403 1525 2433 αὐτοῖς
1541 2405 1620 2431 cett.

301 2448 389 2488 (sine
407 2449 528 2488 spiritu
559 2448 599 2487 S)
720 2459 761 2486 24
789 2449 929 2480 συνοίσει
958 2446 1104 2477 Vindob.
1136 2457 1154 2484 4
1187 2445 1431 2487 (Felicianus):
1465 2445 1624 2477 συνοίσειν

301 2497 381 2523 cett.
474 2495 538 2526 πῶς
556 2491 594 2524 S¹
608 2490 653 2523 Y¹
667 2491 695 2523 C
709 2502 716 2523 ε
741 2493 823 2524 ὅπως
839 2491 930 2530 vulg.
1022 2491 1065 2520 26
1086 2489 1182 2530 μόνον
1198 2492 1253 2522 νῦν
1266 2499 1282 2520 r

1637 514 1654 546 5

1642 924 1679 948 10

1645 1260 1680 1293 τε

1643 1598 1682 1620 20

1644 1931 1682 1963 25
