1763 2778
173 132 248 188 ux]
599 138 757 175 ΚΑΤΑ
806 137 1073 174 ΝΕΑΙΡΑΣ

174 236 305 287 νόμων
331 238 569 290 κατηγορίαν
595 236 657 276 καὶ
683 235 751 276 τὸν
776 235 948 288 ἔλεγχον
973 234 1042 275 τὸν
1066 238 1144 274 τῶν
1173 233 1398 286 εἰρημένων,
1426 233 1497 284 τήν

174 320 218 344 τε
241 305 338 355 ὄψιν
364 303 482 354 αὐτῆς
512 304 673 349 ἰδόντες,
701 303 935 353 ἐνθυμεῖσθε
967 304 1082 342 τοῦτο
1114 301 1249 353 μόνον,
1278 302 1311 341 εἰ
1345 300 1497 353 Νέαιρα

175 370 277 410 οῧσα
299 374 420 410 ταῦτα
445 369 742 423 διαπέπρακται.

235 435 376 487 ’Άξιον
409 439 452 478 δὲ
485 439 640 478 κάκεῖνο
673 438 947 488 ἐνθυμηθῆναι,
969 434 998 476 ὦ
1029 435 1167 489 ἄνδρες
1191 435 1408 486 Ἀθηναῖοι,
1436 435 1496 475 ὅτι

138 503 341 557 5Ἀρχίαν
382 503 451 545 τὸν
490 503 727 557 ἱεροφάντην
765 504 997 557 γενόμενον,
1036 502 1326 556 ἐξελεγχθέντα
1365 504 1408 542 ἐν
1443 506 1494 557 τῷ

176 572 414 627 δικαστηρίῳ
449 572 617 623 ἀσεβεῖν
654 570 798 611 θύοντα
835 572 942 624 παρὰ
975 572 1024 610 τὰ
1058 569 1202 623 πάτρια
1238 571 1308 612 τὰς
1341 571 1493 615 θυσίας,

177 637 398 680 ἐκολάσατε
428 639 551 690 ὑμεῖς,
577 638 641 678 καὶ
671 640 777 678 ἄλλα
813 654 858 680 τε
892 636 1141 689 κατηγορήθη
1177 637 1297 677 αὐτοῦ
1338 636 1400 677 καὶ
1436 637 1497 676 ὅτι

175 706 335 762 Σινώπῃ
359 706 406 762 τῇ
432 706 569 760 ἑταίρᾳ
589 702 755 759 Ἀλῴοις
780 704 845 745 ἐπὶ
869 706 939 754 τῆς
964 703 1140 757 ἐσχάρας
1164 706 1233 754 τῆς
1257 705 1301 744 ἐν
1324 709 1371 760 τῇ
1397 703 1496 760 αὐλῇ

175 772 381 813 Ἐλευσῖνι
404 771 666 829 προσαγούσῃ
693 773 836 824 ἱερεῖον
858 771 1032 818 θύσειεν,
1058 770 1106 811 οὐ
1127 773 1294 822 νομίμου
1318 772 1431 812 ὄντος
1455 772 1498 811 ἐν

116 854 156 876 10
175 839 294 896 ταύτῃ
320 840 367 896 τῇ
392 839 519 894 ἡμέρᾳ
543 841 665 891 ἱερεῖα
687 838 808 885 θύειν,
836 838 914 878 οὐδ’
937 839 1090 879 ἐκείνου
1112 838 1236 889 οὔσης
1258 840 1329 888 τῆς
1357 838 1497 880 θυσίας

176 908 281 947 ἀλλὰ
304 908 374 957 τῆς
407 906 562 958 ἱερείας.
634 906 772 947 οὔκουν
804 906 936 946 δεινὸν
969 905 1039 946 τὸν
1074 908 1148 956 μὲν
1183 905 1244 946 καὶ
1282 906 1323 944 ἐκ
1360 905 1499 958 γένους

175 975 270 1014 ὄντα
300 977 370 1014 τοῦ
403 973 666 1025 Εὐμολπιδῶν
703 973 764 1013 καὶ
802 972 1011 1025 προγόνων
1048 976 1179 1013 καλῶν
1217 974 1399 1024 κάγαθῶν
1437 972 1498 1013 καὶ

176 1041 345 1091 πολίτην
368 1043 437 1091 τῆς
464 1041 630 1087 πόλεως,
659 1042 719 1081 ὅτι
745 1041 872 1081 ἐδόκει
895 1056 934 1080 τι
957 1041 1188 1091 παραβῆναι
1208 1043 1286 1080 τῶν
1307 1041 1496 1090 νομίμων,

175 1111 310 1149 δοῦναι
341 1108 451 1155 δίκην
484 1107 563 1159 (καὶ
594 1108 676 1149 οὔθ’
702 1108 724 1159 ἡ
751 1112 828 1148 τῶν
861 1111 1068 1160 συγγενῶν
1101 1106 1183 1147 οὔθ’
1207 1107 1229 1157 ἡ
1255 1110 1335 1147 τῶν
1366 1108 1501 1159 φίλων

117 1187 153 1220 15
176 1173 377 1226 ἐξαίτησις
397 1175 613 1228 ὠφέλησεν
635 1175 767 1221 αὐτόν,
796 1174 879 1214 οὔθ’
904 1176 945 1215 αἱ
968 1174 1204 1231 λῃτουργίαι
1232 1173 1277 1216 ἃς
1310 1173 1496 1230 ἐλῃτούρ-

174 1259 278 1295 γησε
300 1248 349 1300 τῇ
373 1243 491 1283 πόλει
516 1242 633 1285 αὐτὸς
667 1242 729 1282 καὶ
754 1244 789 1282 οἱ
816 1242 1007 1294 πρόγονοι
1038 1240 1168 1287 αὐτοῦ,
1193 1241 1284 1282 οὔτε
1313 1240 1360 1281 τὸ
1398 1242 1497 1293 ἱερο-

176 1309 332 1363 φάντην
368 1309 481 1356 εἶναι,
508 1308 602 1350 ἀλλ’
627 1308 851 1350 ἐκολάσατε
886 1307 1059 1359 δόξαντα
1094 1306 1270 1359 ahmiu)-
1322 1308 1498 1360 Νέαιραν

175 1379 218 1418 δὲ
242 1377 400 1427 ταυτηνὶ
434 1378 487 1417 ε’ίς
521 1394 563 1417 τε
593 1380 662 1417 τὸν
699 1376 817 1416 αὐτὸν
854 1375 945 1416 θεὸν
980 1379 1120 1416 τοῦτον
1155 1375 1403 1427 ἠσεβηκυῖαν
1437 1375 1499 1415 καὶ

175 1443 266 1486 τοὺς
290 1444 446 1495 νόμους,
475 1445 538 1484 καὶ
564 1444 685 1494 αὐτὴν
720 1444 783 1484 καὶ
811 1443 884 1494 τὴν
915 1442 1109 1496 θυγατέρα
1141 1442 1272 1494 αὐτῆς,
1300 1442 1344 1482 οὐ
1380 1460 1498 1493 τιμω-

116 1525 156 1547 20
173 1510 349 1564 ρήσεσθε
362 1528 376 1558 ,·

244 1577 445 1629 Θαυμάζω
471 1578 505 1619 δ’
531 1580 658 1631 ἔγωγε
682 1578 723 1619 τί
743 1595 839 1619 ποτε
865 1579 928 1619 καὶ
955 1579 1089 1630 ἐροῦσι
1121 1580 1217 1630 πρὸς
1249 1578 1348 1628 ὑμᾶς
1378 1578 1419 1617 ἐν
1452 1583 1500 1634 τῇ

176 1645 387 1700 ἀπολογίᾳ.
461 1646 629 1698 πότερον
655 1645 706 1687 ὡς
731 1644 834 1696 ἀστή
861 1647 972 1686 ἐστιν
998 1644 1152 1697 Νέαιρα
1177 1644 1288 1695 αὑτηὶ
1314 1645 1376 1685 καὶ
1405 1645 1501 1684 κατὰ

174 1712 266 1755 τοὺς
302 1714 444 1764 νόμους
484 1716 662 1754 συνοικεῖ
699 1713 827 1767 αὐτῷ;
877 1713 986 1753 ἀλλὰ
1030 1711 1322 1765 μεμαρτύρηται
1367 1712 1502 1764 ἑταίρα

174 1779 276 1820 οὖσα
302 1780 365 1820 καὶ
389 1780 510 1831 δούλη
544 1779 768 1833 Νικαρέτης
800 1778 1057 1833 γεγενημένη.
1131 1777 1224 1819 ἀλλ’
1256 1778 1300 1818 οὐ
1334 1781 1502 1831 γυναῖκα

114 1853 153 1885 ²5
175 1846 277 1887 εῖναι
308 1847 440 1894 αὐτοῦ,
465 1846 574 1888 ἀλλὰ
606 1847 819 1898 παλλακὴν
853 1847 964 1900 ἔχειν
995 1847 1109 1887 ἔνδον
1126 1862 1141 1894 ,·
1177 1845 1270 1886 ἀλλ’
1297 1848 1332 1886 οἱ
1365 1848 1502 1887 παῖδες

173 1914 316 1965 ταύτης
341 1915 453 1957 ὄντες
480 1914 541 1955 καὶ
567 1913 798 1967 εἰσηγμένοι
824 1915 879 1957 εἷς
903 1913 995 1956 τοὺς
1012 1911 1216 1966 φράτερας
1238 1913 1315 1954 ὑπὸ
1340 1912 1498 1966 Στεφά-

174 1998 245 2022 νου
283 1982 345 2022 καὶ
377 1981 400 2032 ἡ
439 1980 611 2034 θυγάτηρ
647 1981 759 2034 ἀνδρὶ
786 1981 983 2036 Ἀθηναίῳ
1021 1982 1235 2021 ἐκδοθεῖσα
1273 1983 1501 2033 περιφανῶς

175 2047 296 2099 αὐτὴν
332 2049 605 2101 ἀποφαίνουσι
639 2052 804 2102 γυναῖκα
840 2048 999 2102 ἔχοντα.
1069 2046 1122 2088 ὡς
1157 2050 1231 2099 μὲν
1264 2049 1397 2088 τοίνυν
1433 2046 1501 2087 οὐκ

174 2116 302 2166 ἀληθῆ
345 2116 459 2156 ἐστιν
496 2115 546 2157 τὰ
590 2115 889 2169 κατηγορημένα
930 2115 993 2156 καὶ
1038 2114 1378 2167 μεμαρτυρημένα,
1418 2112 1499 2154 οὔτ’

114 2195 153 2226 30
173 2182 292 2223 αὐτὸν
316 2182 528 2236 Στέφανον
557 2183 638 2224 οὔτ’
662 2182 794 2225 ἄλλον
820 2183 920 2235 ὑπὲρ
956 2182 1097 2224 τούτου
1129 2181 1239 2233 οἶμαι
1276 2180 1497 2232 ἐπιδείξειν,

219 2302 233 2322 Ι
257 2293 316 2324 τὸν
337 2295 402 2324 τῶν
414 2293 569 2324 Bekker:
592 2297 656 2325 τῶν
671 2297 736 2325 τῶν
751 2292 782 2332 Q
800 2303 808 2324 ε
831 2296 896 2324 τῶν
905 2296 984 2324 cett.
1076 2302 1096 2322 2
1114 2292 1187 2333 εἷ]ἠ
1206 2291 1243 2323 S1
1333 2292 1354 2321 6
1370 2291 1501 2326 ἀσεβεῖν

173 2335 286 2368 θύοντα
312 2336 435 2368 codd.:
463 2338 501 2369 ὡς
528 2337 708 2373 ἀσεβοῦντα
735 2338 787 2368 καὶ
811 2335 927 2368 θύοντα
951 2336 1150 2367 Athenaeus
1174 2335 1232 2365 xiii
1256 2345 1319 2374 594
1345 2333 1383 2371 A,
1409 2334 1499 2364 unde

173 2380 353 2416 ἀσεβοῦντα
370 2381 420 2412 καὶ
438 2381 552 2412 θύοντα
566 2379 663 2410 Blass
680 2391 687 2418 ;
711 2380 772 2410 sed
783 2380 915 2417 ἀσεβεῖν
927 2379 1130 2409 infinitivum
1144 2379 1225 2409 satis
1238 2382 1377 2409 tuentur
1389 2379 1425 2414 ἐξ
1443 2387 1497 2415 53,

171 2432 211 2463 91
312 2425 332 2454 8
350 2423 506 2464 ἐσχάρας]
519 2436 654 2464 αισχρας
667 2422 705 2454 Sl
797 2434 837 2454 10
854 2424 974 2455 ἐκείνου
986 2423 1027 2463 D,
1045 2422 1172 2453 Athen.
1187 2421 1240 2453 Lc-
1257 2432 1265 2452 ι
1291 2422 1411 2459 ἐκείνης
1422 2425 1498 2451 cett.

176 2475 212 2503 13
237 2466 386 2506 νομίμων]
411 2466 515 2507 νόμων
537 2466 563 2496 F
669 2477 710 2496 22
735 2468 814 2505 αὕτη
836 2467 934 2499 codd.
1041 2467 1082 2497 28
1107 2465 1254 2507 ἔχοντα.]
1281 2466 1345 2495 huc
1370 2470 1495 2503 transp.

173 2509 275 2539 Hude
291 2511 328 2541 τὸ
345 2531 353 2541 .
371 2531 380 2542 .
399 2531 407 2541 .
428 2511 516 2551 ἔχειν
534 2512 549 2547 ξ
571 2519 630 2539 122

1518 129 1657 184 [1384]

1520 439 1586 473 116

1518 635 1655 689 [1385]

1522 924 1584 958 117

1522 1580 1587 1614 118

1525 2056 1589 2090 119
