1746 2774
127 516 143 546 ΕΠ

108 854 147 876 10

109 1524 148 1545 20

653 132 976 170 EHIETOAH
1015 135 1079 172 111
1514 131 1657 187 [1479]

165 229 353 283 Ἀρχίνου
378 231 441 272 καὶ
469 234 632 272 πολλῶν
657 230 802 282 ἑτέρων
825 231 1051 283 ἀπογόνοις.
1121 230 1194 283 οὐχ
1226 231 1277 273 ὡς
1302 232 1491 281 ἐπιτιμῶν
1512 253 1557 277 20

167 299 208 338 δὲ
232 301 352 338 ταῦτα
378 297 616 350 παρήνεγκα.
677 298 870 338 τοσούτου
895 299 970 350 γὰρ
996 297 1069 338 δέω
1095 302 1209 338 τοῦτο
1235 302 1362 338 ποιεῖν
1388 298 1493 338 ὥστε

167 364 386 417 συμφέρειν
402 364 579 417 μάλιστα
598 371 645 422 τῇ
664 366 780 405 πόλει
795 366 842 404 τὰ
859 369 1017 405 τοιαῦτα
1029 365 1164 418 κρίνω·
1225 368 1494 418 προκαλεῖσθε

166 432 241 483 γὰρ
265 431 415 474 πάντας
441 434 483 472 ἐκ
510 432 660 472 τούτων
678 432 909 482 δημοτικοὺς
936 432 1046 478 εἶναι,
1074 434 1246 484 ὁρῶντας
1270 433 1331 473 ὅτι
1356 431 1427 473 κᾶν
1453 432 1494 472 ἐν

165 503 217 553 τῷ
256 498 343 539 καθ’
381 498 542 541 ἑαυτοὺς
577 500 655 553 βίῳ
694 503 778 540 ταῖς
816 489 1108 550 προσηκούσαις
1147 499 1271 540 αὐτῶν
1310 503 1438 550 τιμαῖς
1475 499 1495 537 ὁ

166 566 316 615 φθόνος
335 567 515 623 ἀντιστῇ,
534 570 616 607 τοῖς
641 583 687 618 γε
711 565 851 606 παισὶν
869 565 1032 618 ὑπάρξει
1057 569 1104 606 τὰ
1125 565 1379 619 προσήκοντα
1404 565 1494 617 παρ’

165 633 271 684 ὑμῶν
309 633 564 684 κομίσασθαι.
624 637 707 675 πῶς
755 633 823 674 οὖν
857 633 926 673 οὐκ
962 632 1122 680 ἄτοπον,
1161 637 1317 685 μᾶλλον
1353 636 1394 673 δὲ
1433 633 1494 672 καὶ
1516 649 1555 673 21

167 700 347 753 αἰσχρόν,
368 704 445 740 τῶν
469 702 542 751 μὲν
570 699 709 741 ἄλλων
731 702 826 746 τισί,
854 700 916 741 καὶ
940 705 1121 741 παλαιῶν
1145 702 1270 741 ὄντων
1295 704 1373 740 τῶν
1399 700 1492 752 χρό-

166 783 247 807 νων
279 767 363 807 καθ’
399 767 466 809 οὓς
501 766 685 819 ἐγένοντο
720 767 923 821 χρήσιμοι,
957 768 1018 807 καὶ
1055 767 1102 807 δι’
1139 769 1192 808 ῶν
1229 768 1389 807 ἀκούετε
1425 768 1495 808 τὰς

167 833 407 886 εὐεργεσίας,
450 834 519 874 οὐκ
560 832 608 884 ἐξ
640 835 696 875 ὧν
735 833 914 887 ἑοράκαθ’
955 836 1240 887 ὑπειληφότας,
1280 835 1384 885 ὅμως
1424 834 1496 884 τὴν

168 903 320 942 δικαίαν
351 902 505 942 εὔνοιαν
534 900 752 957 διασῴζειν,
780 902 990 957 Λυκούργῳ
1018 901 1049 941 δ’
1080 903 1201 943 οὕτως
1230 901 1403 953 ὑπογύου
1435 901 1496 941 καὶ

167 971 236 1019 τῆς
267 970 470 1011 πολιτείας
506 969 568 1009 καὶ
604 971 672 1019 τῆς
704 971 888 1019 τελευτῆς
925 971 1142 1022 γεγονυίας,
1177 968 1264 1019 μηδ’
1286 969 1340 1010 εἷς
1372 969 1397 1008 ἃ
1435 968 1497 1008 καὶ

167 1039 248 1077 τοῖς
278 1036 454 1088 ἀγνῶσιν
489 1037 550 1077 καὶ
582 1035 651 1089 ὑφ’
683 1038 737 1076 ὧν
770 1035 965 1077 ἀδικοῖσθ’
998 1036 1149 1087 ἕτοιμοι
1180 1035 1249 1076 τὸν
1278 1035 1404 1076 ἄλλον
1429 1034 1496 1085 ἦτε

167 1103 326 1155 χρόνον,
365 1104 420 1145 εἷς
448 1104 563 1144 ἔλεον
597 1104 659 1144 καὶ
692 1104 1009 1157 φιλανθρωπίαν,
1043 1102 1132 1154 μηδ’
1168 1104 1223 1145 εἰς
1258 1102 1366 1142 ταῦθ’
1398 1104 1497 1153 ὑμᾶς
1518 1119 1560 1142 22

167 1170 308 1213 αὐτοὺς
335 1171 492 1221 ὁμοίους
520 1170 720 1223 παρέχειν,
754 1171 817 1211 καὶ
847 1170 956 1211 ’ταῦτ’
992 1172 1047 1212 εἰς
1078 1170 1168 1212 τοὺς
1203 1173 1344 1211 παῖδας
1381 1170 1498 1210 αὐτοῦ

166 1236 403 1290 γιγνομένης
427 1240 496 1288 τῆς
520 1238 719 1290 τιμωρίας,
748 1238 813 1279 οὓς
839 1237 911 1279 κᾶν
936 1238 1093 1292 ἐχθρός,
1121 1239 1229 1290 εἴπερ
1255 1236 1411 1288 μέτριος
1437 1238 1494 1287 εἵη

169 1305 231 1345 καὶ
254 1304 453 1357 λογισμὸν
479 1306 595 1358 ἔχων,
625 1304 808 1355 ἐλεήσαι;

235 1371 433 1423 Θαυμάζω
465 1373 596 1413 τοίνυν
629 1374 692 1413 καὶ
727 1372 831 1412 τοῦτ’
858 1374 895 1414 εἴ
923 1389 983 1415 τις
1012 1373 1119 1423 ὑμῶν
1152 1372 1300 1424 ἀγνοεῖ,
1328 1372 1377 1412 ὡς
1407 1371 1495 1411 οὐδὲ
1516 1350 1659 1434 [3480]

167 1443 283 1479 τοῦτο
307 1443 503 1492 συμφέρει
518 1440 564 1495 τῇ
585 1440 766 1494 πολιτεία
781 1439 955 1492 φανερὸν
976 1439 1224 1492 γιγνόμενον,
1243 1441 1302 1479 ὅτι
1317 1443 1400 1481 τοῖς
1423 1441 1496 1490 μὲν
1517 1418 1559 1451 “3

167 1506 298 1557 ἄλλην
329 1508 420 1547 τινὰ
450 1506 712 1557 κτησαμένοις
745 1508 887 1560 φιλίαν
921 1507 983 1546 καὶ
1015 1508 1273 1558 κατορθοῦσιν
1305 1508 1347 1547 ἐν
1371 1508 1496 1547 πᾶσιν

168 1576 421 1614 πλεονεκτεῖν
444 1573 626 1628 ὑπάρχει,
655 1573 725 1614 κᾶν
758 1573 1017 1627 ἀτυχήσωσίν
1040 1590 1091 1620 τι,
1115 1574 1272 1627 ῥᾳδίους
1301 1573 1401 1614 εἶναι
1426 1575 1495 1615 τὰς

167 1640 316 1686 λύσεις,
343 1644 424 1682 τοῖς
444 1639 478 1680 δ’
504 1642 559 1683 εἷς
582 1640 651 1681 τὸν
678 1643 800 1692 δῆμον
824 1640 1098 1693 ἆναρτήο-ασιν
1123 1641 1282 1682 ἑαυτούς
1306 1640 1350 1680 οὐ
1373 1640 1496 1691 μόνον

168 1709 265 1748 κατὰ
290 1706 406 1748 τᾶλλ’
430 1707 597 1748 ἔλαττον
623 1709 730 1760 ἔχειν
754 1707 928 1761 ὑπάρξει,
958 1710 1063 1748 ἀλλὰ
1097 1708 1159 1748 καὶ
1189 1709 1258 1749 τὰς
1288 1709 1495 1759 συμφορᾶς

166 1776 360 1826 βεβαίους
383 1775 537 1817 τούτοις
561 1775 697 1827 μόνοις
719 1779 797 1816 τῶν
822 1775 959 1816 ἄλλων
986 1774 1131 1827 μένειν.
1204 1776 1310 1814 ἀλλὰ
1334 1774 1411 1826 μὴν
1434 1774 1498 1814 ὅτι

166 1840 271 1881 τοῦθ’
297 1843 419 1884 οὕτως
443 1843 621 1894 γίγνεται
643 1840 779 1897 ῥᾴδιον
803 1841 938 1893 δεῖξαι.
999 1842 1058 1884 τίς
1076 1844 1151 1895 γὰρ
1172 1841 1240 1882 οὐκ
1264 1841 1370 1881 οἶδεν
1388 1841 1497 1892 ὑμῶν
1516 1854 1561 1888 24

167 1908 326 1962 Λάχητι
357 1912 409 1964 τῷ
446 1910 699 1950 Μελανώπου
731 1911 880 1950 ἁλῶναι
909 1912 982 1961 μὲν
1015 1910 1157 1960 ὁμοίως
1191 1910 1233 1949 ἐν
1258 1909 1495 1962 δικαστηρίῳ

169 1978 332 2027 συμβὰν
355 1975 407 2018 ὣς
432 1976 495 2016 καὶ
520 1980 587 2017 νῦν
606 1980 690 2020 τοῖς
711 1976 938 2029 Λυκούργου
956 1978 1107 2021 παισίν,
1129 1977 1326 2028 ἀφεθῆναι
1350 1978 1392 2016 δὲ
1416 1978 1495 2015 πᾶν

215 2094 228 2114 1
256 2085 425 2126 Ἀρχείνου
441 2084 496 2114 hic
512 2089 545 2114 et
563 2084 647 2114 infra
665 2084 688 2114 S
836 2094 855 2123 3
879 2084 1023 2124 μάλιστα
1040 2084 1213 2125 συμφέρειν
1231 2084 1310 2123 Pap.
1420 2098 1495 2125 προ-

169 2131 334 2159 καλεῖσθαι
369 2127 407 2158 Sl
547 2129 569 2158 6
591 2127 715 2169 παισὶν]
744 2131 842 2160 πᾶσιν
871 2128 946 2158 SlF
1098 2139 1136 2158 10
1162 2127 1311 2168 ἑοράκατε
1337 2127 1494 2167 F1Pap.:

169 2173 237 2211 ἑωρ.
255 2171 279 2201 S
292 2171 316 2201 F
330 2181 415 2202 corr.
481 2171 576 2212 ὅμως]
597 2172 710 2211 ὁμοίως
724 2172 803 2211 Pap.
901 2182 934 2201 11
955 2175 1104 2212 διασῷσαι
1119 2171 1200 2211 Pap.
1260 2171 1440 2212 Λυκούργου
1456 2171 1493 2202 S¹

173 2224 210 2251 13
232 2215 353 2255 ἀγνῶσι
372 2214 453 2254 Pap.
477 2215 645 2254 (Dobree)
662 2215 706 2246 cf.
725 2217 740 2252 5
762 2225 822 2254 27:
848 2216 1034 2255 ἀγνώμοσιν
1049 2216 1145 2246 codd.
1236 2215 1393 2246 ἄδικοῖσθε
1413 2215 1491 2254 Pap.

170 2257 358 2298 (Sauppe):
384 2259 558 2290 ἀδικεῖσθαι
577 2259 674 2289 codd.
799 2269 836 2297 14
863 2258 969 2299 ἔλεον]
989 2267 1098 2290 ελαιον
1115 2258 1138 2289 S
1257 2267 1293 2296 15
1318 2261 1495 2299 παρασχεῖν

170 2301 249 2340 Pap.
332 2312 375 2331 20
397 2301 518 2342 ἄλλην]
538 2302 650 2334 ἄλλοις
669 2302 694 2332 F
775 2312 813 2331 21
839 2316 870 2334 τι
886 2313 952 2334 om.
972 2302 1051 2341 Pap.
1097 2302 1221 2344 ρᾳδῖους
1240 2301 1334 2340 Pap„
1354 2301 1394 2332 cs.
1413 2302 1495 2331 (3ῑό-

170 2350 255 2384 nert,
278 2344 378 2375 Mem.
396 2344 502 2376 Herc.
519 2346 577 2384 187
592 2355 622 2375 n.
635 2355 664 2384 9,
686 2345 772 2376 Plat.
792 2345 890 2376 Polit.
908 2347 970 2384 278
990 2346 1040 2376 D:
1057 2347 1165 2387 ῥᾳδίας
1181 2344 1279 2376 codd.
1343 2353 1383 2382 23
1401 2345 1494 2376 ἔλατ-

168 2401 224 2420 τον
241 2388 329 2429 ἔχειν
347 2388 439 2419 codd.
458 2400 465 2420 :
492 2390 702 2420 ἐλαττοῦσθαι
722 2388 801 2427 Pap.
880 2399 918 2428 '24
937 2390 985 2421 ὅτι
1002 2389 1087 2421 τοῦθ’
1105 2389 1200 2419 codd.
1217 2399 1223 2419 :
1247 2387 1334 2419 τοῦθ’
1350 2388 1397 2419 ὅτι
1416 2387 1494 2426 Pap.
