<?xml version="1.0" encoding="UTF-8"?>
<!DOCTYPE html PUBLIC "-//W3C//DTD XHTML 1.0 Transitional//EN"
    "http://www.w3.org/TR/xhtml1/DTD/xhtml1-transitional.dtd">
<html xmlns="http://www.w3.org/1999/xhtml" xml:lang="en" lang="en">
 <head>
  <title>
</title>
<meta http-equiv="Content-Type" content="text/html;charset=utf-8" />
  <meta name='ocr-system' content='tesseract 3.04.00' />
  <meta name='ocr-capabilities' content='ocr_page ocr_carea ocr_par ocr_line ocrx_word'/>
</head>
<body>
  <div class='ocr_page' id='page_1' title='image "./orationesrecog03demouoft_0193.png"; bbox 0 0 1763 2778; ppageno 0'>
   <div class='ocr_carea' id='block_1_1' title="bbox 148 123 1624 183">
    <p class='ocr_par' dir='ltr' id='par_1_1' title="bbox 148 123 1624 183">
     <span class='ocr_line' id='line_1_1' title="bbox 148 123 1624 183; baseline 0.005 -22"><span class='ocrx_word' id='word_1_1' title='bbox 148 123 183 177; x_wconf 85' lang='lat' dir='ltr'>L]</span> <span class='ocrx_word' id='word_1_2' title='bbox 550 127 708 165; x_wconf 85' lang='grc' dir='ltr'>ΠΡΟΣ</span> <span class='ocrx_word' id='word_1_3' title='bbox 748 126 1092 165; x_wconf 71' lang='grc' dir='ltr'>ΠΟΛὙΚΛΕΑ</span> <span class='ocrx_word' id='word_1_4' title='bbox 1495 128 1624 183; x_wconf 85' lang='lat'>[1214]</span> 
     </span>
    </p>
   </div>
   <div class='ocr_carea' id='block_1_2' title="bbox 76 222 1617 2224">
    <p class='ocr_par' dir='ltr' id='par_1_2' title="bbox 76 222 1617 2224">
     <span class='ocr_line' id='line_1_2' title="bbox 147 222 1468 279; baseline -0.001 -13"><span class='ocrx_word' id='word_1_5' title='bbox 147 243 189 266; x_wconf 89' lang='grc' dir='ltr'>τε</span> <span class='ocrx_word' id='word_1_6' title='bbox 221 225 367 279; x_wconf 89' lang='grc' dir='ltr'>χρόνον</span> <span class='ocrx_word' id='word_1_7' title='bbox 398 222 590 275; x_wconf 78' lang='grc' dir='ltr'>ἐξήκοντά</span> <span class='ocrx_word' id='word_1_8' title='bbox 620 241 688 275; x_wconf 89' lang='grc' dir='ltr'>μοι</span> <span class='ocrx_word' id='word_1_9' title='bbox 721 225 791 274; x_wconf 87' lang='grc' dir='ltr'>τῆς</span> <span class='ocrx_word' id='word_1_10' title='bbox 818 225 1074 277; x_wconf 79' lang='grc' dir='ltr'>τριηραρχίας</span> <span class='ocrx_word' id='word_1_11' title='bbox 1108 225 1170 265; x_wconf 83' lang='grc' dir='ltr'>καὶ</span> <span class='ocrx_word' id='word_1_12' title='bbox 1195 224 1266 276; x_wconf 85' lang='grc' dir='ltr'>ἤδη</span> <span class='ocrx_word' id='word_1_13' title='bbox 1295 226 1468 277; x_wconf 84' lang='grc' dir='ltr'>ἐπιτριη-</span> 
     </span>
     <span class='ocr_line' id='line_1_3' title="bbox 145 290 1470 347; baseline -0.001 -15"><span class='ocrx_word' id='word_1_14' title='bbox 145 290 367 347; x_wconf 84' lang='grc' dir='ltr'>ραρχοῦντά</span> <span class='ocrx_word' id='word_1_15' title='bbox 390 309 452 343; x_wconf 84' lang='grc' dir='ltr'>με,</span> <span class='ocrx_word' id='word_1_16' title='bbox 478 291 726 344; x_wconf 80' lang='grc' dir='ltr'>παραλαβὼν</span> <span class='ocrx_word' id='word_1_17' title='bbox 753 291 915 332; x_wconf 93' lang='grc' dir='ltr'>Δεινίαν</span> <span class='ocrx_word' id='word_1_18' title='bbox 947 291 1017 332; x_wconf 86' lang='grc' dir='ltr'>τὸν</span> <span class='ocrx_word' id='word_1_19' title='bbox 1050 291 1245 342; x_wconf 80' lang='grc' dir='ltr'>κηδεστὴν</span> <span class='ocrx_word' id='word_1_20' title='bbox 1276 292 1346 333; x_wconf 84' lang='grc' dir='ltr'>τὸν</span> <span class='ocrx_word' id='word_1_21' title='bbox 1374 291 1470 343; x_wconf 84' lang='grc' dir='ltr'>ἐμὸν</span> 
     </span>
     <span class='ocr_line' id='line_1_4' title="bbox 146 358 1471 414; baseline 0.001 -14"><span class='ocrx_word' id='word_1_22' title='bbox 146 358 410 413; x_wconf 86' lang='grc' dir='ltr'>προσέρχεται</span> <span class='ocrx_word' id='word_1_23' title='bbox 443 359 546 414; x_wconf 78' lang='grc' dir='ltr'>αὐτῷ</span> <span class='ocrx_word' id='word_1_24' title='bbox 577 360 622 399; x_wconf 92' lang='grc' dir='ltr'>ἐν</span> <span class='ocrx_word' id='word_1_25' title='bbox 652 362 704 413; x_wconf 79' lang='grc' dir='ltr'>τῷ</span> <span class='ocrx_word' id='word_1_26' title='bbox 734 359 925 411; x_wconf 79' lang='grc' dir='ltr'><em>δείγματι,</em></span> <span class='ocrx_word' id='word_1_27' title='bbox 955 358 1033 399; x_wconf 69' lang='grc' dir='ltr'>καῖ’</span> <span class='ocrx_word' id='word_1_28' title='bbox 1052 358 1234 400; x_wconf 87' lang='grc' dir='ltr'>ἐκέλευεν</span> <span class='ocrx_word' id='word_1_29' title='bbox 1267 359 1386 400; x_wconf 86' lang='grc' dir='ltr'>αὐτὸν</span> <span class='ocrx_word' id='word_1_30' title='bbox 1420 359 1471 401; x_wconf 83' lang='grc' dir='ltr'>ὡς</span> 
     </span>
     <span class='ocr_line' id='line_1_5' title="bbox 146 425 1470 480; baseline 0 -14"><span class='ocrx_word' id='word_1_31' title='bbox 146 426 320 480; x_wconf 88' lang='grc' dir='ltr'>τάχιστα</span> <span class='ocrx_word' id='word_1_32' title='bbox 360 426 426 467; x_wconf 87' lang='grc' dir='ltr'>ἐπὶ</span> <span class='ocrx_word' id='word_1_33' title='bbox 471 425 541 476; x_wconf 81' lang='grc' dir='ltr'>τὴν</span> <span class='ocrx_word' id='word_1_34' title='bbox 588 429 684 466; x_wconf 91' lang='grc' dir='ltr'>ναῦν</span> <span class='ocrx_word' id='word_1_35' title='bbox 731 426 940 471; x_wconf 83' lang='grc' dir='ltr'>ἀποπλεῖν,</span> <span class='ocrx_word' id='word_1_36' title='bbox 985 425 1037 468; x_wconf 83' lang='grc' dir='ltr'>ὡς</span> <span class='ocrx_word' id='word_1_37' title='bbox 1078 430 1155 467; x_wconf 86' lang='grc' dir='ltr'>τῶν</span> <span class='ocrx_word' id='word_1_38' title='bbox 1197 425 1470 477; x_wconf 84' lang='grc' dir='ltr'>ἀναλωμάτων</span> 
     </span>
     <span class='ocr_line' id='line_1_6' title="bbox 107 492 1471 548; baseline 0 -15"><span class='ocrx_word' id='word_1_39' title='bbox 107 509 125 541; x_wconf 88' lang='lat'>5</span> <span class='ocrx_word' id='word_1_40' title='bbox 145 497 309 534; x_wconf 85' lang='grc' dir='ltr'>πολλῶν</span> <span class='ocrx_word' id='word_1_41' title='bbox 341 494 467 534; x_wconf 86' lang='grc' dir='ltr'>ὅντων</span> <span class='ocrx_word' id='word_1_42' title='bbox 499 493 523 533; x_wconf 71' lang='grc' dir='ltr'><strong><em>ἃ</em></strong></span> <span class='ocrx_word' id='word_1_43' title='bbox 555 492 641 532; x_wconf 85' lang='grc' dir='ltr'>καθ’</span> <span class='ocrx_word' id='word_1_44' title='bbox 671 492 820 545; x_wconf 84' lang='grc' dir='ltr'>ἡμέραν</span> <span class='ocrx_word' id='word_1_45' title='bbox 853 492 1025 543; x_wconf 84' lang='grc' dir='ltr'>ἑκάστην</span> <span class='ocrx_word' id='word_1_46' title='bbox 1057 493 1154 546; x_wconf 82' lang='grc' dir='ltr'>πρὸς</span> <span class='ocrx_word' id='word_1_47' title='bbox 1185 498 1238 548; x_wconf 81' lang='grc' dir='ltr'>τῷ</span> <span class='ocrx_word' id='word_1_48' title='bbox 1274 495 1378 546; x_wconf 80' lang='grc' dir='ltr'>παρὰ</span> <span class='ocrx_word' id='word_1_49' title='bbox 1403 497 1471 533; x_wconf 92' lang='grc' dir='ltr'>τοῦ</span> 
     </span>
     <span class='ocr_line' id='line_1_7' title="bbox 146 559 1467 616; baseline 0 -16"><span class='ocrx_word' id='word_1_50' title='bbox 146 563 370 612; x_wconf 84' lang='grc' dir='ltr'>στρατηγοῦ</span> <span class='ocrx_word' id='word_1_51' title='bbox 406 560 620 615; x_wconf 75' lang='grc' dir='ltr'>σιτηρεσίῳ</span> <span class='ocrx_word' id='word_1_52' title='bbox 656 561 711 601; x_wconf 84' lang='grc' dir='ltr'>εἷς</span> <span class='ocrx_word' id='word_1_53' title='bbox 746 561 818 610; x_wconf 80' lang='grc' dir='ltr'>τὴν</span> <span class='ocrx_word' id='word_1_54' title='bbox 852 564 948 601; x_wconf 89' lang='grc' dir='ltr'>ναῦν</span> <span class='ocrx_word' id='word_1_55' title='bbox 989 559 1177 616; x_wconf 78' lang='grc' dir='ltr'>διδομένῳ</span> <span class='ocrx_word' id='word_1_56' title='bbox 1214 561 1467 611; x_wconf 84' lang='grc' dir='ltr'>ἀνηλίσκετο,</span> 
     </span>
     <span class='ocr_line' id='line_1_8' title="bbox 144 626 1532 685; baseline 0.001 -18"><span class='ocrx_word' id='word_1_57' title='bbox 144 627 230 667; x_wconf 82' lang='grc' dir='ltr'>καθ’</span> <span class='ocrx_word' id='word_1_58' title='bbox 264 628 434 669; x_wconf 84' lang='grc' dir='ltr'>ἕκαστον</span> <span class='ocrx_word' id='word_1_59' title='bbox 466 627 569 682; x_wconf 80' lang='grc' dir='ltr'>αὐτῷ</span> <span class='ocrx_word' id='word_1_60' title='bbox 603 626 756 677; x_wconf 79' lang='grc' dir='ltr'>διεξιὼν</span> <span class='ocrx_word' id='word_1_61' title='bbox 784 627 875 669; x_wconf 83' lang='grc' dir='ltr'>τούς</span> <span class='ocrx_word' id='word_1_62' title='bbox 908 645 951 668; x_wconf 90' lang='grc' dir='ltr'>τε</span> <span class='ocrx_word' id='word_1_63' title='bbox 982 627 1149 679; x_wconf 84' lang='grc' dir='ltr'>μισθοὺς</span> <span class='ocrx_word' id='word_1_64' title='bbox 1179 627 1268 670; x_wconf 82' lang='grc' dir='ltr'>τοὺς</span> <span class='ocrx_word' id='word_1_65' title='bbox 1298 633 1346 685; x_wconf 84' lang='grc' dir='ltr'>τῇ</span> <span class='ocrx_word' id='word_1_66' title='bbox 1374 629 1470 678; x_wconf 85' lang='grc' dir='ltr'>ὑπη-</span> <span class='ocrx_word' id='word_1_67' title='bbox 1492 643 1532 679; x_wconf 84' lang='lat'>25</span> 
     </span>
     <span class='ocr_line' id='line_1_9' title="bbox 142 693 1471 749; baseline 0.001 -14"><span class='ocrx_word' id='word_1_68' title='bbox 142 696 260 749; x_wconf 69' lang='grc' dir='ltr'>ρεσίᾳ</span> <span class='ocrx_word' id='word_1_69' title='bbox 301 694 363 735; x_wconf 85' lang='grc' dir='ltr'>καὶ</span> <span class='ocrx_word' id='word_1_70' title='bbox 401 697 484 736; x_wconf 84' lang='grc' dir='ltr'>τοῖς</span> <span class='ocrx_word' id='word_1_71' title='bbox 522 693 730 745; x_wconf 81' lang='grc' dir='ltr'>ἐπιβάταις</span> <span class='ocrx_word' id='word_1_72' title='bbox 767 696 863 734; x_wconf 81' lang='grc' dir='ltr'>κατὰ</span> <span class='ocrx_word' id='word_1_73' title='bbox 897 697 1003 746; x_wconf 85' lang='grc' dir='ltr'>μῆνα</span> <span class='ocrx_word' id='word_1_74' title='bbox 1037 694 1276 746; x_wconf 83' lang='grc' dir='ltr'>διδομένους,</span> <span class='ocrx_word' id='word_1_75' title='bbox 1312 698 1393 736; x_wconf 87' lang='grc' dir='ltr'>τοῖς</span> <span class='ocrx_word' id='word_1_76' title='bbox 1428 711 1471 736; x_wconf 86' lang='grc' dir='ltr'>τε</span> 
     </span>
     <span class='ocr_line' id='line_1_10' title="bbox 143 760 1471 814; baseline -0.001 -11"><span class='ocrx_word' id='word_1_77' title='bbox 143 761 302 803; x_wconf 86' lang='grc' dir='ltr'>ναύταις</span> <span class='ocrx_word' id='word_1_78' title='bbox 337 760 404 803; x_wconf 79' lang='grc' dir='ltr'>οὓς</span> <span class='ocrx_word' id='word_1_79' title='bbox 433 760 550 803; x_wconf 84' lang='grc' dir='ltr'>αὐτὸς</span> <span class='ocrx_word' id='word_1_80' title='bbox 582 762 625 802; x_wconf 89' lang='grc' dir='ltr'>ἐκ</span> <span class='ocrx_word' id='word_1_81' title='bbox 655 763 725 812; x_wconf 84' lang='grc' dir='ltr'>τῆς</span> <span class='ocrx_word' id='word_1_82' title='bbox 752 761 976 814; x_wconf 77' lang='grc' dir='ltr'>Λαμψάκου</span> <span class='ocrx_word' id='word_1_83' title='bbox 1007 762 1273 813; x_wconf 85' lang='grc' dir='ltr'>ἐμισθώσατο,</span> <span class='ocrx_word' id='word_1_84' title='bbox 1303 762 1364 802; x_wconf 89' lang='grc' dir='ltr'>καὶ</span> <span class='ocrx_word' id='word_1_85' title='bbox 1390 766 1471 804; x_wconf 86' lang='grc' dir='ltr'>τοῖς</span> 
     </span>
     <span class='ocr_line' id='line_1_11' title="bbox 86 827 1471 880; baseline 0.003 -14"><span class='ocrx_word' id='word_1_86' title='bbox 86 845 123 866; x_wconf 78' lang='lat' dir='ltr'>xo</span> <span class='ocrx_word' id='word_1_87' title='bbox 142 829 311 880; x_wconf 80' lang='grc' dir='ltr'>ὕστερον</span> <span class='ocrx_word' id='word_1_88' title='bbox 340 829 569 880; x_wconf 80' lang='grc' dir='ltr'>ἐπεμβᾶσιν</span> <span class='ocrx_word' id='word_1_89' title='bbox 600 827 688 869; x_wconf 81' lang='grc' dir='ltr'>ἀντὶ</span> <span class='ocrx_word' id='word_1_90' title='bbox 724 832 801 869; x_wconf 90' lang='grc' dir='ltr'>τῶν</span> <span class='ocrx_word' id='word_1_91' title='bbox 836 829 1129 875; x_wconf 82' lang='grc' dir='ltr'>ἀπολιπόντων,</span> <span class='ocrx_word' id='word_1_92' title='bbox 1165 829 1223 870; x_wconf 79' lang='grc' dir='ltr'>ἔτι</span> <span class='ocrx_word' id='word_1_93' title='bbox 1259 832 1300 870; x_wconf 84' lang='grc' dir='ltr'>δὲ</span> <span class='ocrx_word' id='word_1_94' title='bbox 1337 828 1357 870; x_wconf 83' lang='grc' dir='ltr'><strong><em>ὃ</em></strong></span> <span class='ocrx_word' id='word_1_95' title='bbox 1393 833 1471 870; x_wconf 88' lang='grc' dir='ltr'>τῶν</span> 
     </span>
     <span class='ocr_line' id='line_1_12' title="bbox 142 894 1470 950; baseline 0 -15"><span class='ocrx_word' id='word_1_96' title='bbox 142 895 327 949; x_wconf 24' lang='grc' dir='ltr'>ἀρχαίων,</span> <span class='ocrx_word' id='word_1_97' title='bbox 350 899 501 937; x_wconf 83' lang='grc' dir='ltr'>ναυτῶν</span> <span class='ocrx_word' id='word_1_98' title='bbox 530 894 685 950; x_wconf 78' lang='grc' dir='ltr'>ἑκάστῳ</span> <span class='ocrx_word' id='word_1_99' title='bbox 715 895 942 948; x_wconf 83' lang='grc' dir='ltr'>προσέθηκα</span> <span class='ocrx_word' id='word_1_100' title='bbox 972 895 1163 946; x_wconf 86' lang='grc' dir='ltr'>δεηθέντι,</span> <span class='ocrx_word' id='word_1_101' title='bbox 1192 894 1325 948; x_wconf 86' lang='grc' dir='ltr'>ἐπειδή</span> <span class='ocrx_word' id='word_1_102' title='bbox 1357 913 1424 948; x_wconf 93' lang='grc' dir='ltr'>μοι</span> <span class='ocrx_word' id='word_1_103' title='bbox 1450 897 1470 935; x_wconf 91' lang='grc' dir='ltr'>ὁ</span> 
     </span>
     <span class='ocr_line' id='line_1_13' title="bbox 141 961 1470 1016; baseline 0 -13"><span class='ocrx_word' id='word_1_104' title='bbox 141 963 285 1016; x_wconf 85' lang='grc' dir='ltr'>χρόνος</span> <span class='ocrx_word' id='word_1_105' title='bbox 317 961 432 1013; x_wconf 79' lang='grc' dir='ltr'>ἐξῆκε</span> <span class='ocrx_word' id='word_1_106' title='bbox 461 964 533 1012; x_wconf 89' lang='grc' dir='ltr'>τῆς</span> <span class='ocrx_word' id='word_1_107' title='bbox 562 963 829 1016; x_wconf 78' lang='grc' dir='ltr'>τριηραρχίας,</span> <span class='ocrx_word' id='word_1_108' title='bbox 864 964 926 1003; x_wconf 83' lang='grc' dir='ltr'>καὶ</span> <span class='ocrx_word' id='word_1_109' title='bbox 959 963 1090 1003; x_wconf 77' lang='grc' dir='ltr'>τᾶλλα</span> <span class='ocrx_word' id='word_1_110' title='bbox 1122 964 1202 1004; x_wconf 86' lang='grc' dir='ltr'>ὅσα</span> <span class='ocrx_word' id='word_1_111' title='bbox 1232 962 1280 1014; x_wconf 82' lang='grc' dir='ltr'>ἧν</span> <span class='ocrx_word' id='word_1_112' title='bbox 1310 962 1357 1003; x_wconf 81' lang='grc' dir='ltr'>τὰ</span> <span class='ocrx_word' id='word_1_113' title='bbox 1384 962 1470 1003; x_wconf 88' lang='grc' dir='ltr'>καθ’</span> 
     </span>
     <span class='ocr_line' id='line_1_14' title="bbox 142 1028 1468 1082; baseline 0.002 -12"><span class='ocrx_word' id='word_1_114' title='bbox 142 1028 289 1082; x_wconf 87' lang='grc' dir='ltr'>ἡμέραν</span> <span class='ocrx_word' id='word_1_115' title='bbox 323 1029 495 1080; x_wconf 84' lang='grc' dir='ltr'>ἑκάστην</span> <span class='ocrx_word' id='word_1_116' title='bbox 531 1029 826 1081; x_wconf 86' lang='grc' dir='ltr'>ἀναλισκόμενα</span> <span class='ocrx_word' id='word_1_117' title='bbox 863 1031 918 1072; x_wconf 81' lang='grc' dir='ltr'>εἰς</span> <span class='ocrx_word' id='word_1_118' title='bbox 949 1029 1021 1080; x_wconf 76' lang='grc' dir='ltr'>τὴν</span> <span class='ocrx_word' id='word_1_119' title='bbox 1055 1034 1162 1077; x_wconf 85' lang='grc' dir='ltr'>ναῦν,</span> <span class='ocrx_word' id='word_1_120' title='bbox 1195 1029 1263 1070; x_wconf 81' lang='grc' dir='ltr'>οὐκ</span> <span class='ocrx_word' id='word_1_121' title='bbox 1298 1030 1468 1082; x_wconf 81' lang='grc' dir='ltr'>ἀπείρως</span> 
     </span>
     <span class='ocr_line' id='line_1_15' title="bbox 140 1095 1617 1153; baseline 0 -16"><span class='ocrx_word' id='word_1_122' title='bbox 140 1096 258 1150; x_wconf 79' lang='grc' dir='ltr'>ἔχων·</span> <span class='ocrx_word' id='word_1_123' title='bbox 296 1095 359 1137; x_wconf 81' lang='grc' dir='ltr'>διὰ</span> <span class='ocrx_word' id='word_1_124' title='bbox 391 1097 466 1149; x_wconf 78' lang='grc' dir='ltr'>γὰρ</span> <span class='ocrx_word' id='word_1_125' title='bbox 498 1097 649 1137; x_wconf 81' lang='grc' dir='ltr'>ἐκείνου</span> <span class='ocrx_word' id='word_1_126' title='bbox 682 1101 1119 1150; x_wconf 83' lang='grc' dir='ltr'>πεντηκονταρχοῦντος</span> <span class='ocrx_word' id='word_1_127' title='bbox 1155 1098 1218 1138; x_wconf 83' lang='grc' dir='ltr'>καὶ</span> <span class='ocrx_word' id='word_1_128' title='bbox 1254 1097 1467 1150; x_wconf 76' lang='grc' dir='ltr'>ἠγοράζετο</span> <span class='ocrx_word' id='word_1_129' title='bbox 1488 1099 1617 1153; x_wconf 76' lang='lat'><strong>[1215]</strong></span> 
     </span>
     <span class='ocr_line' id='line_1_16' title="bbox 82 1163 1532 1219; baseline 0.001 -15"><span class='ocrx_word' id='word_1_130' title='bbox 82 1179 117 1210; x_wconf 88' lang='lat'>15</span> <span class='ocrx_word' id='word_1_131' title='bbox 141 1164 202 1204; x_wconf 84' lang='grc' dir='ltr'>καὶ</span> <span class='ocrx_word' id='word_1_132' title='bbox 235 1164 486 1214; x_wconf 84' lang='grc' dir='ltr'>ἀνηλίσκετο.</span> <span class='ocrx_word' id='word_1_133' title='bbox 558 1164 620 1204; x_wconf 89' lang='grc' dir='ltr'>καὶ</span> <span class='ocrx_word' id='word_1_134' title='bbox 654 1163 743 1216; x_wconf 85' lang='grc' dir='ltr'>περὶ</span> <span class='ocrx_word' id='word_1_135' title='bbox 774 1167 853 1204; x_wconf 87' lang='grc' dir='ltr'>τῶν</span> <span class='ocrx_word' id='word_1_136' title='bbox 887 1168 1038 1204; x_wconf 86' lang='grc' dir='ltr'>σκευῶν</span> <span class='ocrx_word' id='word_1_137' title='bbox 1073 1165 1244 1217; x_wconf 82' lang='grc' dir='ltr'>ἔφραζεν</span> <span class='ocrx_word' id='word_1_138' title='bbox 1275 1164 1377 1219; x_wconf 80' lang='grc' dir='ltr'>αὐτῷ</span> <span class='ocrx_word' id='word_1_139' title='bbox 1409 1166 1468 1204; x_wconf 85' lang='grc' dir='ltr'>ὅτι</span> <span class='ocrx_word' id='word_1_140' title='bbox 1489 1172 1532 1205; x_wconf 82' lang='grc'>26</span> 
     </span>
     <span class='ocr_line' id='line_1_17' title="bbox 138 1227 1468 1284; baseline 0.001 -13"><span class='ocrx_word' id='word_1_141' title='bbox 138 1232 219 1271; x_wconf 80' lang='grc' dir='ltr'>ἴδια</span> <span class='ocrx_word' id='word_1_142' title='bbox 243 1231 375 1284; x_wconf 83' lang='grc' dir='ltr'>ἔχοιμι</span> <span class='ocrx_word' id='word_1_143' title='bbox 400 1231 463 1271; x_wconf 84' lang='grc' dir='ltr'>καὶ</span> <span class='ocrx_word' id='word_1_144' title='bbox 489 1231 681 1281; x_wconf 91' lang='grc' dir='ltr'>δημόσιον</span> <span class='ocrx_word' id='word_1_145' title='bbox 707 1229 833 1271; x_wconf 85' lang='grc' dir='ltr'>οὐδέν·</span> <span class='ocrx_word' id='word_1_146' title='bbox 874 1231 948 1272; x_wconf 70' lang='grc' dir='ltr'>’ὡς</span> <span class='ocrx_word' id='word_1_147' title='bbox 974 1230 1072 1278; x_wconf 73' lang='grc' dir='ltr'>οὖν’,</span> <span class='ocrx_word' id='word_1_148' title='bbox 1093 1232 1186 1284; x_wconf 83' lang='grc' dir='ltr'>ἔφη,</span> <span class='ocrx_word' id='word_1_149' title='bbox 1211 1234 1221 1250; x_wconf 93' lang='lat'><em>‘</em></span> <span class='ocrx_word' id='word_1_150' title='bbox 1237 1227 1289 1284; x_wconf 83' lang='grc' dir='ltr'>[ὴ]</span> <span class='ocrx_word' id='word_1_151' title='bbox 1316 1233 1468 1272; x_wconf 89' lang='grc' dir='ltr'>πείσων</span> 
     </span>
     <span class='ocr_line' id='line_1_18' title="bbox 140 1294 1467 1353; baseline 0 -15"><span class='ocrx_word' id='word_1_152' title='bbox 140 1299 291 1339; x_wconf 84' lang='grc' dir='ltr'>ἐκεῖνον</span> <span class='ocrx_word' id='word_1_153' title='bbox 320 1300 490 1344; x_wconf 89' lang='grc' dir='ltr'>διανοοῦ,</span> <span class='ocrx_word' id='word_1_154' title='bbox 524 1294 547 1348; x_wconf 83' lang='grc' dir='ltr'>ἢ</span> <span class='ocrx_word' id='word_1_155' title='bbox 582 1298 701 1348; x_wconf 82' lang='grc' dir='ltr'>σκεύη</span> <span class='ocrx_word' id='word_1_156' title='bbox 736 1297 842 1351; x_wconf 79' lang='grc' dir='ltr'>ἔχων</span> <span class='ocrx_word' id='word_1_157' title='bbox 875 1302 1007 1353; x_wconf 78' lang='grc' dir='ltr'>σαυτῷ</span> <span class='ocrx_word' id='word_1_158' title='bbox 1041 1298 1222 1340; x_wconf 86' lang='grc' dir='ltr'>ἀνάπλει.</span> <span class='ocrx_word' id='word_1_159' title='bbox 1294 1298 1401 1349; x_wconf 78' lang='grc' dir='ltr'>οἶμαι</span> <span class='ocrx_word' id='word_1_160' title='bbox 1425 1297 1467 1339; x_wconf 89' lang='grc' dir='ltr'>δέ</span> 
     </span>
     <span class='ocr_line' id='line_1_19' title="bbox 140 1363 1467 1418; baseline 0.002 -14"><span class='ocrx_word' id='word_1_161' title='bbox 140 1364 239 1412; x_wconf 80' lang='grc' dir='ltr'>σοι’,</span> <span class='ocrx_word' id='word_1_162' title='bbox 266 1365 358 1417; x_wconf 85' lang='grc' dir='ltr'>ἔφη,</span> <span class='ocrx_word' id='word_1_163' title='bbox 388 1367 398 1383; x_wconf 91' lang='lat'>‘</span> <span class='ocrx_word' id='word_1_164' title='bbox 418 1363 537 1406; x_wconf 83' lang='grc' dir='ltr'>αὐτὸν</span> <span class='ocrx_word' id='word_1_165' title='bbox 569 1364 683 1406; x_wconf 84' lang='grc' dir='ltr'>οὐδὲν</span> <span class='ocrx_word' id='word_1_166' title='bbox 713 1366 950 1406; x_wconf 86' lang='grc' dir='ltr'>διοίσεσθαι·</span> <span class='ocrx_word' id='word_1_167' title='bbox 989 1366 1147 1418; x_wconf 86' lang='grc' dir='ltr'>ὀφείλει</span> <span class='ocrx_word' id='word_1_168' title='bbox 1178 1365 1254 1418; x_wconf 82' lang='grc' dir='ltr'>γὰρ</span> <span class='ocrx_word' id='word_1_169' title='bbox 1284 1365 1467 1418; x_wconf 81' lang='grc' dir='ltr'>ἀργύριον</span> 
     </span>
     <span class='ocr_line' id='line_1_20' title="bbox 139 1430 1467 1484; baseline 0.001 -12"><span class='ocrx_word' id='word_1_170' title='bbox 139 1432 231 1479; x_wconf 83' lang='grc' dir='ltr'>ἐκεῖ,</span> <span class='ocrx_word' id='word_1_171' title='bbox 269 1431 290 1472; x_wconf 82' lang='grc' dir='ltr'><strong>ὃ</strong></span> <span class='ocrx_word' id='word_1_172' title='bbox 331 1434 516 1472; x_wconf 88' lang='grc' dir='ltr'>διαλῦσαι</span> <span class='ocrx_word' id='word_1_173' title='bbox 550 1430 800 1483; x_wconf 84' lang='grc' dir='ltr'>βουλήσεται</span> <span class='ocrx_word' id='word_1_174' title='bbox 838 1434 881 1473; x_wconf 86' lang='grc' dir='ltr'>ἐκ</span> <span class='ocrx_word' id='word_1_175' title='bbox 920 1435 987 1483; x_wconf 83' lang='grc' dir='ltr'>τῆς</span> <span class='ocrx_word' id='word_1_176' title='bbox 1023 1435 1133 1484; x_wconf 88' lang='grc' dir='ltr'>τιμῆς</span> <span class='ocrx_word' id='word_1_177' title='bbox 1171 1437 1250 1473; x_wconf 85' lang='grc' dir='ltr'>τῶν</span> <span class='ocrx_word' id='word_1_178' title='bbox 1287 1432 1467 1473; x_wconf 85' lang='grc' dir='ltr'>σκευῶν.’</span> 
     </span>
     <span class='ocr_line' id='line_1_21' title="bbox 77 1498 1468 1550; baseline 0 -10"><span class='ocrx_word' id='word_1_179' title='bbox 77 1517 118 1540; x_wconf 82' lang='lat'>20</span> <span class='ocrx_word' id='word_1_180' title='bbox 139 1498 311 1541; x_wconf 85' lang='grc' dir='ltr'>ἀκούσας</span> <span class='ocrx_word' id='word_1_181' title='bbox 335 1501 379 1541; x_wconf 78' lang='grc' dir='ltr'>δὲ</span> <span class='ocrx_word' id='word_1_182' title='bbox 395 1499 508 1541; x_wconf 80' lang='grc' dir='ltr'>οὗτος</span> <span class='ocrx_word' id='word_1_183' title='bbox 533 1502 654 1539; x_wconf 90' lang='grc' dir='ltr'>ταῦτα</span> <span class='ocrx_word' id='word_1_184' title='bbox 678 1502 748 1540; x_wconf 92' lang='grc' dir='ltr'>τοῦ</span> <span class='ocrx_word' id='word_1_185' title='bbox 779 1498 812 1539; x_wconf 88' lang='grc' dir='ltr'>τ’</span> <span class='ocrx_word' id='word_1_186' title='bbox 839 1498 1091 1550; x_wconf 80' lang='grc' dir='ltr'>Εὐκτήμονος</span> <span class='ocrx_word' id='word_1_187' title='bbox 1125 1501 1187 1540; x_wconf 85' lang='grc' dir='ltr'>καὶ</span> <span class='ocrx_word' id='word_1_188' title='bbox 1215 1503 1282 1540; x_wconf 90' lang='grc' dir='ltr'>τοῦ</span> <span class='ocrx_word' id='word_1_189' title='bbox 1308 1500 1468 1540; x_wconf 89' lang='grc' dir='ltr'>Δεινίου</span> 
     </span>
     <span class='ocr_line' id='line_1_22' title="bbox 137 1566 1467 1622; baseline 0 -16"><span class='ocrx_word' id='word_1_190' title='bbox 137 1569 205 1606; x_wconf 90' lang='grc' dir='ltr'>τοῦ</span> <span class='ocrx_word' id='word_1_191' title='bbox 241 1569 432 1617; x_wconf 88' lang='grc' dir='ltr'>κηδεστοῦ</span> <span class='ocrx_word' id='word_1_192' title='bbox 465 1569 533 1606; x_wconf 92' lang='grc' dir='ltr'>τοῦ</span> <span class='ocrx_word' id='word_1_193' title='bbox 569 1567 675 1617; x_wconf 86' lang='grc' dir='ltr'>ἐμοῦ,</span> <span class='ocrx_word' id='word_1_194' title='bbox 714 1566 803 1619; x_wconf 90' lang='grc' dir='ltr'>περὶ</span> <span class='ocrx_word' id='word_1_195' title='bbox 838 1569 911 1618; x_wconf 81' lang='grc' dir='ltr'>μὲν</span> <span class='ocrx_word' id='word_1_196' title='bbox 947 1568 1001 1607; x_wconf 81' lang='grc' dir='ltr'>ὧν</span> <span class='ocrx_word' id='word_1_197' title='bbox 1038 1566 1180 1619; x_wconf 81' lang='grc' dir='ltr'>ἔλεγον</span> <span class='ocrx_word' id='word_1_198' title='bbox 1216 1566 1318 1622; x_wconf 80' lang='grc' dir='ltr'>αὐτῷ</span> <span class='ocrx_word' id='word_1_199' title='bbox 1355 1566 1467 1607; x_wconf 82' lang='grc' dir='ltr'>οὐδὲν</span> 
     </span>
     <span class='ocr_line' id='line_1_23' title="bbox 137 1632 1467 1686; baseline 0.001 -13"><span class='ocrx_word' id='word_1_200' title='bbox 137 1633 267 1675; x_wconf 79' lang='grc' dir='ltr'>αὐτοῖς</span> <span class='ocrx_word' id='word_1_201' title='bbox 309 1633 572 1686; x_wconf 83' lang='grc' dir='ltr'>ἀποκρίνεται,</span> <span class='ocrx_word' id='word_1_202' title='bbox 618 1632 850 1686; x_wconf 82' lang='grc' dir='ltr'>γελάσαντα</span> <span class='ocrx_word' id='word_1_203' title='bbox 893 1636 934 1674; x_wconf 84' lang='grc' dir='ltr'>δὲ</span> <span class='ocrx_word' id='word_1_204' title='bbox 977 1634 1138 1686; x_wconf 77' lang='grc' dir='ltr'>ἔφασαν</span> <span class='ocrx_word' id='word_1_205' title='bbox 1181 1633 1300 1674; x_wconf 81' lang='grc' dir='ltr'>αὐτὸν</span> <span class='ocrx_word' id='word_1_206' title='bbox 1343 1635 1467 1674; x_wconf 85' lang='grc' dir='ltr'>εἰπεῖν</span> 
     </span>
     <span class='ocr_line' id='line_1_24' title="bbox 139 1699 1466 1753; baseline 0.002 -13"><span class='ocrx_word' id='word_1_207' title='bbox 139 1699 252 1752; x_wconf 71' lang='grc' dir='ltr'>’ἄρτι</span> <span class='ocrx_word' id='word_1_208' title='bbox 275 1704 346 1751; x_wconf 92' lang='grc' dir='ltr'>μῦς</span> <span class='ocrx_word' id='word_1_209' title='bbox 371 1701 508 1751; x_wconf 82' lang='grc' dir='ltr'>πίττης</span> <span class='ocrx_word' id='word_1_210' title='bbox 540 1701 711 1753; x_wconf 82' lang='grc' dir='ltr'>γεύεται·</span> <span class='ocrx_word' id='word_1_211' title='bbox 749 1701 944 1752; x_wconf 78' lang='grc' dir='ltr'>ἐβούλετο</span> <span class='ocrx_word' id='word_1_212' title='bbox 978 1703 1053 1753; x_wconf 79' lang='grc' dir='ltr'>γὰρ</span> <span class='ocrx_word' id='word_1_213' title='bbox 1086 1700 1297 1751; x_wconf 84' lang='grc' dir='ltr'>Ἀθηναῖος</span> <span class='ocrx_word' id='word_1_214' title='bbox 1326 1700 1427 1742; x_wconf 81' lang='grc' dir='ltr'>εἶναι</span> <span class='ocrx_word' id='word_1_215' title='bbox 1442 1699 1466 1742; x_wconf 72' lang='grc'>’.’</span> 
     </span>
     <span class='ocr_line' id='line_1_25' title="bbox 137 1766 1531 1818; baseline -0.003 -10"><span class='ocrx_word' id='word_1_216' title='bbox 137 1767 270 1818; x_wconf 83' lang='grc' dir='ltr'>ἐπειδὴ</span> <span class='ocrx_word' id='word_1_217' title='bbox 307 1767 438 1808; x_wconf 83' lang='grc' dir='ltr'>τοίνυν</span> <span class='ocrx_word' id='word_1_218' title='bbox 479 1771 547 1808; x_wconf 90' lang='grc' dir='ltr'>τοῦ</span> <span class='ocrx_word' id='word_1_219' title='bbox 583 1766 835 1818; x_wconf 84' lang='grc' dir='ltr'>Εὐκτήμονος</span> <span class='ocrx_word' id='word_1_220' title='bbox 879 1769 940 1808; x_wconf 86' lang='grc' dir='ltr'>καὶ</span> <span class='ocrx_word' id='word_1_221' title='bbox 980 1771 1051 1808; x_wconf 81' lang='grc' dir='ltr'>τοῦ</span> <span class='ocrx_word' id='word_1_222' title='bbox 1095 1769 1254 1808; x_wconf 89' lang='grc' dir='ltr'>Δεινίου</span> <span class='ocrx_word' id='word_1_223' title='bbox 1295 1768 1467 1809; x_wconf 85' lang='grc' dir='ltr'>ἀκούσας</span> <span class='ocrx_word' id='word_1_224' title='bbox 1487 1778 1531 1813; x_wconf 88' lang='lat'>27</span> 
     </span>
     <span class='ocr_line' id='line_1_26' title="bbox 76 1834 1465 1890; baseline -0.001 -16"><span class='ocrx_word' id='word_1_225' title='bbox 76 1847 115 1878; x_wconf 86' lang='lat'>25</span> <span class='ocrx_word' id='word_1_226' title='bbox 137 1834 251 1875; x_wconf 84' lang='grc' dir='ltr'>οὐδὲν</span> <span class='ocrx_word' id='word_1_227' title='bbox 276 1835 517 1887; x_wconf 75' lang='grc' dir='ltr'>ἐφρόντιζεν,</span> <span class='ocrx_word' id='word_1_228' title='bbox 544 1834 666 1875; x_wconf 87' lang='grc' dir='ltr'>πάλιν</span> <span class='ocrx_word' id='word_1_229' title='bbox 691 1835 793 1890; x_wconf 74' lang='grc' dir='ltr'>αὐτῷ</span> <span class='ocrx_word' id='word_1_230' title='bbox 816 1834 1112 1888; x_wconf 86' lang='grc' dir='ltr'>προσέρχονται</span> <span class='ocrx_word' id='word_1_231' title='bbox 1141 1836 1308 1887; x_wconf 81' lang='grc' dir='ltr'>ὕστερον</span> <span class='ocrx_word' id='word_1_232' title='bbox 1333 1835 1465 1875; x_wconf 87' lang='grc' dir='ltr'>Πυθό-</span> 
     </span>
     <span class='ocr_line' id='line_1_27' title="bbox 137 1901 1467 1955; baseline 0.001 -14"><span class='ocrx_word' id='word_1_233' title='bbox 137 1902 259 1954; x_wconf 89' lang='grc' dir='ltr'>δωρός</span> <span class='ocrx_word' id='word_1_234' title='bbox 284 1918 327 1943; x_wconf 91' lang='grc' dir='ltr'>τε</span> <span class='ocrx_word' id='word_1_235' title='bbox 350 1902 371 1941; x_wconf 89' lang='grc' dir='ltr'>ὁ</span> <span class='ocrx_word' id='word_1_236' title='bbox 396 1901 613 1955; x_wconf 86' lang='grc' dir='ltr'>Ἀχαρνεὺς</span> <span class='ocrx_word' id='word_1_237' title='bbox 641 1903 703 1943; x_wconf 86' lang='grc' dir='ltr'>καὶ</span> <span class='ocrx_word' id='word_1_238' title='bbox 730 1901 1036 1955; x_wconf 85' lang='grc' dir='ltr'>Ἀπολλόδωρος</span> <span class='ocrx_word' id='word_1_239' title='bbox 1063 1903 1084 1942; x_wconf 89' lang='grc' dir='ltr'>ὁ</span> <span class='ocrx_word' id='word_1_240' title='bbox 1108 1902 1362 1948; x_wconf 80' lang='grc' dir='ltr'>Λευκονοεύς,</span> <span class='ocrx_word' id='word_1_241' title='bbox 1385 1903 1467 1942; x_wconf 90' lang='grc' dir='ltr'>ἐπι-</span> 
     </span>
     <span class='ocr_line' id='line_1_28' title="bbox 136 1966 1467 2021; baseline 0 -13"><span class='ocrx_word' id='word_1_242' title='bbox 136 1966 284 2018; x_wconf 88' lang='grc' dir='ltr'>τήδειοι</span> <span class='ocrx_word' id='word_1_243' title='bbox 308 1970 419 2011; x_wconf 85' lang='grc' dir='ltr'>ὄντες</span> <span class='ocrx_word' id='word_1_244' title='bbox 444 1969 530 2020; x_wconf 86' lang='grc' dir='ltr'>ἐμοὶ</span> <span class='ocrx_word' id='word_1_245' title='bbox 556 1969 618 2009; x_wconf 85' lang='grc' dir='ltr'>καὶ</span> <span class='ocrx_word' id='word_1_246' title='bbox 644 1969 770 2021; x_wconf 90' lang='grc' dir='ltr'>φίλοι,</span> <span class='ocrx_word' id='word_1_247' title='bbox 800 1970 861 2009; x_wconf 86' lang='grc' dir='ltr'>καὶ</span> <span class='ocrx_word' id='word_1_248' title='bbox 888 1969 1072 2010; x_wconf 87' lang='grc' dir='ltr'>ἐκέλευον</span> <span class='ocrx_word' id='word_1_249' title='bbox 1096 1968 1215 2010; x_wconf 79' lang='grc' dir='ltr'>αὐτὸν</span> <span class='ocrx_word' id='word_1_250' title='bbox 1241 1969 1308 2009; x_wconf 86' lang='grc' dir='ltr'>ἐπί</span> <span class='ocrx_word' id='word_1_251' title='bbox 1329 1986 1371 2009; x_wconf 89' lang='grc' dir='ltr'>τε</span> <span class='ocrx_word' id='word_1_252' title='bbox 1396 1968 1467 2019; x_wconf 79' lang='grc' dir='ltr'>τὴν</span> 
     </span>
     <span class='ocr_line' id='line_1_29' title="bbox 137 2035 1466 2089; baseline 0 -14"><span class='ocrx_word' id='word_1_253' title='bbox 137 2038 232 2076; x_wconf 90' lang='grc' dir='ltr'>ναῦν</span> <span class='ocrx_word' id='word_1_254' title='bbox 274 2035 430 2076; x_wconf 86' lang='grc' dir='ltr'>ἀπιέναι</span> <span class='ocrx_word' id='word_1_255' title='bbox 473 2035 524 2078; x_wconf 83' lang='grc' dir='ltr'>ὡς</span> <span class='ocrx_word' id='word_1_256' title='bbox 568 2035 752 2089; x_wconf 90' lang='grc' dir='ltr'>διάδοχον</span> <span class='ocrx_word' id='word_1_257' title='bbox 794 2038 901 2082; x_wconf 82' lang='grc' dir='ltr'>ὄντα,</span> <span class='ocrx_word' id='word_1_258' title='bbox 948 2036 1010 2077; x_wconf 87' lang='grc' dir='ltr'>καὶ</span> <span class='ocrx_word' id='word_1_259' title='bbox 1058 2036 1147 2088; x_wconf 83' lang='grc' dir='ltr'>περὶ</span> <span class='ocrx_word' id='word_1_260' title='bbox 1193 2040 1271 2077; x_wconf 88' lang='grc' dir='ltr'>τῶν</span> <span class='ocrx_word' id='word_1_261' title='bbox 1314 2039 1466 2077; x_wconf 88' lang='grc' dir='ltr'>σκευῶν</span> 
     </span>
     <span class='ocr_line' id='line_1_30' title="bbox 137 2101 1529 2158; baseline -0.001 -16"><span class='ocrx_word' id='word_1_262' title='bbox 137 2101 309 2155; x_wconf 80' lang='grc' dir='ltr'>ἔφραζον</span> <span class='ocrx_word' id='word_1_263' title='bbox 334 2102 450 2158; x_wconf 80' lang='grc' dir='ltr'>αὐτῷ,</span> <span class='ocrx_word' id='word_1_264' title='bbox 470 2103 530 2143; x_wconf 89' lang='grc' dir='ltr'>ὅτι</span> <span class='ocrx_word' id='word_1_265' title='bbox 549 2104 628 2143; x_wconf 83' lang='grc' dir='ltr'>’ίδια</span> <span class='ocrx_word' id='word_1_266' title='bbox 644 2102 774 2156; x_wconf 83' lang='grc' dir='ltr'>ἔχοιμι</span> <span class='ocrx_word' id='word_1_267' title='bbox 790 2102 945 2143; x_wconf 81' lang='grc' dir='ltr'>ἅπαντα</span> <span class='ocrx_word' id='word_1_268' title='bbox 961 2105 1024 2144; x_wconf 80' lang='grc' dir='ltr'>καὶ</span> <span class='ocrx_word' id='word_1_269' title='bbox 1040 2104 1231 2155; x_wconf 89' lang='grc' dir='ltr'>δημόσιον</span> <span class='ocrx_word' id='word_1_270' title='bbox 1248 2103 1373 2144; x_wconf 87' lang='grc' dir='ltr'>οὐδέν·</span> <span class='ocrx_word' id='word_1_271' title='bbox 1413 2103 1466 2143; x_wconf 69' lang='grc' dir='ltr'>ἐἰ</span> <span class='ocrx_word' id='word_1_272' title='bbox 1486 2108 1529 2141; x_wconf 84' lang='grc'>28</span> 
     </span>
     <span class='ocr_line' id='line_1_31' title="bbox 78 2169 1465 2224; baseline 0.001 -15"><span class='ocrx_word' id='word_1_273' title='bbox 78 2188 117 2219; x_wconf 84' lang='lat'>30</span> <span class='ocrx_word' id='word_1_274' title='bbox 137 2171 208 2220; x_wconf 84' lang='grc' dir='ltr'>μὲν</span> <span class='ocrx_word' id='word_1_275' title='bbox 225 2169 294 2210; x_wconf 83' lang='grc' dir='ltr'>οῦν</span> <span class='ocrx_word' id='word_1_276' title='bbox 310 2170 474 2211; x_wconf 89' lang='grc' dir='ltr'>ἐκείνοις</span> <span class='ocrx_word' id='word_1_277' title='bbox 491 2169 643 2212; x_wconf 84' lang='grc' dir='ltr'>ἐθέλεις</span> <span class='ocrx_word' id='word_1_278' title='bbox 659 2172 846 2224; x_wconf 88' lang='grc' dir='ltr'>χρῆσθαι,</span> <span class='ocrx_word' id='word_1_279' title='bbox 857 2170 1066 2211; x_wconf 86' lang='grc' dir='ltr'>κατάλιπε’</span> <span class='ocrx_word' id='word_1_280' title='bbox 1082 2171 1241 2224; x_wconf 81' lang='grc' dir='ltr'>ἔφασαν</span> <span class='ocrx_word' id='word_1_281' title='bbox 1260 2170 1465 2223; x_wconf 50' lang='grc' dir='ltr'>(ἀργύριον</span> 
     </span>
    </p>
   </div>
   <div class='ocr_carea' id='block_1_3' title="bbox 140 2278 1464 2408">
    <p class='ocr_par' dir='ltr' id='par_1_3' title="bbox 140 2278 1464 2408">
     <span class='ocr_line' id='line_1_32' title="bbox 181 2278 1464 2322; baseline -0.002 -11"><span class='ocrx_word' id='word_1_282' title='bbox 181 2288 202 2317; x_wconf 89' lang='grc'>3</span> <span class='ocrx_word' id='word_1_283' title='bbox 228 2278 400 2311; x_wconf 78' lang='grc' dir='ltr'>ἐκέλευσεν</span> <span class='ocrx_word' id='word_1_284' title='bbox 417 2278 456 2310; x_wconf 80' lang='lat' dir='ltr'>Sl</span> <span class='ocrx_word' id='word_1_285' title='bbox 475 2279 511 2320; x_wconf 85' lang='grc' dir='ltr'>(σ</span> <span class='ocrx_word' id='word_1_286' title='bbox 526 2279 650 2310; x_wconf 76' lang='lat' dir='ltr'>lineola</span> <span class='ocrx_word' id='word_1_287' title='bbox 667 2278 795 2320; x_wconf 84' lang='lat' dir='ltr'>deleto)</span> <span class='ocrx_word' id='word_1_288' title='bbox 934 2288 954 2319; x_wconf 89' lang='lat'>5</span> <span class='ocrx_word' id='word_1_289' title='bbox 979 2279 1120 2318; x_wconf 82' lang='grc' dir='ltr'>ἑκάστην</span> <span class='ocrx_word' id='word_1_290' title='bbox 1137 2280 1256 2322; x_wconf 84' lang='grc' dir='ltr'>ἡμέραν</span> <span class='ocrx_word' id='word_1_291' title='bbox 1271 2280 1297 2311; x_wconf 89' lang='lat' dir='ltr'><strong>F</strong></span> <span class='ocrx_word' id='word_1_292' title='bbox 1313 2280 1342 2310; x_wconf 94' lang='lat' dir='ltr'>D</span> <span class='ocrx_word' id='word_1_293' title='bbox 1360 2279 1413 2310; x_wconf 83' lang='lat' dir='ltr'>hic</span> <span class='ocrx_word' id='word_1_294' title='bbox 1430 2283 1464 2310; x_wconf 83' lang='lat' dir='ltr'>et</span> 
     </span>
     <span class='ocr_line' id='line_1_33' title="bbox 140 2322 1462 2364; baseline 0.002 -12"><span class='ocrx_word' id='word_1_295' title='bbox 140 2324 156 2360; x_wconf 71' lang='grc' dir='ltr'><strong>ξ</strong></span> <span class='ocrx_word' id='word_1_296' title='bbox 175 2331 216 2362; x_wconf 85' lang='grc'>25</span> <span class='ocrx_word' id='word_1_297' title='bbox 323 2324 346 2353; x_wconf 88' lang='lat'><strong>6</strong></span> <span class='ocrx_word' id='word_1_298' title='bbox 369 2322 531 2363; x_wconf 74' lang='grc' dir='ltr'>διδομένου</span> <span class='ocrx_word' id='word_1_299' title='bbox 548 2323 573 2353; x_wconf 84' lang='lat' dir='ltr'>S</span> <span class='ocrx_word' id='word_1_300' title='bbox 713 2332 751 2354; x_wconf 88' lang='lat'>10</span> <span class='ocrx_word' id='word_1_301' title='bbox 775 2322 1014 2355; x_wconf 83' lang='grc' dir='ltr'>ἀπολειπόντων</span> <span class='ocrx_word' id='word_1_302' title='bbox 1030 2323 1055 2354; x_wconf 84' lang='lat' dir='ltr'>S</span> <span class='ocrx_word' id='word_1_303' title='bbox 1169 2334 1204 2354; x_wconf 88' lang='lat'>11</span> <span class='ocrx_word' id='word_1_304' title='bbox 1231 2338 1281 2364; x_wconf 88' lang='grc' dir='ltr'>μοι</span> <span class='ocrx_word' id='word_1_305' title='bbox 1299 2323 1404 2362; x_wconf 88' lang='lat' dir='ltr'>vulg.‚</span> <span class='ocrx_word' id='word_1_306' title='bbox 1421 2323 1462 2354; x_wconf 86' lang='lat' dir='ltr'>cf.</span> 
     </span>
     <span class='ocr_line' id='line_1_34' title="bbox 140 2365 1462 2408; baseline -0.001 -12"><span class='ocrx_word' id='word_1_307' title='bbox 140 2368 156 2403; x_wconf 59' lang='grc' dir='ltr'>ξ,</span> <span class='ocrx_word' id='word_1_308' title='bbox 175 2368 240 2404; x_wconf 84' lang='lat'>36:</span> <span class='ocrx_word' id='word_1_309' title='bbox 263 2379 323 2406; x_wconf 90' lang='grc' dir='ltr'>μου</span> <span class='ocrx_word' id='word_1_310' title='bbox 339 2365 365 2397; x_wconf 90' lang='lat' dir='ltr'>S</span> <span class='ocrx_word' id='word_1_311' title='bbox 471 2367 510 2396; x_wconf 91' lang='lat'>16</span> <span class='ocrx_word' id='word_1_312' title='bbox 534 2367 553 2405; x_wconf 83' lang='grc' dir='ltr'>ἢ</span> <span class='ocrx_word' id='word_1_313' title='bbox 569 2366 692 2397; x_wconf 85' lang='lat' dir='ltr'>seclusi</span> <span class='ocrx_word' id='word_1_314' title='bbox 797 2376 837 2405; x_wconf 88' lang='lat'>25</span> <span class='ocrx_word' id='word_1_315' title='bbox 863 2366 1032 2408; x_wconf 85' lang='grc' dir='ltr'>ἐφρόντισε</span> <span class='ocrx_word' id='word_1_316' title='bbox 1047 2366 1080 2396; x_wconf 88' lang='grc' dir='ltr'><strong>Α</strong></span> <span class='ocrx_word' id='word_1_317' title='bbox 1178 2368 1220 2397; x_wconf 84' lang='lat'>26</span> <span class='ocrx_word' id='word_1_318' title='bbox 1242 2381 1277 2399; x_wconf 80' lang='grc' dir='ltr'>τε</span> <span class='ocrx_word' id='word_1_319' title='bbox 1296 2369 1311 2398; x_wconf 86' lang='grc' dir='ltr'>ὁ</span> <span class='ocrx_word' id='word_1_320' title='bbox 1330 2366 1353 2397; x_wconf 85' lang='lat' dir='ltr'>S</span> <span class='ocrx_word' id='word_1_321' title='bbox 1366 2366 1396 2404; x_wconf 85' lang='lat' dir='ltr'>Q</span> <span class='ocrx_word' id='word_1_322' title='bbox 1410 2366 1462 2396; x_wconf 86' lang='lat' dir='ltr'>D:</span> 
     </span>
    </p>
   </div>
   <div class='ocr_carea' id='block_1_4' title="bbox 138 2409 1462 2494">
    <p class='ocr_par' dir='ltr' id='par_1_4' title="bbox 138 2409 1462 2494">
     <span class='ocr_line' id='line_1_35' title="bbox 139 2409 1462 2448; baseline 0.001 -8"><span class='ocrx_word' id='word_1_323' title='bbox 139 2411 155 2440; x_wconf 79' lang='grc' dir='ltr'><strong><em>ὖ</em></strong></span> <span class='ocrx_word' id='word_1_324' title='bbox 171 2423 208 2441; x_wconf 85' lang='grc' dir='ltr'>τε</span> <span class='ocrx_word' id='word_1_325' title='bbox 222 2409 268 2440; x_wconf 91' lang='lat' dir='ltr'>F:</span> <span class='ocrx_word' id='word_1_326' title='bbox 292 2423 329 2441; x_wconf 79' lang='grc' dir='ltr'>τε</span> <span class='ocrx_word' id='word_1_327' title='bbox 345 2409 379 2440; x_wconf 89' lang='grc' dir='ltr'><strong>Α</strong></span> <span class='ocrx_word' id='word_1_328' title='bbox 395 2438 397 2440; x_wconf 87' lang='grc'>,</span> <span class='ocrx_word' id='word_1_329' title='bbox 439 2411 455 2441; x_wconf 83' lang='grc' dir='ltr'><em>ὃ</em></span> <span class='ocrx_word' id='word_1_330' title='bbox 471 2415 551 2440; x_wconf 89' lang='lat' dir='ltr'><strong>ante</strong></span> <span class='ocrx_word' id='word_1_331' title='bbox 568 2410 758 2442; x_wconf 81' lang='grc' dir='ltr'>Λευκονοεύς</span> <span class='ocrx_word' id='word_1_332' title='bbox 775 2409 800 2441; x_wconf 88' lang='lat' dir='ltr'>S</span> <span class='ocrx_word' id='word_1_333' title='bbox 813 2410 843 2439; x_wconf 94' lang='lat' dir='ltr'>D</span> <span class='ocrx_word' id='word_1_334' title='bbox 857 2421 865 2441; x_wconf 69' lang='grc' dir='ltr'>ι</span> <span class='ocrx_word' id='word_1_335' title='bbox 890 2420 955 2441; x_wconf 88' lang='lat' dir='ltr'>om.</span> <span class='ocrx_word' id='word_1_336' title='bbox 974 2415 1054 2441; x_wconf 85' lang='lat' dir='ltr'><strong>cett.</strong></span> <span class='ocrx_word' id='word_1_337' title='bbox 1136 2419 1179 2448; x_wconf 84' lang='lat'>30</span> <span class='ocrx_word' id='word_1_338' title='bbox 1204 2411 1323 2443; x_wconf 80' lang='grc' dir='ltr'>ἐθέλεις</span> <span class='ocrx_word' id='word_1_339' title='bbox 1340 2410 1363 2440; x_wconf 85' lang='lat' dir='ltr'>S</span> <span class='ocrx_word' id='word_1_340' title='bbox 1377 2419 1462 2441; x_wconf 87' lang='lat' dir='ltr'>corr.</span> 
     </span>
     <span class='ocr_line' id='line_1_36' title="bbox 138 2451 1275 2494; baseline 0.003 -12"><span class='ocrx_word' id='word_1_341' title='bbox 138 2451 170 2482; x_wconf 92' lang='lat' dir='ltr'><strong>A</strong></span> <span class='ocrx_word' id='word_1_342' title='bbox 184 2453 212 2482; x_wconf 95' lang='lat' dir='ltr'>D</span> <span class='ocrx_word' id='word_1_343' title='bbox 229 2463 237 2483; x_wconf 72' lang='grc' dir='ltr'>ι</span> <span class='ocrx_word' id='word_1_344' title='bbox 262 2452 364 2486; x_wconf 85' lang='grc' dir='ltr'>θέλεις</span> <span class='ocrx_word' id='word_1_345' title='bbox 382 2451 419 2484; x_wconf 78' lang='lat'>51</span> <span class='ocrx_word' id='word_1_346' title='bbox 434 2462 444 2484; x_wconf 73' lang='grc' dir='ltr'>ἕ</span> <span class='ocrx_word' id='word_1_347' title='bbox 467 2453 554 2485; x_wconf 83' lang='grc' dir='ltr'>θέλει</span> <span class='ocrx_word' id='word_1_348' title='bbox 572 2453 598 2484; x_wconf 85' lang='lat' dir='ltr'>F</span> <span class='ocrx_word' id='word_1_349' title='bbox 611 2453 640 2491; x_wconf 82' lang='lat' dir='ltr'>Q</span> <span class='ocrx_word' id='word_1_350' title='bbox 735 2454 916 2494; x_wconf 84' lang='grc' dir='ltr'>χρήσασθαι</span> <span class='ocrx_word' id='word_1_351' title='bbox 932 2453 964 2483; x_wconf 88' lang='grc' dir='ltr'><strong>Α</strong></span> <span class='ocrx_word' id='word_1_352' title='bbox 1053 2453 1227 2485; x_wconf 80' lang='grc' dir='ltr'>κατάλειπε</span> <span class='ocrx_word' id='word_1_353' title='bbox 1244 2453 1275 2484; x_wconf 90' lang='grc' dir='ltr'>Α</span> 
     </span>
    </p>
   </div>
  </div>
 </body>
</html>
