1763 2778
181 122 258 178 ux]
599 128 758 165 ΚΑΤΑ
806 128 843 165 Ν
861 128 935 165 EA
948 129 961 164 I
974 128 1083 165 ΡΑΣ
1531 123 1674 178 [1360]

178 243 247 267 τον
267 227 401 279 ἀγῶνα
436 228 695 277 καταστῆσαι,
733 225 829 265 ὥστ’
857 225 1116 276 ἐξετασθῆναι
1147 227 1221 277 μὲν
1253 226 1398 277 ταύτην
1424 230 1508 278 ἥτις

179 294 305 339 ἐστίν,
333 292 620 347 ἐξελεγχθῆναι
642 295 688 335 δὲ
708 292 780 343 τὴν
804 293 923 333 αὐτοῦ
947 294 1150 345 πονηρίαν.

245 361 452 414 Λαχόντος
480 362 611 401 τοίνυν
646 360 748 414 αὐτῷ
781 364 850 400 τοῦ
884 361 1110 412 Φρυνίωνος
1145 359 1268 411 δίκην,
1300 361 1360 401 ὅτι
1393 359 1510 401 αὐτοῦ
1528 370 1572 407 45

177 427 370 480 ἀφείλετο
393 427 570 480 Νέαιραν
593 427 752 478 ταυτηνὶ
778 429 832 469 εἷς
852 428 1090 479 ἐλευθερίαν,
1115 428 1176 467 καὶ
1201 428 1273 474 ὅτι,
1293 428 1317 468 ἃ
1341 427 1509 479 ἐξῆλθεν

139 509 156 541 5
178 494 329 547 ἔχουσα
357 495 448 547 παρ’
473 494 592 535 αὐτοῦ
615 496 725 545 αὕτη,
750 493 980 544 ὑπεδέξατο,
1007 497 1184 547 συνῆγον
1201 494 1342 537 αὐτοὺς
1366 496 1403 536 οἱ
1422 496 1505 536 ἐπι-

176 560 323 612 τήδειοι
347 563 410 602 καὶ
430 561 594 603 ἔπεισαν
620 562 770 602 δίαιταν
792 561 1005 614 ἐπιτρέψαι
1028 563 1167 604 αὑτοῖς.
1230 562 1292 602 καὶ
1315 562 1412 614 ὑπὲρ
1436 564 1508 614 μὲν

175 632 246 669 τοῦ
269 630 495 681 Φρυνίωνος
520 629 718 680 διαιτητὴς
745 629 951 679 ἐκαθέζετο
985 628 1158 682 Σάτυρος
1181 627 1463 680 Ἀλωπεκῆθεν
1486 630 1508 669 ὁ

176 697 484 747 Λακεδαιμονίου
509 697 695 749 ἀδελφός,
723 698 820 748 ὑπὲρ
851 698 891 737 δὲ
925 695 1132 748 Στεφάνου
1162 697 1314 737 τουτουὶ
1339 697 1508 749 Σαυρίας

175 763 421 816 Λαμπτρεύς·
486 763 617 804 κοινὸν
655 766 698 805 δὲ
744 765 875 805 αὑτοῖς
915 767 1223 816 προσαιροῦνται
1272 765 1508 816 Διογείτονα

116 848 155 870 10
175 828 384 883 Ἀχαρνέα.
446 832 707 872 συνελθόντες
744 830 776 871 δ’
813 831 922 871 οὗτοι
954 832 997 871 ἐν
1032 835 1084 886 τῷ
1123 833 1225 886 ἱερῷ,
1265 831 1507 873 ἀκούσαντες
1526 834 1571 876 46

175 897 410 950 ἀμφοτέρων
446 899 507 939 καὶ
539 898 657 949 αὐτῆς
689 901 757 949 τῆς
788 898 995 951 ἀνθρώπου
1023 900 1073 938 τὰ
1100 898 1370 951 πεπραγμένα,
1402 898 1504 951 γνώ-

172 981 250 1015 μην
276 964 545 1018 ἆπεφήναντο,
582 965 645 1006 καὶ
668 966 774 1006 οὗτοι
802 965 1004 1017 ἐνέμειναν
1030 965 1138 1022 αὐτῇ,
1167 965 1237 1015 τὴν
1261 967 1333 1016 μὲν
1358 965 1506 1018 ἄνθρω-

173 1048 248 1072 πον
272 1032 484 1085 ἐλευθέραν
509 1033 609 1074 εἶναι
642 1033 705 1073 καὶ
735 1033 856 1083 αὐτὴν
889 1034 1008 1083 αὐτῆς
1042 1033 1189 1084 κυρίαν,
1218 1034 1242 1073 ἲι
1272 1032 1304 1071 δ’
1339 1032 1506 1083 ἐξῆλθεν

172 1098 323 1153 ἔχουσα
347 1099 500 1153 Νέαιρα
524 1102 630 1154 παρὰ
655 1101 881 1153 Φρυνίωνος
905 1100 1028 1153 χωρὶς
1053 1100 1215 1151 ἱματίων
1241 1099 1304 1140 καὶ
1327 1100 1505 1152 χρυσίων

115 1182 151 1214 15
174 1167 236 1207 καὶ
264 1170 523 1219 θεραπαινῶν,
555 1168 581 1209 ἃ
612 1168 709 1225 αὐτῇ
738 1173 785 1224 τῇ
814 1167 1006 1222 ἀνθρώπῳ
1038 1165 1259 1219 ἠγοράσθη,
1291 1167 1505 1207 ἀποδοῦναι

173 1236 370 1285 Φρυνίωνι
394 1233 536 1276 πάντα·
575 1239 754 1276 συνεῖναι
778 1233 812 1275 δ’
845 1234 1014 1289 ἑκατέρῳ
1041 1234 1190 1287 ἡμέραν
1215 1233 1308 1286 παρ’
1338 1233 1502 1286 ἡμέραν·

173 1300 242 1341 ἐὰν
267 1304 309 1343 δὲ
334 1302 396 1342 καὶ
422 1302 554 1344 ἄλλως
579 1320 661 1344 πως
687 1301 889 1353 ἀλλήλους
904 1303 1086 1348 πείθωσι,
1106 1305 1226 1342 ταῦτα
1253 1301 1365 1354 κύρια
1388 1300 1502 1342 εἶναι·

171 1369 220 1408 τὰ
245 1368 277 1408 δ’
304 1369 504 1421 ἐπιτήδεια
525 1375 574 1427 τῇ
598 1370 789 1425 ἀνθρώπῳ
814 1368 884 1410 τὸν
908 1369 1054 1423 ἔχοντα
1072 1369 1133 1409 ἀεὶ
1152 1368 1354 1422 παρέχειν,
1373 1369 1435 1409 καὶ
1461 1370 1503 1408 ἐκ

170 1439 239 1475 τοῦ
261 1440 404 1477 λοιποῦ
427 1437 572 1491 χρόνου
606 1439 751 1490 φίλους
778 1437 879 1478 εἶναι
911 1435 1106 1487 ἀλλήλοις
1132 1437 1194 1477 καὶ
1222 1436 1274 1487 μὴ
1307 1452 1499 1487 μνησικα-

112 1523 151 1544 20
172 1507 268 1543 κεῖν.
327 1504 350 1555 ἡ
386 1506 459 1555 μὲν
489 1504 557 1544 οὗν
590 1507 820 1557 γνωσθεῖσα
851 1503 1047 1556 διαλλαγὴ
1080 1503 1156 1544 ὑπὸ
1186 1507 1264 1544 τῶν
1295 1506 1503 1553 διαιτητῶν
1522 1512 1566 1546 47

171 1571 368 1622 Φρυνίωνι
392 1571 455 1612 καὶ
487 1570 682 1626 Στεφάνῳ
717 1571 806 1623 περὶ
843 1572 1017 1623 Νεαίρας
1046 1571 1213 1621 ταυτησὶ
1244 1571 1338 1620 αὕτη
1376 1572 1498 1610 ἐστίν.

170 1637 231 1677 ὅτι
255 1637 288 1677 δ’
313 1638 442 1689 ἀληθῆ
465 1638 574 1691 λέγω
605 1643 739 1684 ταῦτα,
767 1638 915 1678 τούτων
937 1639 1030 1688 ὑμῖν
1061 1637 1133 1688 τὴν
1163 1638 1380 1690 μαρτυρίαν
1403 1637 1499 1677 ἇνα-

170 1704 380 1756 γνώσεται.
442 1704 552 1746 κάλει
576 1723 642 1756 μοι
667 1705 842 1757 Σάτυρον
867 1704 1162 1756 Ἀλωπεκῆθεν,
1192 1706 1362 1757 Σαυρίαν
1389 1706 1499 1757 Λαμ-

170 1771 304 1824 πτρέα,
334 1773 570 1826 Διογείτονα
594 1772 806 1826 Ἀχαρνέα.

109 1907 147 1937 25
730 1910 941 1937 ΜΑΡΊὝΡΙΑ.
1525 1898 1663 1954 [1361]

223 1983 386 2033 Σάτυρος
410 1983 682 2032 Ἀλωπεκῆθεν,
706 1984 865 2032 Σαυρίας
890 1983 1124 2032 Λαμπτρεύς,
1147 1982 1350 2033 Διογείτων
1367 1979 1502 2031 Ἀχαρ-

168 2037 247 2077 νεὺς
283 2041 513 2088 μαρτυροῦσι
546 2037 745 2082 διαλλάξαι
779 2038 961 2086 διαιτηταὶ
994 2037 1185 2089 γενόμενοι
1223 2037 1306 2085 περὶ
1340 2036 1502 2084 Νεαίρας

166 2094 234 2141 τῆς
252 2093 329 2130 νυνὶ
349 2093 616 2144 ἀγωνιζομένης
636 2093 829 2141 Στέφανον
849 2092 909 2129 καὶ
928 2092 1125 2141 Φρυνίωνα·
1157 2093 1221 2130 τὰς
1237 2090 1275 2128 δὲ
1295 2090 1502 2141 διαλλαγὰς

170 2146 270 2194 εἶναι,
291 2147 372 2185 καθ’
392 2148 434 2187 ἃς
453 2147 668 2197 διήλλαξαν,
691 2148 769 2188 οἵας
787 2148 987 2198 παρέχεται
1007 2145 1306 2195 Ἀπολλόδωρος.

213 2259 228 2281 1
254 2254 458 2289 καταστῆσαι
474 2250 500 2281 F
515 2250 545 2289 Q
563 2261 570 2281 τ
595 2253 794 2289 καταστῆναι
812 2250 905 2281 SYr
917 2250 947 2280 D
1105 2259 1125 2278 2
1149 2247 1260 2289 αὐτοῦ]
1282 2248 1359 2278 Sine
1380 2247 1499 2286 spiritu

171 2293 194 2324 S
212 2304 219 2324 ε
244 2296 339 2326 αὑτοῦ
359 2294 468 2333 Turn,
489 2294 551 2325 sed
569 2296 665 2326 αὐτοῦ
687 2299 740 2325 est
757 2294 882 2334 ‘ipsius
897 2295 915 2331 ',
944 2293 985 2324 cf.
1010 2293 1111 2323 Isocr.
1134 2293 1191 2322 xix
1211 2302 1263 2331 44,
1285 2291 1390 2322 Thuc.
1410 2290 1419 2320 i
1444 2300 1495 2329 50y

169 2336 253 2369 Plat.
280 2337 415 2368 Phaedo
446 2338 544 2377 114E
697 2348 719 2377 9
741 2337 929 2379 Λαμπτρεύς
955 2336 1018 2367 Sl:
1050 2336 1216 2376 Λαμπρεύς
1242 2335 1266 2365 S
1294 2344 1379 2364 corr.
1407 2335 1497 2371 vulg.

168 2391 210 2410 20
225 2381 295 2421 οὖν]
317 2383 355 2420 δὴ
374 2381 496 2414 Fcorr.
516 2380 560 2420 Q¹
678 2391 719 2419 23
743 2380 914 2421 Λαμπτρέα
932 2379 969 2410 Sl
988 2392 995 2411 z
1018 2379 1169 2421 Λαμπρέα
1180 2378 1267 2417 vulg.
1290 2379 1342 2408 hic
1360 2382 1393 2407 et
1409 2377 1498 2406 simi-

168 2424 244 2454 liter
259 2424 346 2456 infra
476 2434 518 2465 29
543 2430 619 2465 post
636 2426 814 2465 διήλλαξαν
830 2425 906 2456 add.
925 2425 1038 2456 αὐτοὺς
1057 2423 1086 2453 Y
1100 2433 1116 2452 r
