1763 2778
125 481 143 512 5

107 821 144 843 10

104 1153 140 1183 15

103 1492 143 1514 20

104 1825 140 1855 25

169 90 269 145 Xle]
578 100 739 137 ΠΡΟΣ
785 99 1082 137 AEQXAPH

165 199 318 239 τουτουὶ
359 198 492 251 ἔγημε.
565 197 628 238 καὶ
667 197 817 238 οὐδέπω
861 197 931 248 τὴν
974 197 1113 238 οὐσίαν
1151 197 1348 249 ἐνέμοντο,
1399 200 1489 239 ἀλλ’

167 266 349 318 ἑκάτερος
374 266 478 319 ἔχων
502 266 550 305 τὰ
576 266 688 306 ἱκανὰ
713 266 733 304 6
756 267 828 317 μὲν
855 266 1095 315 Μειδυλίδης
1120 267 1162 306 ἐν
1185 266 1238 321 τῷ
1266 266 1380 306 ἄστει
1413 267 1488 307 διέ-

164 350 294 384 μενεν,
334 333 354 372 ὁ
390 334 431 373 δὲ
468 332 682 386 Ἀρχιάδης
717 334 761 372 ἐν
797 335 993 383 Σαλαμῖιί
1028 332 1128 387 ᾤκει.
1198 332 1242 373 οὐ
1279 334 1416 388 πολλῷ
1451 336 1492 375 δὲ

165 401 295 455 χρόνῳ
319 401 488 453 ὕστερον
513 400 733 450 ἀποδημίας
761 399 866 441 τινὸς
886 401 940 441 εἰς
958 399 1029 449 τὴν
1047 400 1258 453 ὑπερορίαν
1278 400 1492 452 συμβάσης

164 472 216 522 τῷ
256 467 473 524 Μειδυλίδῃ
513 467 565 522 τῷ
598 466 743 521 πάππῳ
790 468 843 522 τῷ
880 471 947 507 τοῦ
988 468 1145 519 πατρός,
1184 467 1447 519 ἠρρώστησεν
1472 469 1492 508 6

165 533 390 588 Ἀρχιάδης,
429 534 493 575 καὶ
527 539 692 589 τελευτᾷ
714 534 784 575 τὸν
818 535 913 586 βίον
950 535 1120 577 ἀπόντος
1153 538 1220 575 τοῦ
1251 535 1492 576 Μειδυλίδου

163 600 314 655 ἄγαμος
351 601 417 642 ὤν.
488 603 531 642 τί
561 602 699 642 τούτου
738 605 922 653 σημεῖον;
965 602 1233 654 λουτροφόρος
1269 602 1491 655 ἐφέστηκεν

164 667 227 709 ἐπὶ
251 670 302 724 τῷ
326 672 394 709 τοῦ
418 667 632 722 Ἀρχιάδου
664 667 795 724 τάφῳ.
864 670 906 709 ἐν
940 671 981 709 δὲ
1013 669 1135 723 τούτῳ
1162 669 1212 724 τῷ
1245 673 1361 724 καιρῷ
1389 670 1492 723 ἔχων

163 735 234 786 τὴν
264 738 335 786 τῆς
367 737 601 789 συγγενείας
633 738 704 786 τῆς
735 735 831 788 πρὸς
855 740 1050 789 γυναικῶν
1080 736 1288 789 πρόφασιν
1307 736 1489 789 Λεωκρά-

163 819 231 853 της
268 803 288 842 ὁ
320 804 473 844 τουτουὶ
509 802 636 855 πατὴρ
673 802 935 856 Λεωστράτου
972 805 1145 844 εἰσποιεῖ
1175 802 1293 845 αὑτὸν
1322 804 1405 845 υἱὸν
1437 804 1491 859 τῷ

162 869 367 928 Ἀρχιάδῃ,
409 870 471 911 καὶ
511 870 776 922 ἐνεβάτευσεν
814 871 934 913 οὕτως
971 872 1026 913 εἰς
1058 870 1129 921 τὴν
1166 870 1306 912 οὐσίαν
1341 871 1394 914 ὡς
1427 871 1491 912 ὑπ’

163 937 315 979 ἐκείνου
350 938 496 988 ζῶντος
522 937 584 980 ἔτι
613 939 869 988 εἰσποιηθείς.
941 938 1181 990 ἀφικόμενος
1215 940 1256 978 δὲ
1289 938 1310 978 ὁ
1347 941 1491 979 Μειδυ-

162 1005 275 1055 λίδης
298 1004 511 1057 ἠγανάκτει
546 1022 589 1046 τε
624 1006 677 1060 τῷ
712 1004 959 1060 γεγενημένῳ
999 1006 1060 1045 καὶ
1098 1006 1178 1047 οἷος
1215 1004 1264 1055 ἦν
1296 1004 1492 1056 ἐπεξιέναι

161 1072 214 1127 τῳ”
240 1072 476 1126 Λεωκράτει·
514 1073 731 1113 πειθόντων
755 1074 796 1113 δὲ
820 1077 898 1113 τῶν
924 1074 1077 1113 οἰκείων
1107 1072 1169 1112 καὶ
1201 1072 1397 1123 δεομένων
1424 1074 1492 1113 ἐᾶν

164 1140 206 1179 ἐν
251 1139 308 1195 τῷ
354 1141 446 1195 οἴκῳ
496 1139 595 1181 εἶναι
634 1143 703 1181 τὸν
749 1139 986 1192 Λεωκράτην
1035 1139 1118 1181 υἱὸν
1164 1140 1396 1190 εἰσποιητὸν
1437 1140 1490 1195 τῷ

162 1205 369 1263 Ἀρχιάδῃ,
413 1208 696 1261 συνεχώρησεν
738 1207 761 1247 ὁ
802 1208 1056 1258 Μειδυλίδης,
1104 1206 1179 1261 οὐχ
1226 1207 1406 1258 ἡττηθεὶς
1449 1208 1490 1248 ἐν

163 1275 412 1328 δικαστηρίῳ,
439 1275 545 1314 ἀλλὰ
569 1274 614 1315 τὸ
636 1276 710 1326 μὲν
734 1275 830 1314 ὅλον
849 1274 925 1315 ὑπὸ
943 1275 1094 1315 τούτων
1109 1275 1333 1325 ἀπατηθείς,
1356 1274 1492 1315 ἔπειτα

161 1339 297 1391 μέντοι
320 1341 384 1382 καὶ
407 1345 489 1384 τοῖς
514 1343 671 1384 οἰκείοις
698 1343 942 1393 πειθόμενος.
1014 1343 1076 1382 καὶ
1102 1343 1121 1381 ὁ
1151 1344 1223 1393 μὲν
1250 1343 1491 1392 Μειδυλίδης

162 1411 283 1448 ταῦτα
308 1407 460 1460 πράξας
482 1414 649 1464 τελευτᾷ
675 1409 746 1450 τὸν
769 1411 875 1461 βίον,
904 1410 925 1448 6
948 1411 990 1450 δὲ
1015 1408 1249 1461 Λεωκράτης
1279 1408 1386 1463 εἶχεν
1419 1408 1490 1460 τὴν

162 1479 230 1515 τοῦ
255 1475 471 1529 Ἀρχιάδου
506 1476 646 1517 οὐσίαν
685 1476 746 1516 καὶ
784 1477 1041 1528 ἐκληρονόμει
1079 1475 1213 1517 πολλὰ
1251 1476 1317 1527 ἕτη
1355 1476 1406 1517 ὡς
1443 1475 1490 1516 ἂν

163 1542 315 1583 ἐκείνου
346 1542 430 1585 υἱὸς
465 1544 638 1593 ποιητός·
692 1544 803 1594 ἡμεῖς
840 1546 881 1584 δὲ
917 1545 1021 1596 παρὰ
1056 1543 1101 1584 τὸ
1137 1543 1206 1584 τὸν
1244 1544 1490 1594 Μειδυλίδην

161 1613 282 1649 ταῦτα
308 1612 570 1663 συγχωρῆσαι
592 1610 764 1664 ἡσυχίαν
789 1612 963 1664 εἴχομεν.
1033 1609 1164 1665 χρόνῳ
1192 1610 1225 1651 δ’
1251 1611 1421 1662 ὕστερον
1444 1610 1490 1650 οὐ

162 1680 443 1731 πολλῷ-τοῖς
476 1678 552 1730 γὰρ
579 1679 678 1729 μετὰ
708 1680 830 1718 ταῦτα
858 1679 994 1730 λόγοις
1018 1677 1091 1729 ἤδη
1118 1678 1276 1730 σφόδρα
1306 1678 1374 1718 τὸν
1399 1681 1490 1718 νοῦν

162 1743 396 1798 προσέχετε,
417 1742 447 1784 ὦ
472 1744 608 1797 ἄνδρες
633 1746 828 1785 δικασταί·
866 1746 885 1784 ὁ
910 1747 986 1797 γέιρ
1010 1744 1243 1797 Λεωκράτης
1269 1745 1288 1783 ὁ
1315 1746 1491 1795 εἰσποιη-

161 1809 227 1852 τὸς
250 1812 465 1864 γενόμενος
486 1812 541 1867 τῷ
561 1811 767 1868 Ἀρχιάδῃ,
794 1812 1072 1864 ἐγκαταλιπὼν
1097 1812 1252 1853 τουτονὶ
1275 1812 1487 1864 Λεώστρα-

161 1893 231 1918 τον
265 1879 308 1919 ε’ν
343 1882 398 1934 τῷ
431 1879 526 1933 οἴκῳ
560 1878 643 1920 υἱὸν
680 1878 858 1932 γνήσιον,
898 1881 1123 1931 ἐπανῆλθεν
1157 1878 1273 1921 αὐτὸς
1310 1880 1365 1921 εἰς
1401 1878 1491 1920 τοὺς

161 1943 446 1993 Ἐλευσινίους,
490 1947 581 1987 ὅθεν
621 1945 668 1998 ἦν
715 1946 761 1988 τὸ
806 1946 852 1997 ἐξ
889 1948 1026 2000 ἀρχῆς.
1100 1947 1162 1988 καὶ
1202 1946 1283 1987 οὐδ’
1323 1948 1490 1986 ἐνταῦθα

161 2010 314 2053 οὐδέπω
347 2013 461 2065 ἡμεῖς
493 2013 607 2055 οὐδὲν
630 2018 710 2055 τῶν
733 2013 973 2066 πραγμάτων
999 2010 1112 2068 (τῶν)
1137 2014 1225 2066 περὶ
1249 2016 1318 2054 τὸν
1344 2015 1489 2065 κλῆρον

212 2131 225 2151 Ι
254 2123 400 2162 ἐνείματο
415 2122 447 2153 Α
545 2134 564 2153 2
589 2123 730 2163 διέμενεν
748 2124 774 2154 F
791 2134 900 2155 corn:
925 2123 1077 2163 διέμεινεν
1097 2122 1133 2153 F¹
1151 2123 1240 2162 vulg.
1346 2133 1365 2161 3
1391 2128 1489 2154 σαλα-

161 2178 243 2202 μεινι
262 2165 286 2196 S
377 2176 394 2205 7
409 2166 519 2207 (ἅπαις
531 2181 566 2199 τε
579 2167 646 2209 καὶ)
657 2168 777 2209 ἄγαμος
790 2168 923 2198 Dobree
1031 2178 1070 2198 10
1086 2168 1200 2200 τούτου
1212 2167 1243 2197 Α
1337 2177 1349 2196 1
1359 2176 1371 2196 1
1392 2168 1489 2198 οὕτως

162 2209 206 2240 εἷς
225 2209 249 2240 S
266 2210 355 2249 vulg.
373 2221 380 2241 :
406 2212 449 2243 εἰς
465 2210 497 2241 Α
633 2221 670 2249 13
694 2211 773 2252 οἷος]
792 2226 824 2244 ος
842 2211 865 2242 S
1003 2213 1040 2241 18
1063 2211 1229 2251 πιθόμενος
1251 2210 1349 2241 BlaSS
1438 2210 1489 2241 καὶ

161 2253 406 2285 ειηῑεὸοιῃ.Α
519 2254 887 2294 ὃμὲνΑεὸΞΡΩΙ)
1068 2265 1110 2285 20
1135 2254 1489 2287 &saucoddstazsaw

163 2294 262 2326 Blass
279 2296 355 2328 coll.
373 2300 388 2334 ξ
407 2307 450 2336 42
526 2300 567 2328 28
591 2298 726 2339 οὐδέπω]
746 2298 836 2330 οὐδέν
852 2312 900 2329 πω
918 2298 941 2329 S
959 2309 1025 2338 quo
1043 2304 1181 2337 recepto
1199 2298 1381 2336 insequens
1398 2296 1489 2327 οὐδὲν

162 2338 278 2370 delere
307 2341 420 2379 possis
527 2345 590 2373 τῶν
618 2342 810 2383 πραγμάτων
836 2343 934 2373 codd.
951 2354 958 2372 :
991 2346 1056 2374 τῶν
1081 2342 1157 2373 add.
1189 2341 1317 2371 Reiske
1334 2351 1340 2370 :
1374 2344 1489 2370 contra

160 2383 356 2424 πραγμάτων
372 2384 451 2415 secl.
472 2385 591 2424 Blass3
617 2385 677 2415 sed
694 2386 736 2416 cf.
757 2389 771 2423 ξ
792 2396 832 2425 45

1511 94 1655 150 [1086]

1515 211 1553 243 13

1516 693 1556 727 19

1511 1359 1556 1383 20

1511 1475 1652 1530 [1087]

1511 1762 1551 1787 21
