1742 2774
164 110 267 164 xmn]
504 114 664 153 ΠΡΟΣ
712 114 1139 154 ΜΑΚΑΡΤΑΤΟΝ
1513 119 1652 177 [1053]

165 213 325 255 εἰκότως
362 212 470 265 οἶμαι
505 214 542 253 οἳ
577 212 760 253 δικασταὶ
803 212 1110 264 ἐξηπατήθησαν
1144 215 1206 255 καὶ
1244 218 1496 258 ἐστασίασαν

165 279 360 331 ἀλλήλοις
386 280 448 321 καὶ
473 279 839 332 παρακρουσθέντες
863 279 939 321 ὑπὸ
971 283 1040 331 τῆς
1066 285 1315 333 παρασκευῆς
1341 284 1493 336 ἐψηφί-

167 348 276 398 ζοντο
311 347 335 388 ὅ
367 365 406 388 τι
437 347 577 400 ἔτυχεν
613 347 792 389 ἕκαστος.
866 348 927 388 καὶ
962 349 1002 388 αἱ
1028 350 1172 400 ’ψῆφοι
1208 351 1362 402 ὀλίγαις
1394 350 1495 392 πάνυ

166 413 351 467 ἐγένοντο
373 415 550 461 πλείους,
574 410 598 465 ἦ
629 415 759 466 τρισὶν
784 410 808 464 ἢ
838 413 1060 467 τέτταρσιν,
1088 417 1130 455 ἐν
1166 417 1220 472 τῷ
1252 418 1493 469 Θεοπόμπου

127 502 144 532 5
166 482 337 536 καδίσκῳ
362 478 386 531 ἦ
411 483 454 522 ἐν
478 484 530 536 τῷ
555 483 625 531 τῆς
649 481 844 534 γυναικός.

233 549 310 589 Καὶ
334 548 423 589 τότε
447 549 522 600 μὲν
545 551 677 594 ταῦτα,
697 546 726 588 ὦ
743 548 881 601 ἄνδρες
901 551 1094 597 δικασταί,
1117 550 1165 603 ἦν
1188 552 1236 591 τὰ
1255 551 1492 605 πραχθέντα.
1516 563 1555 590 11

165 615 299 666 ἐπειδὴ
325 615 359 656 δ’
383 615 521 656 οὑτοσὶ
545 616 567 656 ὁ
591 619 685 658 παῖς
705 614 864 669 ἐγένετο
892 617 954 656 καὶ
976 618 1102 658 ἐδόκει
1128 618 1258 671 καιρὸς
1290 619 1399 667 εἶναι,
1427 620 1494 661 οὐκ

163 682 365 735 ὀργισθεὶς
383 683 462 736 ἐγὼ
478 687 559 725 τοῖς
578 682 818 736 γενομένοις,
843 683 935 724 ἀλλ’
952 684 1166 736 ἡγούμενος
1185 687 1287 728 εἰκός
1303 703 1340 727 τι
1356 690 1494 728 παθεῖν

163 749 254 792 τοὺς
277 750 366 791 τότε
391 749 632 800 δικάζοντας,
663 749 880 803 εἰσήγαγον
898 752 953 793 εἰς
977 751 1066 794 τοὺς
1094 752 1289 805 φράτερας
1314 754 1402 796 τοὺς
1426 758 1494 795 τοῦ

107 835 146 857 10
162 816 325 870 ‘Ayvt'ov
345 817 572 874 Εὐβουλίδῃ
593 821 661 858 τὸν
686 820 805 858 παῖδα
831 819 998 865 τουτονί,
1026 820 1068 859 ἐκ
1094 822 1162 870 τῆς
1188 821 1376 873 θυγατρὸς
1401 823 1494 862 ὄντα

164 886 231 935 τῆς
269 885 432 931 ἐκείνου,
467 886 532 925 ἵνα
558 883 611 935 μὴ
650 882 878 942 ἐξερημωθῇ
915 886 935 924 ὁ
971 886 1088 929 οἶκος.
1161 888 1306 930 ἐκεῖνος
1339 888 1426 941 γάρ,
1464 887 1493 928 ὦ
1518 901 1557 926 12

165 951 303 1004 ἄνδρες
326 953 522 999 δικασταί,
545 953 564 991 ὁ
592 951 854 1003 Εὐβουλίδης,
883 953 902 991 ὁ
927 954 982 1008 τῷ
1005 952 1146 1008 Ἄγνίςι
1170 954 1277 1007 γένει
1302 954 1355 996 ὣν
1379 958 1492 1009 ἐγγυ-

164 1018 279 1068 τάτω,
306 1017 485 1071 μάλιστα
511 1021 584 1071 μὲν
619 1019 764 1074 ηὔχετο
795 1023 876 1061 τοῖς
914 1023 1016 1063 θεοῖς
1044 1021 1129 1062 υἱὸν
1162 1022 1263 1077 αὐτῷ
1293 1022 1492 1075 γενέσθαι,

165 1087 301 1140 ὥσπερ
342 1087 404 1127 καὶ
438 1087 461 1138 ἡ
500 1086 671 1140 θυγάτηρ
706 1087 730 1138 ἡ
768 1087 920 1128 τουτουὶ
955 1086 1081 1141 μήτηρ
1118 1092 1185 1129 τοῦ
1221 1092 1357 1131 παιδὸς
1393 1089 1492 1144 αὐτῷ

107 1173 144 1205 15
165 1153 337 1207 ἐγένετο·
380 1153 514 1205 ἐπειδὴ
547 1156 591 1196 δὲ
619 1154 758 1195 τούτου
789 1153 983 1208 ἀπέτυχεν
1018 1156 1082 1196 καὶ
1111 1156 1179 1196 οὐκ
1216 1155 1371 1208 ἐγένετο
1405 1161 1494 1197 παῖς

165 1220 288 1273 ἄρρην
312 1221 413 1277 αὐτῷ
439 1221 526 1262 οὐδὲ
552 1222 619 1268 εἶς,
645 1223 745 1273 μετὰ
764 1221 869 1262 ταῦτ’
885 1222 956 1273 ἤδη
977 1223 1217 1273 ἐσπούδαζεν
1233 1224 1337 1266 ὅπως
1362 1226 1403 1264 ἐκ
1426 1226 1494 1274 τῆς

167 1288 358 1341 θυγατρὸς
381 1290 591 1347 εἰσποιηθῇ
617 1290 720 1344 αὐτῷ
753 1289 835 1331 υἱὸς
869 1290 924 1332 εἰς
949 1289 1017 1331 τὸν
1043 1290 1149 1331 οἶκον
1174 1290 1241 1331 τὸν
1272 1293 1407 1332 ἑαυτοῦ
1433 1291 1493 1331 καὶ

166 1355 236 1396 τὸν
259 1355 432 1408 (Αγνίου,
469 1356 530 1396 καὶ
566 1358 620 1398 εἰς
650 1357 741 1399 τοὺς
773 1355 971 1409 φράτερας
1003 1359 1173 1415 εἰσαχθῇ
1205 1358 1295 1400 τοὺς
1331 1358 1490 1404 ἐκείνου,

165 1422 392 1475 ἡγούμενος,
432 1421 462 1464 ὦ
498 1423 636 1476 ἄνδρες
672 1424 868 1470 δικασταί,
907 1425 950 1464 ἐκ
985 1428 1062 1465 τῶν
1095 1426 1321 1466 ὑπολοίπων
1356 1429 1493 1466 τοῦτον

106 1510 148 1531 20
167 1490 267 1531 εἶναι
291 1493 414 1546 ἑαυτῷ
430 1491 684 1538 οἰκειότατον,
705 1492 767 1532 καὶ
795 1492 917 1534 οὕτως
937 1491 984 1532 ἂν
1002 1491 1179 1543 μάλιστα
1203 1495 1271 1533 τὸν
1296 1492 1402 1533 οἶκον
1427 1492 1493 1533 τὸν

167 1560 314 1599 ἑαυτῶν
351 1556 611 1614 διασῴζεσθαι
650 1558 712 1598 καὶ
748 1558 817 1599 οὐκ
856 1557 905 1600 ἂν
943 1558 1243 1611 ἐξερημωθῆναι.
1318 1560 1378 1599 καὶ
1417 1560 1492 1613 ἐγὼ
1517 1574 1556 1609 13

166 1628 288 1666 ταῦτα
318 1625 548 1678 ὑπηρέτησα
579 1625 694 1680 αὐτῷ,
727 1627 747 1665 ὁ
779 1625 849 1676 τὴν
889 1626 1138 1677 Εὐβουλίδου
1167 1626 1358 1679 θυγατέρα
1389 1626 1494 1680 ἔχων

167 1692 496 1744 ἐπιδικασάμενος
529 1693 580 1736 ὡς
609 1692 717 1745 γένει
751 1691 804 1733 ὢν
833 1692 1047 1746 ἐγγυτάτω,
1084 1694 1145 1734 καὶ
1178 1693 1390 1747 εἰσήγαγον
1424 1693 1493 1734 τὸν

167 1763 288 1801 παῖδα
319 1760 476 1802 τουτονὶ
505 1762 558 1803 εἰς
590 1759 680 1803 τοὺς
709 1759 868 1813 Ἃγνίου
900 1762 963 1802 καὶ
999 1761 1246 1812 Εὐβουλίδου
1283 1760 1491 1813 φράτερας,
1514 1761 1651 1817 [1054]

108 1846 145 1877 25
165 1826 252 1878 μεθ’
276 1828 330 1868 ὧν
361 1827 422 1868 καὶ
454 1828 695 1879 Θεόπομπος
725 1828 745 1867 ὁ
773 1829 926 1869 τουτουὶ
962 1827 1088 1880 πατὴρ
1117 1827 1388 1880 Μακαρτάτου,
1421 1828 1493 1870 ἕως

166 1893 246 1945 ἔζη,
273 1894 480 1948 ἐφράτριζε
506 1895 569 1936 καὶ
589 1894 702 1935 αὐτὸς
723 1894 847 1936 οὗτος.
920 1896 981 1936 καὶ
1009 1897 1045 1936 οἱ
1076 1894 1278 1948 φράτερες,
1305 1892 1334 1935 ὦ
1360 1895 1493 1947 ἄνδρες
1517 1908 1558 1941 14

168 1963 362 2009 δικασταί,
381 1963 417 2003 οἱ
436 1962 589 2003 τουτουὶ
615 1961 893 2014 Μακαρτάτου,
923 1964 960 2002 οἱ
987 1962 1130 2014 ἄριστα
1156 1963 1296 2004 εἰδότες
1317 1962 1403 2015 περὶ
1427 1965 1494 2002 τοῦ

167 2028 319 2082 γένους,
345 2029 510 2082 ὁρῶντες
544 2027 661 2070 αὐτὸν
689 2030 762 2079 μὲν
797 2033 937 2069 τοῦτον
970 2030 1014 2070 οὐ
1048 2028 1230 2070 ’θέλοντα
1262 2029 1493 2070 κινδυνεύειν

215 2149 235 2169 2
260 2140 293 2170 ἐν
309 2137 467 2177 ἀλλήλοις
483 2137 514 2167 Α
645 2147 665 2175 3
690 2137 706 2168 ὅ
722 2151 754 2168 τι
772 2136 867 2177 τύχοι
883 2136 914 2166 Α
1004 2137 1130 2177 ὀλίγαις
1148 2137 1187 2168 S¹
1204 2138 1292 2177 vulg.
1312 2150 1319 2169 :
1344 2139 1449 2178 ὀλίγαι
1469 2137 1493 2169 S

168 2191 251 2212 corr.
273 2181 304 2212 A
434 2192 454 2220 4
477 2182 496 2219 ἢ
513 2185 592 2211 ante
609 2181 713 2221 τρίσιν
729 2191 795 2210 om.
814 2181 855 2219 A,
876 2181 941 2210 del.
964 2179 1099 2219 Naber;
1125 2182 1185 2211 sed
1203 2182 1243 2213 cs.
1262 2181 1319 2212 Ar.
1339 2182 1419 2212 Ran.
1440 2191 1491 2220 50,

169 2225 249 2265 LyS.
266 2227 331 2264 360
460 2235 481 2264 9
498 2229 531 2253 et
548 2234 589 2262 23
614 2224 745 2263 εἷο-’ἦγον
762 2223 793 2253 Α
931 2233 969 2252 10
997 2225 1173 2265 Εὐβουλίδῃ
1196 2224 1329 2255 Dobree
1345 2237 1351 2255 2
1377 2227 1494 2260 Εὐβου-

168 2270 262 2307 λίδην
288 2269 385 2298 codd.
491 2266 568 2299 ὄντα
593 2266 625 2296 Α
649 2266 679 2305 Q
696 2280 746 2307 γρ.
765 2277 771 2296 :
807 2276 871 2296 om.
893 2266 952 2296 SF
967 2266 1011 2304 Q¹
1148 2277 1185 2305 13
1214 2270 1346 2307 εὔχεται
1372 2268 1395 2298 S
1411 2268 1449 2298 ΓΙ
1464 2268 1493 2306 Q

171 2313 276 2351 15—16
299 2312 395 2353 ἄρρην
411 2313 483 2342 παῖς
499 2310 531 2340 Α
622 2310 661 2340 18
677 2311 734 2342 τὸν
749 2309 837 2350 ‘A7.]
857 2312 912 2340 τοῦ
930 2311 998 2348 Ἀ’γ.
1019 2310 1044 2339 F
1138 2321 1176 2349 19
1194 2314 1311 2343 τοῦτον
1327 2312 1357 2341 Α
1376 2322 1382 2340 1
1398 2313 1495 2342 τοῦτο

168 2360 246 2387 cett.
323 2365 364 2385 22
383 2356 584 2394 ὕπεηρετησα
597 2353 622 2384 S
710 2363 750 2392 23
769 2355 807 2385 ὣς
820 2352 906 2393 ’γένει
921 2353 944 2383 S
962 2353 986 2382 F
1000 2352 1029 2390 Q
1046 2353 1075 2382 D
1089 2363 1097 2383 ε
1120 2354 1207 2393 ’γένει
1220 2354 1251 2384 A
1341 2356 1382 2384 26
1402 2354 1496 2394 ἐφρά-

167 2398 252 2441 τριζε
271 2397 328 2472 Q:
352 2397 519 2440 ἐφατρίαζε
537 2402 617 2428 cett.
709 2407 749 2435 27
777 2397 805 2428 οἵ
823 2401 902 2427 ante
919 2398 1046 2428 τουτουὶ
1063 2407 1128 2428 om.
1149 2398 1179 2426 A
1290 2399 1331 2428 28
1357 2399 1411 2429 οὐκ
1430 2396 1496 2428 ἐθέ-

169 2449 271 2475 λοντα
