1763 2778
133 113 274 170 [1444]

727 117 1214 156 ΔΗΝῘΟΣΘΕΝΟΎΣ

926 218 995 255 ΛΕ

359 300 470 342 ’Έδει
495 300 580 352 μέν,
608 299 637 341 ὦ
667 300 805 353 ἄνδρες
831 300 1049 350 Ἀθηναῖοι,
1079 300 1140 340 καὶ
1169 301 1318 340 δίκαιον
1344 298 1390 349 ἦν
1415 299 1504 340 τότε
1537 300 1622 340 πεί-

297 372 380 409 θειν
404 370 500 419 ὑμᾶς
528 369 549 408 ὅ
573 385 610 408 τι
634 367 798 419 ἄριστον
823 367 991 408 ἕκαστος
1023 367 1171 418 ἡγεῖτο,
1199 365 1255 406 ὅτ’
1281 367 1548 417 ἐβουλεύεσθε
1579 365 1625 406 τὸ

297 440 452 487 πρῶτον
483 435 569 486 περὶ
601 434 762 480 τούτων,
790 435 854 474 ἵνα
883 434 935 485 μὴ
966 433 1202 484 συνέβαινεν
1236 434 1260 474 ἃ
1293 433 1338 483 δὴ
1369 434 1437 474 δύο
1467 433 1625 474 πάντων

297 503 408 542 ἐστὶν
428 501 773 542 ἀλυσιτελέστατα
789 507 836 558 τῇ
855 502 983 548 πόλει,
1005 500 1103 552 μήτε
1129 501 1248 552 πέρας
1273 502 1395 552 μηδὲν
1421 500 1528 553 εἶχεν
1547 503 1625 540 τῶν
1646 518 1663 550 5

296 570 387 620 ὑμῖν
424 568 634 620 δόξαντων,
679 568 894 620 παρανοίας
934 567 968 607 θ’
1005 569 1114 618 ὑμεῖς
1153 566 1484 620 κατεγιγνώσκεθ’
1517 568 1625 618 ὑμῶν

299 636 426 677 αὐτῶν
451 636 847 687 μεταβουλευόμενοι.
910 634 1041 685 ἐπειδὴ
1069 637 1109 674 δὲ
1141 633 1418 684 σιωπήσαντες
1442 635 1531 675 τότε
1556 637 1626 675 νῦν

261 720 280 744 2
301 705 513 754 ἐπιτιμῶσί
535 720 650 750 τινες,
677 704 878 753 βούλομαι
903 704 1020 755 μικρὰ
1045 705 1142 754 πρὸς
1167 702 1306 744 αὐτοὺς
1339 702 1476 741 εἰπεῖν.
1547 702 1626 754 ἐγὼ

302 770 376 823 γὰρ
402 769 581 822 θαυμάζω
606 769 675 811 τὸν
700 770 848 822 τρόπον
871 772 939 820 τῆς
964 770 1166 811 πολιτείας
1190 771 1258 819 τῆς
1283 768 1444 814 τούτων,
1470 771 1627 819 μᾶλλον

303 837 334 878 δ’
366 837 534 890 ἡγοῦμαι
560 841 726 890 φαῦλον.
811 838 844 878 εἰ
868 838 944 889 γὰρ
970 836 1061 888 ἐξὸν
1086 839 1292 889 παραινεῖν
1317 837 1411 876 ὅταν
1437 837 1625 886 σκοπῆτε,

301 904 636 956 βεβουλευμένων
667 908 898 957 κατηγορεῖν
940 906 1151 956 αἱροῦνται,
1197 906 1458 955 συκοφαντῶν
1497 903 1625 955 ἔργον,

302 971 387 1026 οὐχ,
408 972 458 1014 ὡς
478 973 617 1025 φασίν,
636 972 757 1012 εὔνων
774 975 957 1012 ποιοῦσιν
977 971 1205 1023 ἀνθρώπων.
1259 970 1382 1021 ἡδέως
1407 969 1439 1015 δ’
1463 968 1510 1010 ἂν
1526 971 1627 1021 ἐροί-

300 1056 377 1090 μην
410 1039 549 1081 αὗτούς
580 1038 658 1089 (καὶ
690 1041 879 1089 μηδεμιᾶς
911 1040 1110 1091 λοιδορίας
1140 1037 1160 1078 ὃ
1192 1037 1328 1089 μέλλω
1357 1037 1491 1090 λέγειν
1524 1036 1626 1090 ἀρχὴ

300 1104 494 1160 γενέσθω)
519 1107 560 1147 τί
582 1106 626 1156 δὴ
652 1105 767 1146 τᾶλλ’
789 1107 1039 1147 ἐπαινοῦντες
1060 1105 1403 1155 Λακεδαιμονίους,
1424 1103 1444 1144 ὃ
1462 1103 1628 1155 μάλιστ’

299 1173 411 1225 ἄξιόν
437 1175 549 1214 ἐστιν
573 1177 650 1214 τῶν
675 1172 765 1225 παρ’
791 1174 955 1215 ἐκείνοις
986 1172 1172 1226 ἄγασθαι,
1200 1171 1303 1212 τοῦτ’
1330 1172 1374 1212 οὐ
1404 1175 1625 1223 μιμοῦνται,

261 1252 279 1286 3
300 1243 456 1292 μᾶλλον
486 1240 521 1280 δ’
553 1240 647 1281 αὐτὸ
679 1240 907 1281 τούναντίον
941 1244 1143 1287 ποιοῦσιν,·
1182 1240 1286 1292 φασὶ
1318 1238 1405 1292 γάρ,
1432 1236 1461 1278 (T)
1490 1238 1628 1291 ἄνδρες

303 1307 517 1358 Ἀθηναῖοι,
545 1307 635 1360 παρ’
661 1308 823 1349 ἐκείνοις
847 1306 965 1360 μέχρι
988 1309 1060 1359 μὲν
1085 1310 1152 1347 τοῦ
1176 1305 1287 1358 δόξαι
1310 1306 1482 1359 γνώμην,
1508 1304 1556 1356 ἣν
1579 1304 1628 1346 ἂν

146 1371 281 1426 [1445]
303 1376 471 1417 ἕκαστος
503 1375 589 1431 ἔχῃ,
623 1375 772 1427 λέγειν,
807 1376 967 1415 ἐπειδὰν
995 1373 1029 1415 δ’
1055 1376 1286 1431 ἐπικυρωθῇ,
1320 1373 1427 1414 ταῦθ’
1452 1373 1628 1415 ἅπαντας

302 1444 478 1483 ἐπαινεῖν
505 1444 566 1482 καὶ
591 1441 870 1494 συμπράττειν,
899 1442 961 1482 καὶ
986 1441 1076 1483 τοὺς
1100 1442 1370 1483 ἀντειπόντας.
1429 1439 1628 1493 τοιγάρτοι

303 1513 466 1550 πολλῶν
485 1511 556 1560 μὲν
582 1511 691 1550 ὄντες
717 1509 761 1549 οὐ
787 1509 932 1549 πολλοὶ
957 1510 1262 1561 περιγίγνονται,
1289 1506 1545 1559 λαμβάνουσι
1570 1505 1625 1554 δέ,

303 1576 364 1616 ὅσ’
389 1575 436 1616 ἂν
460 1576 511 1627 μὴ
536 1580 588 1631 τῷ
620 1576 779 1631 πολέμῳ
813 1576 1016 1622 δύνωνται,
1045 1579 1126 1618 τοῖς
1160 1579 1319 1628 καιροῖς,
1347 1574 1474 1617 οὐδεὶς
1504 1572 1538 1614 δ’
1563 1573 1629 1615 αὐ·

301 1643 391 1685 τοὺς
417 1643 602 1696 ἐκφεύγει
625 1644 768 1696 χρόνος
793 1643 881 1684 οὐδὲ
899 1643 1044 1694 τρόπος
1062 1646 1130 1683 τοῦ
1148 1641 1195 1683 τὰ
1215 1641 1457 1695 συμφέρονθ’
1477 1643 1628 1683 ἑαυτοῖς

302 1712 512 1762 περαίνειν,
540 1710 585 1750 οὐ
613 1712 667 1761 μὰ
701 1709 767 1750 Δί’
792 1710 867 1764 οὐχ
899 1710 1035 1762 ὥσπερ
1065 1709 1175 1761 ἡμεῖς
1205 1710 1268 1750 καὶ
1293 1710 1355 1749 διὰ
1379 1708 1539 1750 τούτους
1564 1708 1628 1749 καὶ

301 1777 390 1819 τοὺς
416 1778 572 1829 ὁμοίους
596 1777 761 1826 τούτοις,
791 1776 981 1827 ἀλλήλων
1007 1777 1326 1829 περιγιγνόμενοι
1351 1776 1413 1816 καὶ
1437 1775 1526 1829 οὐχὶ
1550 1779 1628 1816 τῶν

261 1852 282 1886 4
302 1845 467 1898 ἐχθρῶν,
496 1843 609 1885 πάντ’
635 1844 894 1895 ἀνηλώκαμεν
919 1848 987 1884 τὸν
1011 1844 1168 1897 χρόνον,
1197 1842 1268 1883 κᾶν
1292 1845 1364 1894 μὲν
1389 1841 1545 1895 εἰρήνην
1570 1859 1628 1885 τις

303 1913 345 1952 ἐκ
366 1910 542 1962 πολέμου
562 1910 723 1967 ποιήσῃ,
745 1915 883 1951 τοῦτον
902 1914 1122 1962 μισοῦντες,
1145 1910 1193 1951 ἂν
1213 1910 1246 1951 δ’
1268 1909 1314 1960 ἐξ
1331 1909 1483 1962 εἰρήνης
1504 1910 1624 1950 πόλε-

301 1979 375 2029 μόν
409 1995 466 2020 τις
496 1978 608 2034 λέγῃ,
647 1978 769 2032 τούτῳ
806 1979 1037 2031 μαχόμενοι,
1071 1977 1119 2018 ἂν
1151 1976 1183 2018 δ’
1218 1977 1327 2031 ἔχειν
1362 1977 1534 2030 ἡσυχίαν
1570 1993 1628 2019 τις

303 2051 473 2102 παραινῇ
499 2045 561 2085 καὶ
590 2047 637 2085 τὰ
666 2044 819 2096 ἡμέτερ’
843 2045 970 2085 αὐτῶν
995 2044 1194 2097 πράττειν,
1222 2044 1313 2086 οὐδὲ
1341 2047 1480 2085 τοῦτον
1503 2044 1628 2096 ὀρθῶς

302 2111 437 2165 λέγειν
463 2112 701 2165 φάσκοντες,
730 2113 833 2154 ὅλως
863 2111 895 2153 δ’
920 2113 1053 2153 αἰτιῶν
1079 2112 1141 2152 καὶ
1172 2115 1294 2153 κενῶν
1320 2112 1492 2152 ἐλπίδων
1517 2112 1627 2152 ὄντες

347 2232 366 2261 5
390 2221 479 2263 εἶχεν
503 2231 568 2261 mg.
591 2222 671 2252 edit.
697 2221 800 2252 Paris.
817 2232 824 2252 :
850 2221 938 2262 ἔχειν
954 2221 1064 2259 codd.,
1083 2221 1172 2260 quod
1189 2225 1302 2252 tuetur
1319 2220 1409 2251 Uhle
1425 2219 1499 2251 coll.
1519 2218 1625 2259 Soph.

304 2265 395 2297 O.C.
417 2275 499 2296 1020
629 2267 650 2295 6
674 2265 845 2305 παράνοιαν
862 2265 959 2295 Blass
975 2276 982 2303 ;
1006 2265 1067 2296 sed
1084 2265 1125 2295 cs.
1143 2275 1211 2295 xxv
1228 2266 1280 2304 67,
1301 2264 1380 2302 Lys.
1399 2263 1454 2294 xiii
1473 2264 1524 2302 65,
1546 2263 1626 2302 Lyc.

305 2312 320 2346 §
350 2317 411 2348 144
568 2319 605 2339 12
629 2307 889 2347 2131&qust
908 2309 950 2339 cf.
978 2308 1036 2347 Ep.
1064 2309 1097 2338 iii
1117 2318 1158 2346 33
1314 2309 1353 2338 16
1376 2308 1454 2339 αὐτὸ
1476 2306 1627 2337 Reiske:

303 2354 391 2385 αὐτοὶ
408 2351 448 2383 F¹
466 2363 473 2383 t
499 2354 582 2392 αὐτῷ
598 2352 715 2382 Fcorr.
737 2352 825 2391 vulg.
942 2362 978 2390 17
1004 2350 1088 2392 δόξαι
1104 2350 1169 2393 (τι)
1185 2350 1314 2389 Seager
1430 2361 1473 2381 20
1496 2353 1628 2382 πολλῶν

302 2395 328 2426 F
342 2405 428 2427 corr,
441 2395 471 2426 Y
483 2405 566 2427 corr.
586 2407 593 2426 ε
617 2397 732 2427 πολλοὶ
751 2395 774 2426 S
787 2394 876 2434 vulg.
1011 2405 1053 2433 23
1077 2396 1233 2435 περαίνειν
1251 2394 1290 2425 Y¹
1305 2395 1330 2425 C
1347 2405 1353 2424 :
1377 2396 1537 2434 παραινεῖν
1547 2397 1626 2424 cett.

303 2449 344 2479 25
369 2440 428 2472 κᾶν
443 2438 504 2479 μὲν
520 2439 614 2470 codd.
630 2450 637 2470 :
661 2440 700 2471 ἂν
715 2438 773 2479 μὲν
790 2438 954 2469 Schaefer
1075 2449 1115 2477 27
1142 2451 1191 2470 τις
1208 2443 1287 2478 post
1303 2439 1443 2477 ἡσυχίαν
1459 2447 1524 2468 om.
1543 2434 1588 2467 Y¹
1600 2435 1628 2467 C

1650 852 1688 876 10

1650 1187 1686 1220 Ι5

1649 1524 1689 1546 20

1650 1859 1688 1891 25
