1763 2778
84 132 222 187 [1343]
284 130 801 187 [ΔΙΙΜΟΣΘΕΝΟὙΣ]
844 136 1007 174 ΚΑΤΑ
1046 136 1418 174 ΘΕΟΚΡΙΝΟΎ
1464 131 1568 186 [tvm

246 234 507 288 κατασκάψας
527 235 597 285 τὴν
617 235 886 280 ἸΙετιώνειαν,
909 235 963 276 εἰς
982 233 1030 284 ἢν
1051 235 1382 285 Λακεδαιμονίους
1398 234 1569 285 ἔμελλον

245 304 282 344 οἱ
314 303 402 354 περὶ
433 304 596 355 Κριτίαν
620 302 900 355 ὑποδέχεσθαι,
935 304 1091 342 καθεῖλε
1122 303 1196 352 μὲν
1219 301 1263 341 τὸ
1299 302 1566 355 ἐπιτείχισμα,

246 369 443 422 κατήγαγε
474 371 515 410 δὲ
538 369 606 410 τὸν
632 372 754 420 δῆμον
783 369 1014 409 κινδυνεύων
1039 368 1155 410 αὐτὸς
1184 368 1229 409 οὐ
1258 369 1458 410 τοιούτους
1483 386 1567 409 κιν-

244 437 392 483 δύνους,
419 435 511 477 ἀλλ’
538 438 580 477 ἐν
605 437 660 477 οἷς
699 437 762 477 καὶ
793 439 935 477 παθεῖν
965 452 1006 477 τι
1039 436 1162 476 καλόν
1194 437 1318 483 ἐστιν,
1344 436 1496 477 ἔπαυσε
1527 438 1568 477 δὲ

179 511 224 545 68
243 503 332 546 τοὺς
358 503 691 554 ἐπιβουλεύοντας
708 504 812 554 ὑμῖν.
868 502 916 543 δι’
937 503 994 549 ὅν,
1017 504 1051 544 εἰ
1070 504 1266 559 Θεοκρίνῃ
1285 504 1423 557 τουτῳὶ
1441 503 1569 554 ὅμοιοι
1589 518 1606 550 5

245 572 356 613 ὄντες
375 570 658 624 ἐτυγχάνομεν,
679 571 839 613 εἰκότως
857 567 1012 625 ἐσῴζετ’
1033 570 1080 610 ἂν
1099 570 1212 622 ἡμᾶς,
1233 570 1284 622 μὴ
1306 571 1366 610 ὅτι
1383 570 1570 621 βελτίους

245 639 360 679 ὄντας
390 639 528 678 τούτου
566 638 628 678 καὶ
660 639 791 678 δίκαια
820 637 1027 690 λέγοντας.
1084 638 1128 678 οὐ
1154 636 1228 690 γὰρ
1252 637 1448 679 πολλάκις
1472 638 1570 688 ὑμᾶς

243 708 367 745 ταῦτα
387 704 577 757 λέγοντες
600 704 890 759 ἐνοχλήσομεν·
928 705 1051 748 οὕτως
1073 706 1151 758 γὰρ
1173 704 1274 756 ἡμᾶς
1299 704 1411 746 οὗτος
1441 703 1566 745 διατέ-

245 774 362 823 θηκεν
395 773 511 819 ὥστε,
546 772 642 824 ὅπερ
677 771 725 824 ἐξ
754 773 879 826 ἀρχῆς
910 772 1036 819 εἶπον,
1065 771 1154 823 μηδ’
1186 771 1312 812 ἐλπίδ’
1345 772 1438 822 ἡμῖν
1469 771 1570 812 εἶναι

243 840 437 890 μηδεμίαν
458 842 529 879 τοῦ
550 843 771 894 μετασχεῖν
796 841 867 890 τῆς
888 840 952 881 καὶ
978 842 1060 882 τοῖς
1084 837 1210 888 ξένοις
1236 838 1446 890 δεδομένης
1469 855 1568 889 παρ-

180 917 225 961 69
243 907 396 959 ρησίας.
445 905 495 948 ἵν’
513 906 596 954 οὖν,
617 907 653 949 εἰ
676 908 740 948 καὶ
758 908 882 958 μηδὲν
899 906 1014 952 ἄλλο,
1035 906 1179 957 ταύτην
1199 922 1245 959 γε
1270 907 1424 960 ἔχωμεν
1445 922 1569 958 παρα-

244 972 396 1027 ψυχήν,
433 972 481 1015 τὸ
518 974 583 1015 καὶ
621 977 758 1015 τοῦτον
798 974 892 1027 ὁρᾶν
928 974 1104 1027 ἡσυχίαν
1141 973 1304 1026 ἄγοντα,
1341 971 1570 1025 βοηθήσαθ’

243 1040 349 1092 ἡμῖν,
376 1039 570 1091 ἐλεήσατε
589 1041 679 1084 τοὺς
697 1043 794 1094 ὑπὲρ
812 1043 881 1092 τῆς
899 1043 1085 1094 πατρίδος
1104 1040 1213 1091 ἡμῶν
1230 1040 1570 1090 τετελευτηκότας,

245 1107 487 1160 ἀναγκάσατ’
519 1108 634 1149 αὐτὸν
659 1109 755 1161 ὑπὲρ
787 1108 904 1159 αὐτῆς
933 1110 1002 1159 τῆς
1033 1106 1237 1158 ἐνδείξεως
1266 1107 1570 1160 ἀπολογεῖσθαι,

246 1175 308 1215 καὶ
343 1179 513 1216 τοιοῦτοι
548 1174 708 1228 γένεσθ’
744 1175 845 1230 αὐτῷ
884 1176 1067 1216 δικασταὶ
1101 1179 1181 1215 τῶν
1218 1174 1449 1227 λεγομένων
1490 1174 1572 1216 οἶος

179 1260 225 1296 70
243 1242 354 1293 ἡμῶν
374 1242 486 1284 οὗτος
505 1242 662 1297 ἐγένετο
683 1241 909 1295 κατήγορος,
931 1241 973 1284 ὃς
990 1241 1243 1293 ἐξαπατήσας
1267 1242 1358 1284 τοὺς
1383 1242 1573 1283 δικαστὰς

244 1309 312 1350 οὐκ
336 1309 515 1361 ἠθέλησε
542 1309 790 1361 τιμήσασθαι
820 1311 979 1362 μετρίου
1007 1309 1115 1350 τινὸς
1142 1308 1356 1361 τιμήματος
1379 1309 1433 1365 τῷ
1455 1307 1573 1360 πατρὶ

244 1377 297 1432 τῷ
319 1377 406 1432 ἐμῷ,
433 1378 565 1418 πολλὰ
590 1379 685 1428 ἐμοῦ
709 1375 916 1427 δεηθέντος
939 1376 1003 1417 καὶ
1025 1381 1165 1417 τοῦτον
1184 1377 1458 1418 ἱκετεύσαντος
1477 1374 1574 1427 πρὸς

83 1442 223 1497 [1344]
244 1447 324 1485 τῶν
346 1443 539 1498 γονάτων,
564 1443 655 1485 ἀλλ’
682 1444 816 1496 ὥσπερ
841 1443 912 1495 τὴν
936 1444 1058 1485 πόλιν
1080 1444 1346 1497 προδεδωκότι
1373 1447 1428 1499 τῷ
1457 1442 1574 1495 πατρὶ

245 1510 341 1552 δέκα
373 1510 582 1552 ταλάντων
615 1510 843 1563 ἐτιμήσατο.
891 1510 1044 1563 δεόμεθ’
1077 1511 1146 1553 οὖν
1179 1512 1302 1563 ὑμῶν,
1335 1511 1574 1563 ἀντιβολοῦ-

244 1595 329 1630 μεν,
356 1579 405 1619 τὰ
429 1580 558 1619 δίκαια
582 1579 826 1631 ψηφίζεσθε.

313 1644 522 1698 Βοήθησον
541 1646 633 1698 ἡμῖν
654 1646 674 1686 ὁ
693 1649 814 1693 δεῖνα,
834 1646 871 1688 εἴ
885 1663 924 1688 τι
944 1646 1062 1700 ἔχεις,
1085 1645 1148 1687 καὶ
1168 1645 1342 1687 σύνειπε.
1385 1643 1572 1697 ἀνάβηθι.

291 1765 306 1786 1
331 1757 595 1796 Λακεδαιμονίους
612 1755 637 1788 S
649 1755 681 1786 A
695 1768 703 1788 t
727 1757 802 1789 τοὺς
825 1762 860 1789 Λ.
877 1756 966 1796 vulg.
1129 1767 1149 1787 2
1174 1757 1387 1798 ὑποδέχεσθαι
1402 1755 1434 1785 Α
1450 1766 1457 1786 :
1482 1756 1574 1788 ἆποδ.

246 1804 324 1830 cett.
414 1800 470 1841 τὸ]
487 1800 526 1831 τό
542 1814 579 1832 τε
595 1800 788 1841 ’γιγνόμενον
804 1800 835 1830 Α
968 1811 988 1839 4
1012 1800 1046 1832 δὲ
1066 1810 1131 1833 om.
1149 1800 1180 1830 A
1269 1810 1288 1839 5
1312 1803 1351 1832 δι’
1367 1801 1420 1832 οὕς
1436 1799 1468 1829 Α
1482 1798 1521 1829 F¹
1539 1803 1576 1830 ut

245 1843 389 1883 videtur,
405 1843 435 1882 Q
546 1844 589 1885 εἴ]
607 1846 635 1876 εἰ
650 1845 701 1876 καὶ
718 1844 749 1874 Α
859 1844 963 1886 τούτῳ
979 1845 1076 1876 codd.
1225 1855 1241 1883 7
1268 1843 1445 1884 δικαιότερα
1463 1843 1577 1874 Naber

246 1889 324 1927 ὑμᾶς
349 1887 373 1918 S
388 1887 413 1917 F
427 1887 457 1926 Q
471 1886 538 1918 D¹:
562 1901 601 1928 ’γε
625 1889 701 1928 πρὸς
733 1890 810 1928 ὑμᾶς
841 1887 897 1918 A:
920 1901 957 1920 τε
980 1889 1057 1930 πρὸς
1082 1890 1160 1928 ὑμᾶς
1183 1887 1299 1929 ΩὙρ.ε
1333 1889 1403 1927 ὑμῖν
1429 1886 1460 1916 D
1489 1896 1574 1918 corr.

246 1931 266 1960 8
289 1929 410 1970 ταῦτα]
432 1932 533 1963 ταύτὰ
559 1931 599 1969 D,
625 1941 690 1971 mg.
716 1932 795 1963 edit.
822 1931 926 1963 Paris.
1032 1931 1188 1972 λέγοντες
1211 1931 1280 1962 AF
1296 1941 1385 1962 corr.
1419 1931 1449 1961 D
1465 1940 1574 1961 corn:

246 1973 405 2014 λέγοντας
436 1974 460 2005 S
475 1974 513 2004 F¹
526 1974 556 2013 Q
570 1974 613 2004 Dl
793 1985 832 2006 10
862 1975 1031 2015 δεδομένης
1059 1974 1091 2005 Α
1106 1976 1172 2015 FQ
1191 1987 1197 2006 :
1249 1975 1497 2015 μεταδιδομένης
1528 1973 1576 2004 S:

245 2017 497 2057 μεταδεδομένης
516 2018 556 2055 D,
578 2018 617 2049 cs.
638 2018 671 2048 ix
688 2028 708 2057 3
866 2028 901 2050 11
928 2020 957 2051 εἴ
972 2019 1040 2059 καὶ]
1059 2019 1129 2051 εῖΑ
1286 2029 1324 2058 14
1349 2021 1446 2057 αὐτῆς
1461 2028 1528 2050 om.
1544 2017 1576 2048 A

250 2070 288 2099 15
312 2060 441 2102 ’γένεσθ’
459 2061 557 2102 αὐτῷ]
570 2061 720 2103 γενέσθαι
732 2061 757 2093 S
849 2063 889 2093 16
912 2062 1001 2102 ἡμῶν
1012 2061 1105 2095 οὗτος
1119 2062 1250 2104 ἐγένετο
1263 2062 1287 2093 S
1304 2073 1312 2093 :
1337 2061 1429 2094 οὗτος
1446 2061 1576 2102 ἐγένετο

247 2104 335 2143 ἡμῶν
351 2105 439 2143 vulg.
579 2116 615 2144 17
640 2106 817 2146 τιμήματος
833 2115 900 2138 om.
916 2106 947 2136 A
1070 2108 1109 2137 18
1131 2108 1252 2147 ’1-ᾷέμῷ
1267 2106 1291 2137 S
1306 2106 1359 2137 D:
1382 2115 1448 2136 om.
1464 2105 1532 2135 AF
1544 2104 1576 2144 Q

247 2157 289 2178 20
313 2149 396 2188 ὑμῶν
413 2158 477 2179 om.
499 2148 525 2179 F
614 2154 690 2188 post
708 2151 793 2189 ὑμῶν
808 2150 886 2182 add.
904 2149 942 2181 ωδ
954 2151 1005 2182 καὶ
1022 2149 1053 2179 Α
1070 2161 1077 2180 :
1100 2160 1165 2181 om.
1193 2150 1217 2180 S
1232 2150 1258 2180 F
1282 2149 1351 2191 (me
1368 2149 1470 2189 teste)
1486 2148 1515 2177 D
1531 2148 1572 2179 cf.

247 2191 351 2221 xxviii
369 2202 412 2223 20
543 2201 582 2222 21
609 2191 785 2234 ψηφίζεσθε
803 2192 828 2224 S
849 2193 937 2232 vulg.
954 2204 961 2224 :
984 2194 1183 2234 ψηφίσασθαι
1200 2192 1251 2224 A:
1275 2191 1466 2235 ψηφίζεσθαι
1482 2191 1581 2223 Wolf

294 2246 330 2276 In
349 2246 372 2277 S
389 2246 613 2286 subscriptum

619 2295 813 2326 ΕΝΔΕΙΞῙΣ
838 2296 944 2324 ΚΑΤΑ
968 2296 1202 2325 ΘΕΟΚΡΙΝΟΥ

908 2341 935 2382 ¹}

1593 852 1632 874 10

1596 1189 1632 1221 ¹5

1595 1527 1636 1549 20
