1742 2774
99 84 234 140 [1051]
639 78 1157 133 [ΔΠΜΟΣΘΕΝΟΎΣ]
1476 79 1585 133 [qu

257 185 301 225 ἐν
334 184 388 240 τῷ
417 182 653 238 δικαστηρίῳ
687 182 867 226 ἅπαντας
899 181 992 225 τοὺς
1021 181 1417 234 ἀμφισβητήσαντας
1452 184 1582 239 ἑαυτῇ,

257 252 380 294 οὕτως
416 251 518 291 εἰσὶν
553 250 686 301 μιαροὶ
722 249 842 295 οὗτοι,
882 248 945 289 καὶ
973 249 1043 290 οὐκ
1073 250 1225 291 οἴονται
1259 252 1341 291 δεῖν
1377 250 1467 290 οὔτε
1503 254 1586 293 τοῖς

98 322 236 378 [1052]
258 320 391 371 νόμοις
414 321 499 360 τοῖς
519 316 722 368 ὑμετέροις
746 317 956 357 πείθεσθαι
982 316 1071 357 οὔτε
1101 320 1183 358 τοῖς
1206 319 1451 370 γνωσθεῖσιν
1471 317 1512 356 ἐν
1537 316 1589 372 τῷ

257 384 507 439 δικαστηρίῳ,
547 385 653 425 ἀλλὰ
689 383 818 424 πάντα
853 383 1001 436 τρόπον
1036 384 1324 436 ἐπιχειροῦντες
1363 382 1586 436 ἀφελέσθαι

255 453 378 494 πάλιν
402 452 473 502 τὴν
499 456 664 504 γυναῖκα
691 451 760 491 τὸν
792 454 938 503 κλῆρον
971 450 1015 491 ὃν
1044 452 1152 501 ὑμεῖς
1181 450 1278 507 αὐτῇ
1306 451 1584 503 ἐψηφίσασθε,
1606 470 1624 501 5

215 532 235 567 7
258 520 551 570 συνομόσαντες
584 519 646 559 καὶ
676 517 874 568 συνθήκας
906 516 1136 570 γράψαντες
1171 517 1267 569 πρὸς
1299 516 1499 567 ἀλλήλους
1525 518 1588 558 καὶ

258 585 514 637 καταθέμενοι
538 587 643 638 παρὰ
674 587 836 640 Μηδείῳ
860 584 1096 639 “Αγνουσίῳ,
1124 585 1365 636 Θεόπομπος
1389 585 1410 624 ὁ
1433 585 1588 626 τουτουὶ

258 653 385 705 πατὴρ
412 652 675 705 Μακαρτάτου
701 653 764 694 καὶ
789 651 980 693 Γλαύκων
1007 652 1068 692 καὶ
1094 655 1271 693 Γλαῦκος
1295 653 1315 690 ὁ
1340 651 1520 703 ἡττηθεὶς
1543 650 1589 691 τὸ

257 721 462 773 πρότερον,
490 721 552 760 καὶ
585 721 718 772 ἕτερόν
749 737 837 760 τινα
867 723 944 760 τῶν
978 719 1209 769 ἐπιτηδείων
1237 717 1426 771 τέταρτον
1459 735 1585 771 προσ-

255 788 456 840 λαβόντες
476 785 727 839 (Εὐπόλεμος
761 786 809 838 ἦν
837 786 940 842 αὐτῷ
971 783 1120 837 ὄνομα),
1149 785 1255 826 οὗτοι
1282 785 1455 828 ἅπαντες
1480 791 1590 843 κοινῇ

256 854 620 907 ἐπιβουλεύσαντες
659 851 1014 906 προσεκαλέσαντο
1061 852 1132 903 τὴν
1179 857 1346 906 γυναῖκα
1386 852 1484 906 πρὸς
1521 853 1590 894 τὸν

256 922 432 976 ἄρχοντα
457 923 511 964 εἰς
531 922 780 962 διαδικασίαν
803 924 873 961 τοῦ
898 919 1044 973 κλήρου
1069 924 1137 961 τοῦ
1160 919 1332 974 (Αγνίου,
1360 919 1589 974 φάσκοντες

257 989 325 1030 τὸν
354 989 475 1040 νόμον
509 988 682 1030 κελεύειν
710 990 817 1041 παρὰ
849 991 918 1029 τοῦ
951 987 1300 1040 ἐπιδεδικασμένου
1337 988 1400 1029 καὶ
1427 987 1590 1042 ἔχοντος

255 1056 325 1098 τὸν
360 1058 508 1108 κλῆρον
532 1059 862 1108 προσκαλεῖσθαι,
893 1055 960 1096 ἐάν
984 1071 1043 1098 τις
1070 1055 1268 1106 βούληται
1297 1055 1588 1108 ἀμφισβητεῖν.

218 1132 238 1167 8
259 1124 322 1165 καὶ
340 1123 475 1174 ἐπειδὴ
499 1122 595 1175 ἦγεν
620 1123 640 1162 ὁ
665 1122 801 1177 ἄρχων
827 1124 882 1166 εἷς
905 1122 949 1163 τὸ
975 1121 1228 1175 δικαστήριον
1255 1123 1317 1163 καὶ
1342 1123 1421 1163 ἔδει
1445 1123 1589 1175 ἀγωνί-

261 1192 408 1242 ζεσθαι,
429 1189 479 1232 τά
495 1207 539 1232 τε
553 1190 663 1231 ἄλλα
680 1188 726 1242 ἧν
747 1190 879 1233 αὐτοῖς
899 1189 1055 1231 ἅπαντα
1075 1189 1424 1241 κατεσκευασμένα
1449 1191 1504 1232 εἷς
1521 1189 1591 1231 τὸν

259 1259 405 1312 ἀγῶνα,
433 1258 496 1298 καὶ
521 1257 566 1298 τὸ
589 1259 703 1309 ὕδωρ,
723 1257 821 1311 πρὸς
846 1257 867 1298 ὃ
892 1258 973 1299 ἔδει
997 1257 1272 1310 ἀγωνίζεσθαι,
1296 1256 1591 1310 τετραπλάσιον

257 1326 367 1377 ἡμῶν
392 1325 557 1376 ἔλαβον.
630 1324 677 1376 ἐξ
697 1324 872 1378 ἀνάγκης
895 1326 971 1377 γὰρ
998 1323 1057 1376 ἧν,
1085 1322 1114 1363 ὦ
1147 1324 1286 1377 ἄνδρες
1318 1325 1512 1371 δικασταί,
1537 1329 1592 1380 τῷ

257 1393 421 1447 ἄρχοντι
445 1391 629 1445 ἀμφορέα
658 1390 814 1447 ἑκάστῳ
848 1391 988 1445 ἐγχέαι
1017 1395 1096 1432 τῶν
1127 1392 1506 1445 ἀμφισβητούντων,
1528 1392 1593 1433 καὶ

217 1465 361 1513 9τρεῖς
396 1462 495 1513 χοᾶς
531 1463 584 1514 τῷ
618 1458 772 1514 ὑστέρῳ
810 1459 932 1514 λόγῳ.
1003 1458 1110 1500 ὥστε
1147 1458 1388 1510 συνέβαινεν
1423 1459 1510 1510 ἐμοὶ
1537 1463 1591 1514 τῷ

258 1528 356 1579 ὑπὲρ
385 1529 454 1578 τῆς
479 1525 663 1579 γυναικὸς
689 1526 975 1580 ἀγωνιζομένῳ,
1001 1525 1054 1576 μὴ
1080 1526 1141 1567 ὅτι
1159 1526 1249 1578 περὶ
1273 1530 1343 1567 τοῦ
1365 1524 1503 1579 γένους
1530 1526 1592 1567 καὶ

259 1598 338 1635 τῶν
362 1594 500 1634 ἄλλων
524 1595 578 1634 ὧν
601 1610 671 1645 μοι
688 1595 892 1645 προσῆκεν
914 1591 1186 1645 διηγήσασθαι
1205 1597 1287 1636 τοῖς
1313 1596 1515 1634 δικασταῖς
1541 1593 1594 1636 ὣς

260 1662 339 1714 ἐγὼ
367 1661 606 1713 ἐβουλόμην,
629 1660 722 1702 ἀλλ’
738 1660 818 1701 οὐδ’
836 1658 1176 1713 ἀπολογήσασθαί
1188 1678 1256 1712 μοι
1277 1659 1479 1714 ἐξεγένετο
1504 1661 1593 1702 οὐδὲ

260 1726 393 1782 (πρὸς)
418 1727 653 1770 πολλοστὸν
680 1727 799 1780 μέρος
831 1728 885 1769 ὧν
913 1727 1208 1780 κατεψεύδοντο
1238 1727 1362 1779 ἡμῶν·
1413 1727 1593 1779 πέμπτον

259 1798 336 1849 γὰρ
371 1795 490 1848 μέρος
525 1794 637 1850 εἶχον
670 1798 739 1836 τοῦ
766 1797 919 1838 ὕδατος.
991 1794 1053 1834 καὶ
1089 1794 1134 1835 τὸ
1166 1796 1353 1848 σόφισμα
1379 1793 1428 1846 ἦν
1463 1798 1591 1842 τοῦτο,

261 1862 403 1906 αὐτοὺς
430 1864 504 1914 μὲν
539 1865 692 1904 ἑαυτοῖς
722 1862 1062 1915 συναγωνίζεσθαι
1092 1863 1155 1903 καὶ
1185 1863 1398 1915 ὁμολογεῖν
1423 1861 1591 1909 ἅπαντα,

99 1915 241 1971 [1053]
262 1929 351 1983 περὶ
373 1930 484 1981 ἡμῶν
508 1931 550 1970 δὲ
574 1929 710 1982 λέγειν
733 1928 782 1970 τὰ
805 1929 1056 1970 οὐδεπώποτε
1092 1930 1297 1982 γενόμενα.
1368 1929 1430 1970 καὶ
1454 1933 1594 1970 τοῦτον

201 1992 244 2018 ¹0
261 1997 331 2038 τὸν
355 1997 503 2049 τρόπον
521 1995 900 2048 ἐπιβουλευσάντων
924 1998 987 2038 καὶ
1007 1995 1381 2050 συναγωνιζομένων
1398 1995 1593 2048 ἀλλήλοις

264 2063 329 2117 ἐφ’
370 2064 484 2115 ἡμᾶς,
524 2065 721 2106 καδίσκων
756 2062 952 2115 τεττάρων
987 2063 1181 2105 τεθέντων
1217 2066 1316 2105 κατὰ
1350 2064 1420 2105 τὸν
1456 2064 1591 2116 νόμον,

311 2184 330 2203 2
354 2175 403 2206 καὶ
421 2174 516 2205 codd.
538 2186 543 2204 :
571 2175 654 2205 ὥστε
672 2173 837 2205 Schaeser
953 2174 974 2203 6
999 2178 1077 2204 ante
1096 2173 1334 2213 συνομόσαντες
1350 2174 1425 2204 add.
1445 2175 1528 2205 ὥστε
1541 2172 1592 2205 A:

265 2223 342 2258 post
368 2230 435 2250 συν.
466 2218 542 2248 add.
568 2219 629 2259 γὰρ
649 2218 678 2247 D
807 2227 823 2256 7
850 2216 991 2257 Μηδείῳ]
1021 2218 1109 2256 ειλίῳ
1137 2217 1167 2246 Α
1183 2229 1189 2247 :
1228 2219 1341 2259 Μειδίᾳ
1368 2217 1397 2247 D
1425 2217 1592 2257 (Dobree)

265 2264 285 2292 8
306 2276 344 2294 τε
360 2266 438 2302 post
456 2261 669 2303 Μακαρτάτου
686 2261 761 2290 add.
780 2259 813 2290 A
936 2271 957 2300 9
980 2259 1139 2301 τέταρτον
1156 2270 1219 2290 οιη.
1238 2260 1269 2290 Α
1391 2270 1427 2289 12
1451 2262 1519 2300 περὶ
1536 2263 1593 2292 τοῦ

267 2311 318 2337 κλ.
337 2305 367 2335 Α
482 2315 519 2343 14
543 2306 768 2345 προκαλεῖσθαι
785 2303 847 2334 SF
861 2302 892 2341 Q
906 2303 939 2332 D
1028 2313 1065 2341 15
1089 2303 1169 2342 ἦγεν
1186 2304 1281 2334 codd.
1302 2315 1308 2333 :
1333 2305 1464 2343 εἰσῆγεν
1480 2303 1590 2341 Jobst.

266 2349 329 2380 hoc
342 2359 423 2380 sane
439 2348 577 2379 verbum
595 2347 760 2378 sollemne
888 2355 925 2384 15
943 2351 977 2376 et
997 2356 1032 2385 17
1049 2347 1267 2386 ἀγωνίσασθαι
1282 2345 1314 2375 Α
1440 2349 1478 2377 16
1501 2360 1592 2379 κατε-

267 2392 468 2432 σκευασμένα
479 2392 503 2423 S
514 2391 545 2421 A
556 2389 612 2421 F¹:
631 2403 764 2433 παρεσκ.
780 2389 806 2420 F
819 2399 898 2420 corr.
913 2389 945 2428 Q
961 2390 990 2420 D
1106 2400 1148 2419 22
1174 2391 1213 2421 ὡς
1225 2399 1292 2420 om.
1308 2389 1346 2419 5¹
1460 2401 1499 2428 24
1517 2391 1593 2431 πρὸς

266 2442 344 2476 post
360 2436 525 2468 Cobetum
545 2434 660 2466 addidi
751 2444 794 2474 29
817 2434 977 2466 καδίσκων
994 2432 1019 2464 S
1037 2443 1122 2465 corr.
1140 2433 1171 2464 A
1186 2433 1216 2464 D
1232 2445 1240 2465 :
1265 2434 1315 2466 καὶ
1334 2435 1450 2466 δίσκων
1467 2433 1504 2465 S¹
1520 2434 1545 2464 F
1561 2433 1593 2473 Q

1613 804 1652 826 10

1617 1478 1654 1500 20
