1700 2758
580 107 990 149 PRAEFATIO

131 216 197 257 Pr.
221 216 342 257 xxvi.
368 229 392 271 3
415 216 582 257 ἀκοῦσαι
607 215 636 256 S
657 216 688 256 F
707 215 747 269 Q
775 230 782 256 :
807 215 973 255 ἀκοῦσαι
1001 215 1091 270 συν]
1117 216 1221 270 Pap.
1245 232 1252 256 z
1280 217 1446 256 ἀκοῦσαι

130 289 332 327 συνειπεῖν
355 284 413 326 Y1
439 285 660 340 (συνειπεῖν
689 285 908 339 expunxit
932 300 1038 326 corr.
1060 297 1089 336 4
1117 292 1231 327 teste
1255 287 1444 341 Drerup)

130 355 172 395 D
196 370 204 395 ε
230 354 395 395 ἀκοῦσαι
417 358 620 396 συνειπεῖν
643 355 845 396 ἀντειπεῖν
868 369 885 394 r
908 346 1088 395 Vindob
1110 368 1149 405 4.

187 423 379 465 Tertiam
409 423 615 465 familiam
648 424 767 464 ducit
798 424 941 465 codex
969 424 1215 464 Marcianus
1243 425 1292 474 F,
1314 438 1443 478 quem

128 492 352 547 primitus¹
373 493 567 534 eiusdem
582 493 712 534 fuisse
727 493 873 546 stirpis
887 507 936 533 ac
956 492 1198 533 Parisinum
1217 493 1245 534 S
1261 500 1447 535 testatur

128 563 372 604 orationum
399 564 506 603 ordo
540 561 638 603 licet
670 563 711 602 in
744 563 938 603 Parisino
971 562 1246 614 aliquatenus
1281 571 1445 617 pertur-

128 631 266 681 betur,
288 638 503 672 testantur
531 639 660 672 notae
690 631 1053 680 stichometricae,
1083 639 1296 672 testantur
1325 632 1445 672 deni-

128 714 212 754 que
248 715 360 754 quae
385 702 441 741 ad
477 701 619 754 ipsum
653 701 873 753 utriusque
905 707 1078 741 textum
1112 701 1339 753 pertinent.
1388 716 1443 741 ex

127 770 366 824 archetypo
389 778 536 811 autern
555 770 799 823 descriptus
816 770 890 823 qui
911 770 1326 810 contaminationem
1346 784 1444 810 cum

128 839 276 880 codice
305 840 497 892 quodam
521 838 725 891 vulgatae
756 840 991 879 memoriae
1018 852 1246 892 perpessus
1272 846 1379 888 erat,
1402 839 1444 879 in

129 908 401 948 contionibus
424 909 627 949 artiorem
650 908 869 961 quandam
895 922 993 947 curn
1017 907 1282 960 Augustano
1300 922 1443 948 neces-

127 977 359 1017 situdinem
372 977 566 1026 exhibet;
590 977 632 1017 in
648 977 827 1030 privatis
842 984 957 1017 certe
971 977 1242 1017 orationibus
1257 976 1444 1029 plerum-

127 1059 213 1099 que
249 1060 348 1086 cum
393 1044 586 1087 Parisino
628 1046 757 1101 plane
795 1047 1024 1087 consentit.
1078 1060 1174 1086 cum
1213 1053 1360 1086 tamen
1401 1046 1443 1087 in

127 1117 322 1156 oratione
360 1130 489 1156 xxxv
526 1115 613 1156 litis
651 1116 935 1156 instrumenta
968 1116 1124 1169 quibus
1156 1122 1272 1155 caret
1307 1114 1352 1163 S,
1386 1128 1443 1155 ex

126 1185 274 1226 codice
308 1186 363 1226 ab
398 1185 552 1226 eadem
590 1185 723 1238 stirpe
761 1186 873 1225 unde
905 1184 950 1225 A
983 1185 1177 1225 derivato
1211 1185 1444 1237 desumpta

127 1255 349 1307 praebeat,
371 1254 455 1295 alia
475 1268 650 1307 quoque
674 1255 863 1294 indidem
888 1255 1123 1306 sumpsisse
1142 1255 1232 1295 iure
1250 1253 1443 1307 colligas,

187 1322 415 1378 [Codicem
439 1323 697 1364 Bavaricum
723 1323 757 1362 B
781 1323 848 1363 vel
873 1338 930 1364 ex
955 1323 990 1362 F
1012 1323 1276 1377 descriptum
1295 1322 1362 1362 vel
1386 1323 1445 1362 ita

127 1394 184 1434 ab
207 1407 259 1435 eo
281 1393 521 1434 derivatum
544 1399 592 1434 ut
613 1406 699 1432 non
726 1392 807 1432 nisi
837 1406 946 1432 unus
974 1393 1113 1433 codex
1145 1392 1445 1440 intercesserit,

128 1462 344 1503 luculente
366 1462 774 1502 demonstraverunt
799 1460 1083 1511 Bue1·mann‚2
1104 1460 1311 1514 Lipsius,3
1334 1461 1444 1501 Dre—

127 1531 239 1585 rup.⁴
272 1530 476 1585 quocirca
499 1544 584 1570 non
607 1531 692 1571 iam
716 1531 757 1570 in
781 1544 956 1571 censum
980 1528 1233 1587 vocandus]

186 1600 395 1640 Marciani
421 1600 455 1639 F
476 1600 599 1652 quasi
616 1598 849 1652 gemellum
868 1612 961 1640 esse
981 1599 1252 1639 Marcianum
1273 1598 1312 1653 Q
1333 1599 1444 1640 inter

126 1669 240 1710 viros
263 1670 417 1710 doctos
445 1669 548 1709 satis
578 1675 760 1709 constat.
807 1675 1111 1721 praeterquam
1136 1668 1254 1720 quod
1278 1668 1444 1720 deperi-

128 1745 250 1779 erunt
287 1738 372 1779 iam
411 1737 508 1779 Orr.
543 1737 692 1787 i—xvii‚
730 1737 956 1786 §oc—xxxi,
994 1750 1131 1790 paene
1168 1738 1223 1777 ad
1260 1738 1442 1777 verbum

127 1822 226 1848 curn
262 1807 337 1848 illo
369 1808 598 1848 consentit.
646 1821 730 1847 non
763 1813 909 1847 tamen
946 1806 1043 1846 inde
1077 1807 1318 1847 derivatum
1353 1812 1463 1847 tam.

127 1877 254 1917 certis
271 1877 537 1930 argumentis
552 1877 794 1931 Drerupius
811 1876 1113 1929 comprobavit
1131 1882 1178 1915 ut
1196 1875 1338 1915 nullus
1357 1875 1441 1916 iam

128 1946 246 1987 locus
277 1946 502 1987 dubitandi
534 1946 600 1987 sit.
645 1945 781 1986 immo
809 1959 908 1985 suas
941 1945 1020 1985 sibi
1052 1944 1184 1984 habet
1217 1944 1352 1984 bonas
1386 1943 1442 1984 lc-

127 2016 291 2056 ctiones
308 2028 344 2054 e.
355 2028 395 2067 g.
414 2014 498 2055 xlv.
520 2014 556 2062 8,
571 2014 674 2055 xlvi.
694 2026 769 2063 223
798 2013 971 2054 notulas
987 2027 1163 2066 quoque
1182 2013 1443 2066 marginales

129 2085 258 2125 modo
291 2098 388 2124 cum
425 2084 460 2123 F
497 2098 758 2131 communes,
800 2084 932 2124 modo
970 2083 1112 2136 priVas
1146 2095 1196 2121 ac
1236 2082 1442 2135 proprias,

171 2156 185 2177 ¹
206 2157 328 2188 Antike
344 2157 759 2197 Dentostlzenesausgaben,
782 2167 836 2196 pp.
859 2158 976 2196 537-8.

171 2199 184 2220 ²
207 2201 356 2238 Hermes,
375 2201 443 2240 xxi,
467 2211 522 2240 pp.
543 2211 585 2240 34
601 2211 671 2240 sqq.

170 2244 184 2264 ⁸
207 2244 282 2275 Zur
302 2245 553 2284 Texlgesclziclzte
576 2243 631 2274 des
654 2244 898 2281 Demostlzcnes,
918 2243 1075 2273 Berichte
1095 2243 1177 2273 [lber
1195 2242 1248 2272 die
1266 2242 1441 2272 Verband—

127 2288 252 2326 lungen
269 2289 327 2317 der
341 2287 566 2326 Koniglichen
583 2287 808 2317 Sachsischen
828 2287 1054 2317 Gesellschat't
1072 2288 1131 2316 der
1150 2286 1443 2316 wissenschaften

127 2341 168 2361 zu
187 2331 334 2370 Leipzig,
359 2332 451 2369 1893.

171 2374 183 2392 ‘¹
206 2374 326 2404 Antike
341 2373 751 2414 Demostlzenesausgaben,
775 2385 804 2414 p.
827 2377 900 2413 565.

767 2431 801 2466 ix
