1763 2778
94 122 232 177 [1345]
661 120 755 175 [ΔΗ
769 126 809 163 M
822 119 1180 175 οΣΘΕΝΟΥΣ]
1500 121 1576 176 [mx

253 224 447 277 ἐσχάτους
486 224 686 266 κινδύνους
720 222 966 275 κατέστημεν
998 223 1090 276 περί
1121 239 1164 264 τε
1193 226 1260 274 τῆς
1298 225 1485 276 πατρίδος
1519 225 1581 265 καὶ

252 292 338 343 περὶ
363 292 531 342 ἀτιμίας.

211 373 230 396 2
317 358 605 411 Ψηφισαμένου
641 359 715 411 γὰρ
752 361 821 399 τοῦ
857 357 980 410 δήμου
1014 361 1083 398 τοῦ
1117 357 1338 408 Ἀθηναίων
1371 357 1583 409 Ἀθηναῖοι)

253 425 351 466 εἶναι
378 427 572 466 Πασίωνα
599 427 660 466 καὶ
681 426 867 478 ἐκγόνους
892 424 982 467 τοὺς
1008 427 1160 467 ἐκείνου
1179 427 1241 466 διὰ
1260 427 1328 468 τὰς
1355 425 1583 478 εὐεργεσίας

251 495 322 535 τὰς
345 494 400 535 εἷς
418 492 489 543 τὴν
509 493 640 539 πόλιν,
659 493 902 545 ὁμογνώμων
928 492 1026 532 καὶὸ
1047 492 1173 545 πατὴρ
1199 492 1357 545 ἐγένετο
1383 493 1403 532 ὁ
1429 494 1521 544 ἐμὸς
1535 498 1583 549 τῇ
1604 512 1621 543 5

251 563 321 600 τοῦ
343 558 465 610 δήμου
485 563 620 615 δωρεᾷ,
642 559 704 601 καὶ
719 559 864 600 ἔδωκεν
881 559 1174 615 Ἀπολλοδώρῳ
1193 563 1246 615 τῷ
1266 561 1344 601 υἱεῖ
1359 563 1412 614 τῷ
1433 560 1584 601 ἐκείνου

252 625 445 680 θυγατέρα
469 629 541 678 μὲν
570 628 700 673 αὑτοῦ,
727 626 909 679 ἀδελφὴν
943 628 986 668 δὲ
1009 626 1122 678 ε’μήν,
1148 626 1196 678 ἐξ
1221 626 1266 677 ἧς
1291 626 1582 681 Ἀπολλοδώρῳ

252 695 289 735 οἱ
311 693 449 737 παῖδές
468 695 584 734 εἰσιν.
643 695 758 736 ὄντος
783 696 824 734 δὲ
858 697 1038 747 χρηστοῦ
1067 697 1135 734 τοῦ
1160 693 1469 746 Ἀπολλοδώρου
1494 695 1586 746 περί

250 777 293 801 τε
312 760 384 811 τὴν
409 761 591 813 ἀδελφὴν
614 760 686 811 τὴν
712 760 809 812 ἐμὴν
835 761 896 801 καὶ
921 761 1010 813 περὶ
1034 760 1135 812 ἡμᾶς
1161 761 1348 807 ἅπαντας,
1378 762 1440 802 καὶ
1464 761 1580 814 ἡγου-

249 826 369 879 μένου
405 833 452 884 τῇ
489 828 656 882 ἀληθείᾳ
691 829 858 870 οἰκείους
901 830 1019 870 ὄντας
1061 832 1264 869 κοινωνεῖν
1303 827 1464 869 πάντων
1504 832 1581 868 τῶν
1605 848 1643 870 10

88 901 230 956 [1346]
252 896 390 941 ὅντων,
410 896 562 946 ἔλαβον
590 896 651 936 καὶ
671 895 749 948 ἐγὼ
769 899 935 948 γυναῖκα
954 895 1262 947 Ἀπολλοδώρου
1281 897 1353 947 μὲν
1373 894 1580 948 θυγατέρα,

210 985 229 1019 3
252 963 472 1015 ἀδελφιδῆν
500 962 534 1002 δ’
564 964 744 1013 ἐμαυτοῦ.
805 963 1123 1015 προεληλυθότος
1152 965 1193 1003 δὲ
1213 963 1360 1016 χρόνου
1387 962 1583 1016 λαγχάνει

250 1030 461 1081 βουλεύειν
493 1029 812 1083 Ἀπολλόδωρος·
872 1030 1127 1081 δοκιμασθεὶς
1159 1031 1202 1071 δὲ
1239 1030 1301 1071 καὶ
1331 1030 1482 1081 ὀμόσας
1513 1029 1584 1070 τὸν

250 1097 416 1148 νόμιμον
453 1097 583 1149 ὅρκον,
627 1096 861 1148 συμβάντος
895 1102 944 1155 τῇ
979 1098 1098 1139 πόλει
1133 1101 1269 1150 καιροῦ
1304 1091 1483 1138 τοιούτου
1519 1096 1584 1138 καὶ

251 1164 440 1216 πολέμου,
459 1166 501 1204 ἐν
518 1163 547 1219 ᾦ
568 1163 617 1215 ἤν
635 1161 659 1215 ἢ
681 1164 927 1216 κρατήσασιν
943 1165 1034 1216 ὑμῖν
1052 1165 1257 1217 μεγίστοις
1276 1168 1354 1205 τῶν
1372 1163 1584 1215 Ἑλλήνων
1606 1183 1642 1216 15

252 1231 353 1272 εἶναι
377 1232 441 1272 καὶ
465 1231 834 1283 ἀναμφισβητήτως
860 1233 908 1272 τά
930 1248 976 1274 τε·
1004 1231 1174 1284 ὑμέτερα
1202 1231 1329 1272 αὐτῶν
1352 1231 1584 1283 κεκομίσθαι

252 1299 315 1339 καὶ
341 1299 760 1350 καταπεπολεμηκέναι
784 1299 1003 1347 Φίλιππον,
1026 1296 1051 1350 ἢ
1081 1300 1320 1351 ὑστερίσασι
1345 1304 1392 1356 τῇ
1416 1299 1584 1353 βοηθείᾳ

251 1366 314 1405 καὶ
334 1365 565 1418 προεμένοις
588 1366 679 1408 τοὺς
699 1365 944 1420 συμμάχους,
968 1366 1015 1407 δι’
1041 1368 1210 1418 ἀπορίαν
1234 1365 1445 1420 χρημάτων
1465 1383 1580 1407 κατα-

250 1432 438 1475 λυθέντος
472 1437 541 1473 τοῦ
579 1432 859 1486 στρατοπέδου,
896 1434 1056 1476 τούτους
1093 1433 1127 1474 τ’
1163 1433 1365 1474 ἀπολέσαι
1403 1433 1466 1474 καὶ
1501 1437 1583 1475 τοῖς

251 1499 389 1540 ἄλλοις
409 1499 616 1550 “Ἐλλησιν
642 1501 833 1542 ἀπίστους
854 1501 953 1541 εἶναι
978 1503 1120 1551 δοκεῖν,
1145 1502 1208 1542 καὶ
1235 1501 1471 1541 κινδυνεύειν
1495 1502 1582 1553 περὶ
1605 1521 1645 1542 20

251 1570 329 1606 τῶν
352 1568 595 1613 ὑπολοίπων,
617 1569 710 1619 περί
731 1585 775 1609 τε
798 1566 961 1619 Λήμνου
987 1569 1049 1609 καὶ
1068 1567 1238 1620 Ἴμβρου
1263 1568 1326 1609 καὶ
1343 1568 1494 1621 Σκύρου
1519 1568 1583 1609 καὶ

209 1651 231 1683 4
253 1633 520 1686 Χερρονήσου,
561 1634 622 1674 καὶ
655 1635 890 1685 μελλόντων
926 1635 1214 1687 στρατεύεσθαι
1245 1636 1354 1686 ὑμῶν
1387 1635 1583 1686 πανδημεὶ

253 1702 308 1742 εἵς
336 1718 378 1742 τε
404 1701 582 1752 Εὔβοιαν
609 1701 672 1742 καὶ
690 1701 906 1749 Ὄλυνθον,
927 1701 1081 1754 ἔγραψε
1100 1701 1296 1755 ψήφισμα
1321 1704 1364 1743 ἐν
1379 1707 1426 1760 τῇ
1451 1707 1582 1759 βουλῇ

251 1767 559 1820 Ἀπολλόδωρος
583 1768 791 1820 βουλεύων
818 1769 880 1809 καὶ
904 1768 1091 1821 ἐξήνεγκε
1125 1769 1409 1823 προβούλευμα
1431 1771 1488 1812 εἷς
1512 1773 1582 1810 τὸν

251 1837 391 1886 δῆμον,
414 1834 538 1887 λέγον
556 1838 906 1890 διαχειροτονῆσαι
929 1839 999 1877 τὸν
1024 1838 1148 1887 δῆμον
1173 1837 1251 1877 εἴτε
1269 1839 1381 1877 δοκεῖ
1399 1836 1447 1877 τὰ
1470 1853 1578 1890 περι·
1604 1857 1642 1888 25

252 1902 348 1943 όντα
366 1901 550 1955 χρήματα
569 1905 638 1953 τῆς
658 1902 888 1953 διοικήσεως
907 1902 1169 1956 στρατιωτικὰ
1189 1902 1290 1944 εἶναι
1305 1905 1383 1945 εἴτε
1400 1903 1580 1956 θεωρικά,

253 1970 494 2010 κελευόντων
525 1972 597 2020 μὲν
629 1974 706 2010 τῶν
742 1971 886 2021 νόμων,
917 1971 1012 2011 ὅταν
1040 1971 1214 2022 πόλεμος
1243 1968 1280 2028 ᾖ,
1311 1972 1360 2011 τὰ
1396 1972 1583 2022 περιόντα

251 2035 434 2089 χρήματα
457 2039 527 2087 τῆς
551 2036 781 2088 διοικήσεως
815 2039 1076 2091 στρατιωτικὰ
1109 2038 1222 2085 εἶναι,
1252 2037 1385 2090 κύριον
1402 2037 1437 2078 δ’
1460 2037 1578 2090 ἡγού-

250 2120 367 2154 μενος
391 2106 472 2144 δεῖν
497 2107 566 2144 τὸν
591 2107 714 2155 δῆμον
739 2104 942 2157 εἶναιπερὶ
967 2109 1045 2146 τῶν
1069 2106 1188 2145 αὑτοῦ
1211 2105 1234 2145 ὅ
1256 2122 1292 2145 τι
1317 2105 1365 2145 ἂν
1383 2105 1582 2156 βούληται

297 2195 318 2223 9
342 2184 532 2225 ἡγουμένου]
552 2185 724 2226 ἡγούμενος
741 2185 877 2217 Dobree
894 2186 968 2218 coll.
989 2189 1005 2224 ξ
1020 2195 1061 2225 55
1201 2197 1240 2217 10
1264 2187 1314 2218 καὶ
1330 2191 1409 2217 ante
1421 2189 1581 2218 κοινωνεῖν

250 2228 324 2258 add.
352 2228 375 2258 S
395 2228 485 2266 FQ:
511 2239 574 2259 om.
607 2229 667 2259 Yr
778 2233 938 2262 κοινωνεῖν
967 2228 1069 2273 (δεῖν)
1101 2229 1249 2260 Dindors
1412 2239 1449 2268 14
1475 2232 1582 2271 καιροῦ

250 2271 396 2304 τοιούτου
405 2275 448 2313 τῇ
459 2281 476 2302 r
567 2274 604 2302 16
621 2277 823 2312 κεκομεισθαι
840 2273 878 2304 S¹
971 2283 1007 2311 17
1026 2275 1212 2315 ὑστερίσασι
1225 2273 1263 2305 Sl
1276 2273 1306 2303 Y
1319 2284 1342 2311 r,
1359 2273 1400 2304 cf.
1418 2273 1499 2303 xxiv
1515 2283 1557 2312 95
1571 2283 1580 2304 :

253 2315 448 2356 ὑστερήσασι
463 2315 487 2346 S
501 2325 586 2348 corr.
601 2317 691 2355 vulg.
786 2318 824 2347 18
841 2316 1022 2359 προεμένοις
1035 2317 1061 2347 F
1074 2327 1159 2348 corr.
1171 2317 1202 2347 Y
1215 2329 1221 2348 :
1246 2316 1435 2358 προεμένους
1448 2316 1576 2347 F1eett.

253 2368 294 2388 22
318 2362 466 2398 πανδημη
488 2359 513 2390 S
647 2371 687 2399 24
712 2360 874 2397 βουλεύων
895 2361 959 2391 del.
986 2360 1211 2399 Herwerden‚
1233 2366 1323 2391 recte
1346 2362 1436 2399 sort.‚
1455 2360 1514 2390 sed
1536 2359 1576 2390 cf.

255 2402 332 2441 Lys.
359 2412 429 2432 xxx
456 2413 494 2433 10
636 2413 677 2442 25
702 2404 800 2443 λε’-γον
824 2403 855 2434 Υ
872 2414 912 2435 r:
942 2403 1050 2444 λέγων
1073 2409 1151 2435 cett.
1293 2405 1334 2434 26
1359 2403 1530 2444 θεωρητικά
1554 2402 1578 2433 S

253 2456 292 2484 27
317 2447 395 2477 ὅταν
411 2445 436 2476 S
453 2457 460 2476 ε
485 2446 533 2478 ὅτ’
549 2446 588 2477 ἂν
604 2445 634 2475 D
652 2457 659 2476 2
683 2446 802 2478 ὁπόταν
814 2447 902 2486 vulg.
1009 2448 1051 2477 28
1075 2447 1304 2488 στρατιωτικὰ]
1320 2447 1450 2489 θεωρικὰ
1466 2446 1579 2477 Naber

252 2499 294 2528 29
317 2490 496 2526 βούλωνται
515 2489 607 2529 SQ¹,
627 2490 687 2520 sed
703 2490 742 2523 εἰ
762 2493 827 2522 τῶν
843 2492 938 2522 αὑτοῦ
