<?xml version="1.0" encoding="UTF-8"?>
<!DOCTYPE html PUBLIC "-//W3C//DTD XHTML 1.0 Transitional//EN"
    "http://www.w3.org/TR/xhtml1/DTD/xhtml1-transitional.dtd">
<html xmlns="http://www.w3.org/1999/xhtml" xml:lang="en" lang="en">
 <head>
  <title>
</title>
<meta http-equiv="Content-Type" content="text/html;charset=utf-8" />
  <meta name='ocr-system' content='tesseract 3.04.00' />
  <meta name='ocr-capabilities' content='ocr_page ocr_carea ocr_par ocr_line ocrx_word'/>
</head>
<body>
  <div class='ocr_page' id='page_1' title='image "./orationesrecog03demouoft_0452.png"; bbox 0 0 1746 2774; ppageno 0'>
   <div class='ocr_carea' id='block_1_1' title="bbox 106 119 1405 175">
    <p class='ocr_par' dir='ltr' id='par_1_1' title="bbox 106 119 1405 175">
     <span class='ocr_line' id='line_1_1' title="bbox 106 119 1405 175; baseline 0.004 -15"><span class='ocrx_word' id='word_1_1' title='bbox 106 119 245 175; x_wconf 67' lang='lat'>[1488]</span> <span class='ocrx_word' id='word_1_2' title='bbox 459 125 950 161; x_wconf 53' lang='lat' dir='ltr'>Annon-›ENOTE</span> <span class='ocrx_word' id='word_1_3' title='bbox 988 124 1310 162; x_wconf 71' lang='lat' dir='ltr'>EHIETOAH</span> <span class='ocrx_word' id='word_1_4' title='bbox 1351 131 1405 165; x_wconf 81' lang='lat' dir='ltr'>JV</span> 
     </span>
    </p>
   </div>
   <div class='ocr_carea' id='block_1_2' title="bbox 227 220 1595 478">
    <p class='ocr_par' dir='ltr' id='par_1_2' title="bbox 227 220 1595 478">
     <span class='ocr_line' id='line_1_2' title="bbox 267 220 1595 276; baseline 0.004 -16"><span class='ocrx_word' id='word_1_5' title='bbox 267 222 306 262; x_wconf 85' lang='grc' dir='ltr'>τί</span> <span class='ocrx_word' id='word_1_6' title='bbox 327 221 528 271; x_wconf 76' lang='grc' dir='ltr'>τηλικοῦθ’</span> <span class='ocrx_word' id='word_1_7' title='bbox 553 220 735 273; x_wconf 48' lang='grc' dir='ltr'>ἕτεροιπ),</span> <span class='ocrx_word' id='word_1_8' title='bbox 763 223 868 262; x_wconf 76' lang='grc' dir='ltr'>ἀλλὰ</span> <span class='ocrx_word' id='word_1_9' title='bbox 899 223 960 262; x_wconf 81' lang='grc' dir='ltr'>καὶ</span> <span class='ocrx_word' id='word_1_10' title='bbox 985 227 1037 276; x_wconf 72' lang='grc' dir='ltr'>τῷ</span> <span class='ocrx_word' id='word_1_11' title='bbox 1062 222 1151 264; x_wconf 83' lang='grc' dir='ltr'>τοὺς</span> <span class='ocrx_word' id='word_1_12' title='bbox 1176 226 1248 273; x_wconf 79' lang='grc' dir='ltr'>μὲν</span> <span class='ocrx_word' id='word_1_13' title='bbox 1275 223 1426 266; x_wconf 81' lang='grc' dir='ltr'>πάντας</span> <span class='ocrx_word' id='word_1_14' title='bbox 1451 227 1595 269; x_wconf 79' lang='grc' dir='ltr'>αἰτίους</span> 
     </span>
     <span class='ocr_line' id='line_1_3' title="bbox 268 287 1595 341; baseline 0.005 -13"><span class='ocrx_word' id='word_1_15' title='bbox 268 288 366 328; x_wconf 82' lang='grc' dir='ltr'>εἶναι</span> <span class='ocrx_word' id='word_1_16' title='bbox 399 291 528 329; x_wconf 80' lang='grc' dir='ltr'>δοκεῖν</span> <span class='ocrx_word' id='word_1_17' title='bbox 569 293 647 329; x_wconf 87' lang='grc' dir='ltr'>τῶν</span> <span class='ocrx_word' id='word_1_18' title='bbox 685 293 766 329; x_wconf 81' lang='grc' dir='ltr'>τοῖς</span> <span class='ocrx_word' id='word_1_19' title='bbox 795 287 978 339; x_wconf 65' lang='grc' dir='ltr'>’Ἕλλησι</span> <span class='ocrx_word' id='word_1_20' title='bbox 1014 294 1140 329; x_wconf 83' lang='grc' dir='ltr'>κακῶν</span> <span class='ocrx_word' id='word_1_21' title='bbox 1179 292 1496 341; x_wconf 71' lang='grc' dir='ltr'>συμβεβηκότων</span> <span class='ocrx_word' id='word_1_22' title='bbox 1533 295 1595 333; x_wconf 75' lang='grc' dir='ltr'>διὰ</span> 
     </span>
     <span class='ocr_line' id='line_1_4' title="bbox 227 356 1595 410; baseline 0.006 -17"><span class='ocrx_word' id='word_1_23' title='bbox 227 366 247 399; x_wconf 88' lang='grc'>9</span> <span class='ocrx_word' id='word_1_24' title='bbox 268 356 470 395; x_wconf 77' lang='grc' dir='ltr'>Φιλίππου</span> <span class='ocrx_word' id='word_1_25' title='bbox 497 356 558 396; x_wconf 85' lang='grc' dir='ltr'>καὶ</span> <span class='ocrx_word' id='word_1_26' title='bbox 592 358 660 405; x_wconf 86' lang='grc' dir='ltr'>τῆς</span> <span class='ocrx_word' id='word_1_27' title='bbox 682 357 876 405; x_wconf 85' lang='grc' dir='ltr'>δουλείας,</span> <span class='ocrx_word' id='word_1_28' title='bbox 904 356 949 407; x_wconf 77' lang='grc' dir='ltr'>ἐξ</span> <span class='ocrx_word' id='word_1_29' title='bbox 977 358 1030 396; x_wconf 80' lang='grc' dir='ltr'>ὧν</span> <span class='ocrx_word' id='word_1_30' title='bbox 1062 358 1219 398; x_wconf 78' lang='grc' dir='ltr'>εἰκότως</span> <span class='ocrx_word' id='word_1_31' title='bbox 1250 361 1472 408; x_wconf 83' lang='grc' dir='ltr'>μισοῦνται,</span> <span class='ocrx_word' id='word_1_32' title='bbox 1495 360 1595 410; x_wconf 78' lang='grc' dir='ltr'>ὑμᾶς</span> 
     </span>
     <span class='ocr_line' id='line_1_5' title="bbox 268 421 1594 478; baseline 0.005 -17"><span class='ocrx_word' id='word_1_33' title='bbox 268 421 301 461; x_wconf 85' lang='grc' dir='ltr'>δ’</span> <span class='ocrx_word' id='word_1_34' title='bbox 322 422 491 474; x_wconf 80' lang='grc' dir='ltr'>ὁρᾶσθαι</span> <span class='ocrx_word' id='word_1_35' title='bbox 510 424 608 474; x_wconf 81' lang='grc' dir='ltr'>ὑπὲρ</span> <span class='ocrx_word' id='word_1_36' title='bbox 631 426 708 462; x_wconf 89' lang='grc' dir='ltr'>τῶν</span> <span class='ocrx_word' id='word_1_37' title='bbox 727 422 938 473; x_wconf 88' lang='grc' dir='ltr'>Ἑλλήνων</span> <span class='ocrx_word' id='word_1_38' title='bbox 964 424 1026 463; x_wconf 83' lang='grc' dir='ltr'>καὶ</span> <span class='ocrx_word' id='word_1_39' title='bbox 1054 424 1216 474; x_wconf 84' lang='grc' dir='ltr'>σώμασι</span> <span class='ocrx_word' id='word_1_40' title='bbox 1240 425 1302 465; x_wconf 85' lang='grc' dir='ltr'>καὶ</span> <span class='ocrx_word' id='word_1_41' title='bbox 1328 423 1504 478; x_wconf 89' lang='grc' dir='ltr'>χρήμασι</span> <span class='ocrx_word' id='word_1_42' title='bbox 1532 427 1594 467; x_wconf 87' lang='grc' dir='ltr'>καὶ</span> 
     </span>
    </p>
   </div>
   <div class='ocr_carea' id='block_1_3' title="bbox 269 489 1631 544">
    <p class='ocr_par' dir='ltr' id='par_1_3' title="bbox 269 489 1631 544">
     <span class='ocr_line' id='line_1_6' title="bbox 269 489 1631 544; baseline 0.003 -15"><span class='ocrx_word' id='word_1_43' title='bbox 269 490 386 530; x_wconf 85' lang='grc' dir='ltr'>πόλει</span> <span class='ocrx_word' id='word_1_44' title='bbox 411 490 474 530; x_wconf 88' lang='grc' dir='ltr'>καὶ</span> <span class='ocrx_word' id='word_1_45' title='bbox 496 489 610 544; x_wconf 76' lang='grc' dir='ltr'>χώρα</span> <span class='ocrx_word' id='word_1_46' title='bbox 635 489 699 530; x_wconf 88' lang='grc' dir='ltr'>καὶ</span> <span class='ocrx_word' id='word_1_47' title='bbox 730 493 855 530; x_wconf 78' lang='grc' dir='ltr'>πᾶσιν</span> <span class='ocrx_word' id='word_1_48' title='bbox 885 490 1194 542; x_wconf 83' lang='grc' dir='ltr'>ἠγωνισμένους,</span> <span class='ocrx_word' id='word_1_49' title='bbox 1223 491 1308 532; x_wconf 80' lang='grc' dir='ltr'>ἀνθ’</span> <span class='ocrx_word' id='word_1_50' title='bbox 1335 493 1388 531; x_wconf 83' lang='grc' dir='ltr'>ῶν</span> <span class='ocrx_word' id='word_1_51' title='bbox 1416 493 1594 533; x_wconf 80' lang='grc' dir='ltr'>εὔκλειαν</span> <span class='ocrx_word' id='word_1_52' title='bbox 1614 511 1631 543; x_wconf 88' lang='lat'>5</span> 
     </span>
    </p>
   </div>
   <div class='ocr_carea' id='block_1_4' title="bbox 103 555 1596 2260">
    <p class='ocr_par' dir='ltr' id='par_1_4' title="bbox 103 555 1596 2260">
     <span class='ocr_line' id='line_1_7' title="bbox 269 555 1595 610; baseline 0.004 -15"><span class='ocrx_word' id='word_1_53' title='bbox 269 555 368 596; x_wconf 83' lang='grc' dir='ltr'>εἰκὸς</span> <span class='ocrx_word' id='word_1_54' title='bbox 406 555 598 610; x_wconf 82' lang='grc' dir='ltr'>ὑπάρχειν</span> <span class='ocrx_word' id='word_1_55' title='bbox 642 557 705 597; x_wconf 88' lang='grc' dir='ltr'>καὶ</span> <span class='ocrx_word' id='word_1_56' title='bbox 746 555 865 609; x_wconf 80' lang='grc' dir='ltr'>χάριν</span> <span class='ocrx_word' id='word_1_57' title='bbox 898 557 1096 598; x_wconf 81' lang='grc' dir='ltr'>ἀθάνατον</span> <span class='ocrx_word' id='word_1_58' title='bbox 1128 559 1236 610; x_wconf 77' lang='grc' dir='ltr'>παρὰ</span> <span class='ocrx_word' id='word_1_59' title='bbox 1268 563 1347 599; x_wconf 87' lang='grc' dir='ltr'>τῶν</span> <span class='ocrx_word' id='word_1_60' title='bbox 1383 561 1430 599; x_wconf 81' lang='grc' dir='ltr'>τὰ</span> <span class='ocrx_word' id='word_1_61' title='bbox 1467 561 1595 601; x_wconf 87' lang='grc' dir='ltr'>δίκαια</span> 
     </span>
     <span class='ocr_line' id='line_1_8' title="bbox 266 622 1591 678; baseline 0.003 -15"><span class='ocrx_word' id='word_1_62' title='bbox 266 622 527 674; x_wconf 78' lang='grc' dir='ltr'>βουλομένων</span> <span class='ocrx_word' id='word_1_63' title='bbox 562 628 702 664; x_wconf 83' lang='grc' dir='ltr'>ποιεῖν.</span> <span class='ocrx_word' id='word_1_64' title='bbox 775 624 914 665; x_wconf 82' lang='grc' dir='ltr'>οὐκοῦν</span> <span class='ocrx_word' id='word_1_65' title='bbox 954 624 1024 677; x_wconf 81' lang='grc' dir='ltr'>ἀφ’</span> <span class='ocrx_word' id='word_1_66' title='bbox 1063 626 1116 664; x_wconf 83' lang='grc' dir='ltr'>ὧν</span> <span class='ocrx_word' id='word_1_67' title='bbox 1157 626 1236 678; x_wconf 86' lang='grc' dir='ltr'>ἐγὼ</span> <span class='ocrx_word' id='word_1_68' title='bbox 1277 627 1591 677; x_wconf 83' lang='grc' dir='ltr'>συνεβούλευσα,</span> 
     </span>
     <span class='ocr_line' id='line_1_9' title="bbox 266 690 1591 749; baseline 0.005 -20"><span class='ocrx_word' id='word_1_69' title='bbox 266 694 344 730; x_wconf 87' lang='grc' dir='ltr'>τῶν</span> <span class='ocrx_word' id='word_1_70' title='bbox 369 693 441 742; x_wconf 80' lang='grc' dir='ltr'>μὲν</span> <span class='ocrx_word' id='word_1_71' title='bbox 466 690 734 731; x_wconf 75' lang='grc' dir='ltr'>ἀντιστάντων</span> <span class='ocrx_word' id='word_1_72' title='bbox 750 691 894 743; x_wconf 83' lang='grc' dir='ltr'>ἄριστα</span> <span class='ocrx_word' id='word_1_73' title='bbox 912 691 1095 743; x_wconf 78' lang='grc' dir='ltr'>πράττειν</span> <span class='ocrx_word' id='word_1_74' title='bbox 1119 699 1166 749; x_wconf 77' lang='grc' dir='ltr'>τῇ</span> <span class='ocrx_word' id='word_1_75' title='bbox 1184 693 1300 732; x_wconf 84' lang='grc' dir='ltr'>πόλει</span> <span class='ocrx_word' id='word_1_76' title='bbox 1320 693 1591 745; x_wconf 87' lang='grc' dir='ltr'>συμβέβηκεν,</span> 
     </span>
     <span class='ocr_line' id='line_1_10' title="bbox 267 756 1441 813; baseline 0.005 -16"><span class='ocrx_word' id='word_1_77' title='bbox 267 761 343 797; x_wconf 87' lang='grc' dir='ltr'>τῶν</span> <span class='ocrx_word' id='word_1_78' title='bbox 369 759 412 799; x_wconf 77' lang='grc' dir='ltr'>δὲ</span> <span class='ocrx_word' id='word_1_79' title='bbox 436 758 796 810; x_wconf 77' lang='grc' dir='ltr'>συνηγωνισμένων</span> <span class='ocrx_word' id='word_1_80' title='bbox 821 756 1080 811; x_wconf 79' lang='grc' dir='ltr'>ἐνδοξοτέραν</span> <span class='ocrx_word' id='word_1_81' title='bbox 1102 759 1204 800; x_wconf 80' lang='grc' dir='ltr'>εἶναι</span> <span class='ocrx_word' id='word_1_82' title='bbox 1227 763 1441 813; x_wconf 86' lang='grc' dir='ltr'>περίεστιν.</span> 
     </span>
     <span class='ocr_line' id='line_1_11' title="bbox 207 825 1594 878; baseline 0.003 -11"><span class='ocrx_word' id='word_1_83' title='bbox 207 843 248 867; x_wconf 92' lang='lat'>10</span> <span class='ocrx_word' id='word_1_84' title='bbox 332 828 555 877; x_wconf 79' lang='grc' dir='ltr'>Τοιγαροῦν</span> <span class='ocrx_word' id='word_1_85' title='bbox 595 825 660 866; x_wconf 83' lang='grc' dir='ltr'>ἐπὶ</span> <span class='ocrx_word' id='word_1_86' title='bbox 700 826 853 868; x_wconf 84' lang='grc' dir='ltr'>τούτοις</span> <span class='ocrx_word' id='word_1_87' title='bbox 899 828 935 867; x_wconf 79' lang='grc' dir='ltr'>οἱ</span> <span class='ocrx_word' id='word_1_88' title='bbox 977 826 1062 868; x_wconf 84' lang='grc' dir='ltr'>θεοὶ</span> <span class='ocrx_word' id='word_1_89' title='bbox 1091 828 1162 869; x_wconf 76' lang='grc' dir='ltr'>τὰς</span> <span class='ocrx_word' id='word_1_90' title='bbox 1199 830 1272 878; x_wconf 79' lang='grc' dir='ltr'>μὲν</span> <span class='ocrx_word' id='word_1_91' title='bbox 1307 830 1492 878; x_wconf 81' lang='grc' dir='ltr'>μαντείας</span> <span class='ocrx_word' id='word_1_92' title='bbox 1523 831 1594 871; x_wconf 76' lang='grc' dir='ltr'>τὰς</span> 
     </span>
     <span class='ocr_line' id='line_1_12' title="bbox 267 893 1593 948; baseline 0.002 -16"><span class='ocrx_word' id='word_1_93' title='bbox 267 894 419 945; x_wconf 80' lang='grc' dir='ltr'>ἀγαθὰς</span> <span class='ocrx_word' id='word_1_94' title='bbox 441 893 532 943; x_wconf 83' lang='grc' dir='ltr'>ὑμῖν</span> <span class='ocrx_word' id='word_1_95' title='bbox 550 894 716 938; x_wconf 85' lang='grc' dir='ltr'>διδόασι,</span> <span class='ocrx_word' id='word_1_96' title='bbox 735 893 805 943; x_wconf 74' lang='grc' dir='ltr'>τὴν</span> <span class='ocrx_word' id='word_1_97' title='bbox 831 893 862 933; x_wconf 83' lang='grc' dir='ltr'>δ’</span> <span class='ocrx_word' id='word_1_98' title='bbox 880 893 1013 934; x_wconf 80' lang='grc' dir='ltr'>ἄδικον</span> <span class='ocrx_word' id='word_1_99' title='bbox 1037 896 1308 948; x_wconf 83' lang='grc' dir='ltr'>βλασφημίαν</span> <span class='ocrx_word' id='word_1_100' title='bbox 1333 897 1388 938; x_wconf 85' lang='grc' dir='ltr'>εἰς</span> <span class='ocrx_word' id='word_1_101' title='bbox 1413 896 1593 948; x_wconf 78' lang='grc' dir='ltr'>κεφαλὴν</span> 
     </span>
     <span class='ocr_line' id='line_1_13' title="bbox 103 958 1594 1015; baseline 0.004 -17"><span class='ocrx_word' id='word_1_102' title='bbox 103 958 244 1013; x_wconf 86' lang='lat'>[1489]</span> <span class='ocrx_word' id='word_1_103' title='bbox 266 960 321 1015; x_wconf 74' lang='grc' dir='ltr'>τῷ</span> <span class='ocrx_word' id='word_1_104' title='bbox 341 958 504 1013; x_wconf 86' lang='grc' dir='ltr'>λέγοντι</span> <span class='ocrx_word' id='word_1_105' title='bbox 541 959 765 1012; x_wconf 82' lang='grc' dir='ltr'>τρέπουσιν.</span> <span class='ocrx_word' id='word_1_106' title='bbox 830 963 942 1013; x_wconf 87' lang='grc' dir='ltr'>γνοίη</span> <span class='ocrx_word' id='word_1_107' title='bbox 972 961 1007 1003; x_wconf 87' lang='grc' dir='ltr'>δ’</span> <span class='ocrx_word' id='word_1_108' title='bbox 1038 961 1089 1003; x_wconf 81' lang='grc' dir='ltr'>ἄν</span> <span class='ocrx_word' id='word_1_109' title='bbox 1119 979 1191 1009; x_wconf 88' lang='grc' dir='ltr'>τις,</span> <span class='ocrx_word' id='word_1_110' title='bbox 1223 964 1255 1003; x_wconf 86' lang='grc' dir='ltr'>εἰ</span> <span class='ocrx_word' id='word_1_111' title='bbox 1282 962 1479 1014; x_wconf 87' lang='grc' dir='ltr'>προέλοιτ’</span> <span class='ocrx_word' id='word_1_112' title='bbox 1512 962 1594 1014; x_wconf 78' lang='grc' dir='ltr'>ἐξε-</span> 
     </span>
     <span class='ocr_line' id='line_1_14' title="bbox 204 1026 1595 1086; baseline 0.004 -21"><span class='ocrx_word' id='word_1_113' title='bbox 204 1041 243 1066; x_wconf 88' lang='lat'>11</span> <span class='ocrx_word' id='word_1_114' title='bbox 267 1026 388 1068; x_wconf 85' lang='grc' dir='ltr'>τάσαι</span> <span class='ocrx_word' id='word_1_115' title='bbox 418 1028 466 1067; x_wconf 82' lang='grc' dir='ltr'>τὰ</span> <span class='ocrx_word' id='word_1_116' title='bbox 492 1027 765 1078; x_wconf 83' lang='grc' dir='ltr'>ἐπιτηδεύματ’</span> <span class='ocrx_word' id='word_1_117' title='bbox 790 1029 834 1069; x_wconf 82' lang='grc' dir='ltr'>ἐν</span> <span class='ocrx_word' id='word_1_118' title='bbox 866 1029 924 1072; x_wconf 80' lang='grc' dir='ltr'>οἷς</span> <span class='ocrx_word' id='word_1_119' title='bbox 955 1030 1015 1086; x_wconf 76' lang='grc' dir='ltr'>ζῇ.</span> <span class='ocrx_word' id='word_1_120' title='bbox 1078 1029 1101 1069; x_wconf 73' lang='grc' dir='ltr'><em>ἃ</em></span> <span class='ocrx_word' id='word_1_121' title='bbox 1138 1031 1213 1082; x_wconf 79' lang='grc' dir='ltr'>γὰρ</span> <span class='ocrx_word' id='word_1_122' title='bbox 1244 1030 1293 1071; x_wconf 80' lang='grc' dir='ltr'>ἂν</span> <span class='ocrx_word' id='word_1_123' title='bbox 1327 1029 1595 1082; x_wconf 81' lang='grc' dir='ltr'>καταράσαιτό</span> 
     </span>
     <span class='ocr_line' id='line_1_15' title="bbox 267 1093 1596 1150; baseline 0.004 -17"><span class='ocrx_word' id='word_1_124' title='bbox 267 1111 324 1136; x_wconf 86' lang='grc' dir='ltr'>τις</span> <span class='ocrx_word' id='word_1_125' title='bbox 360 1093 478 1149; x_wconf 79' lang='grc' dir='ltr'>αὐτῷ,</span> <span class='ocrx_word' id='word_1_126' title='bbox 506 1094 612 1135; x_wconf 81' lang='grc' dir='ltr'>ταῦτ’</span> <span class='ocrx_word' id='word_1_127' title='bbox 651 1096 692 1135; x_wconf 81' lang='grc' dir='ltr'>ἐκ</span> <span class='ocrx_word' id='word_1_128' title='bbox 729 1095 998 1148; x_wconf 88' lang='grc' dir='ltr'>προαιρέσεως</span> <span class='ocrx_word' id='word_1_129' title='bbox 1031 1101 1149 1138; x_wconf 83' lang='grc' dir='ltr'>ποιεῖ.</span> <span class='ocrx_word' id='word_1_130' title='bbox 1225 1096 1365 1150; x_wconf 84' lang='grc' dir='ltr'>ἐχθρὸς</span> <span class='ocrx_word' id='word_1_131' title='bbox 1399 1097 1470 1148; x_wconf 88' lang='grc' dir='ltr'>μέν</span> <span class='ocrx_word' id='word_1_132' title='bbox 1509 1099 1596 1138; x_wconf 83' lang='grc' dir='ltr'>ἐστι</span> 
     </span>
     <span class='ocr_line' id='line_1_16' title="bbox 267 1163 1596 1219; baseline 0.003 -18"><span class='ocrx_word' id='word_1_133' title='bbox 267 1165 349 1203; x_wconf 86' lang='grc' dir='ltr'>τοῖς</span> <span class='ocrx_word' id='word_1_134' title='bbox 374 1164 548 1214; x_wconf 84' lang='grc' dir='ltr'>γονεῦσι,</span> <span class='ocrx_word' id='word_1_135' title='bbox 576 1163 695 1214; x_wconf 88' lang='grc' dir='ltr'>φίλος</span> <span class='ocrx_word' id='word_1_136' title='bbox 721 1165 762 1203; x_wconf 78' lang='grc' dir='ltr'>δὲ</span> <span class='ocrx_word' id='word_1_137' title='bbox 780 1165 993 1218; x_wconf 76' lang='grc' dir='ltr'>Παυσανίᾳ</span> <span class='ocrx_word' id='word_1_138' title='bbox 1015 1168 1068 1219; x_wconf 77' lang='grc' dir='ltr'>τῷ</span> <span class='ocrx_word' id='word_1_139' title='bbox 1095 1164 1240 1219; x_wconf 77' lang='grc' dir='ltr'>πόρνῳ·</span> <span class='ocrx_word' id='word_1_140' title='bbox 1278 1165 1341 1205; x_wconf 90' lang='grc' dir='ltr'>καὶ</span> <span class='ocrx_word' id='word_1_141' title='bbox 1361 1165 1596 1216; x_wconf 82' lang='grc' dir='ltr'>θρασύνεται</span> 
     </span>
     <span class='ocr_line' id='line_1_17' title="bbox 266 1228 1596 1284; baseline 0.003 -15"><span class='ocrx_word' id='word_1_142' title='bbox 266 1231 337 1279; x_wconf 80' lang='grc' dir='ltr'>μὲν</span> <span class='ocrx_word' id='word_1_143' title='bbox 364 1229 414 1271; x_wconf 82' lang='grc' dir='ltr'>ὡς</span> <span class='ocrx_word' id='word_1_144' title='bbox 440 1228 551 1282; x_wconf 82' lang='grc' dir='ltr'>ἀνήρ,</span> <span class='ocrx_word' id='word_1_145' title='bbox 578 1228 727 1283; x_wconf 84' lang='grc' dir='ltr'>πάσχει</span> <span class='ocrx_word' id='word_1_146' title='bbox 754 1229 783 1270; x_wconf 75' lang='grc' dir='ltr'>δ’</span> <span class='ocrx_word' id='word_1_147' title='bbox 816 1231 866 1273; x_wconf 85' lang='grc' dir='ltr'>ὡς</span> <span class='ocrx_word' id='word_1_148' title='bbox 900 1229 1011 1283; x_wconf 87' lang='grc' dir='ltr'>γυνή·</span> <span class='ocrx_word' id='word_1_149' title='bbox 1051 1233 1113 1272; x_wconf 89' lang='grc' dir='ltr'>καὶ</span> <span class='ocrx_word' id='word_1_150' title='bbox 1139 1236 1207 1272; x_wconf 82' lang='grc' dir='ltr'>τοῦ</span> <span class='ocrx_word' id='word_1_151' title='bbox 1230 1234 1303 1283; x_wconf 80' lang='grc' dir='ltr'>μὲν</span> <span class='ocrx_word' id='word_1_152' title='bbox 1333 1233 1479 1284; x_wconf 87' lang='grc' dir='ltr'>πατρός</span> <span class='ocrx_word' id='word_1_153' title='bbox 1509 1233 1596 1273; x_wconf 82' lang='grc' dir='ltr'>ἐστι</span> 
     </span>
     <span class='ocr_line' id='line_1_18' title="bbox 269 1297 1593 1351; baseline 0.004 -16"><span class='ocrx_word' id='word_1_154' title='bbox 269 1297 465 1348; x_wconf 86' lang='grc' dir='ltr'>κρείττων,</span> <span class='ocrx_word' id='word_1_155' title='bbox 493 1301 571 1338; x_wconf 87' lang='grc' dir='ltr'>τῶν</span> <span class='ocrx_word' id='word_1_156' title='bbox 607 1297 639 1338; x_wconf 91' lang='grc' dir='ltr'>δ’</span> <span class='ocrx_word' id='word_1_157' title='bbox 666 1299 847 1351; x_wconf 80' lang='grc' dir='ltr'>αἰσχρῶν</span> <span class='ocrx_word' id='word_1_158' title='bbox 878 1298 1019 1348; x_wconf 86' lang='grc' dir='ltr'>ἥττων·</span> <span class='ocrx_word' id='word_1_159' title='bbox 1059 1299 1117 1341; x_wconf 78' lang='grc' dir='ltr'>οἷς</span> <span class='ocrx_word' id='word_1_160' title='bbox 1150 1299 1184 1339; x_wconf 86' lang='grc' dir='ltr'>δ’</span> <span class='ocrx_word' id='word_1_161' title='bbox 1215 1299 1291 1340; x_wconf 81' lang='grc' dir='ltr'>ὑπὸ</span> <span class='ocrx_word' id='word_1_162' title='bbox 1317 1299 1475 1340; x_wconf 88' lang='grc' dir='ltr'>πάντων</span> <span class='ocrx_word' id='word_1_163' title='bbox 1499 1302 1593 1340; x_wconf 87' lang='grc' dir='ltr'>δυο·-</span> 
     </span>
     <span class='ocr_line' id='line_1_19' title="bbox 268 1364 1592 1421; baseline 0.002 -17"><span class='ocrx_word' id='word_1_164' title='bbox 268 1364 505 1416; x_wconf 84' lang='grc' dir='ltr'>χεραίνεται,</span> <span class='ocrx_word' id='word_1_165' title='bbox 541 1364 694 1406; x_wconf 82' lang='grc' dir='ltr'>τούτοις</span> <span class='ocrx_word' id='word_1_166' title='bbox 728 1364 800 1415; x_wconf 77' lang='grc' dir='ltr'>τὴν</span> <span class='ocrx_word' id='word_1_167' title='bbox 827 1364 1002 1405; x_wconf 82' lang='grc' dir='ltr'>διάνοιαν</span> <span class='ocrx_word' id='word_1_168' title='bbox 1032 1365 1264 1417; x_wconf 81' lang='grc' dir='ltr'>ἀγάλλεται,</span> <span class='ocrx_word' id='word_1_169' title='bbox 1300 1369 1592 1421; x_wconf 82' lang='grc' dir='ltr'>αἰσχρορρημο-</span> 
     </span>
     <span class='ocr_line' id='line_1_20' title="bbox 268 1431 1593 1488; baseline 0.005 -18"><span class='ocrx_word' id='word_1_170' title='bbox 268 1431 370 1488; x_wconf 81' lang='grc' dir='ltr'>σύνῃ</span> <span class='ocrx_word' id='word_1_171' title='bbox 395 1431 456 1471; x_wconf 87' lang='grc' dir='ltr'>καὶ</span> <span class='ocrx_word' id='word_1_172' title='bbox 482 1434 534 1485; x_wconf 82' lang='grc' dir='ltr'>τῷ</span> <span class='ocrx_word' id='word_1_173' title='bbox 562 1434 787 1484; x_wconf 82' lang='grc' dir='ltr'>διηγεῖσθαι</span> <span class='ocrx_word' id='word_1_174' title='bbox 809 1431 915 1472; x_wconf 85' lang='grc' dir='ltr'>ταῦτ’</span> <span class='ocrx_word' id='word_1_175' title='bbox 933 1432 999 1485; x_wconf 86' lang='grc' dir='ltr'>ἐφ’</span> <span class='ocrx_word' id='word_1_176' title='bbox 1020 1434 1078 1475; x_wconf 77' lang='grc' dir='ltr'>οἷς</span> <span class='ocrx_word' id='word_1_177' title='bbox 1094 1434 1290 1485; x_wconf 82' lang='grc' dir='ltr'>ἆλγοῦσιν</span> <span class='ocrx_word' id='word_1_178' title='bbox 1316 1435 1353 1476; x_wconf 79' lang='grc' dir='ltr'>οἱ</span> <span class='ocrx_word' id='word_1_179' title='bbox 1369 1434 1593 1476; x_wconf 82' lang='grc' dir='ltr'>ἀκούοντες·</span> 
     </span>
     <span class='ocr_line' id='line_1_21' title="bbox 267 1497 1596 1552; baseline 0.002 -14"><span class='ocrx_word' id='word_1_180' title='bbox 267 1499 288 1538; x_wconf 88' lang='grc' dir='ltr'>ὁ</span> <span class='ocrx_word' id='word_1_181' title='bbox 303 1497 351 1545; x_wconf 74' lang='grc' dir='ltr'>δ’,</span> <span class='ocrx_word' id='word_1_182' title='bbox 368 1498 418 1541; x_wconf 81' lang='grc' dir='ltr'>ὡς</span> <span class='ocrx_word' id='word_1_183' title='bbox 436 1498 593 1552; x_wconf 73' lang='grc' dir='ltr'>ἀφελὴς</span> <span class='ocrx_word' id='word_1_184' title='bbox 610 1500 671 1540; x_wconf 83' lang='grc' dir='ltr'>καὶ</span> <span class='ocrx_word' id='word_1_185' title='bbox 688 1500 908 1551; x_wconf 87' lang='grc' dir='ltr'>παρρησίας</span> <span class='ocrx_word' id='word_1_186' title='bbox 927 1501 1087 1552; x_wconf 86' lang='grc' dir='ltr'>μεστός,</span> <span class='ocrx_word' id='word_1_187' title='bbox 1107 1501 1151 1540; x_wconf 86' lang='grc' dir='ltr'>οὐ</span> <span class='ocrx_word' id='word_1_188' title='bbox 1171 1502 1346 1542; x_wconf 84' lang='grc' dir='ltr'>παύεται.</span> <span class='ocrx_word' id='word_1_189' title='bbox 1409 1503 1472 1542; x_wconf 87' lang='grc' dir='ltr'>καὶ</span> <span class='ocrx_word' id='word_1_190' title='bbox 1489 1500 1596 1542; x_wconf 78' lang='grc' dir='ltr'>ταῦτ’</span> 
     </span>
     <span class='ocr_line' id='line_1_22' title="bbox 265 1564 1596 1619; baseline 0.002 -14"><span class='ocrx_word' id='word_1_191' title='bbox 265 1565 331 1605; x_wconf 82' lang='grc' dir='ltr'>οὐκ</span> <span class='ocrx_word' id='word_1_192' title='bbox 370 1564 418 1606; x_wconf 75' lang='grc' dir='ltr'>ἂν</span> <span class='ocrx_word' id='word_1_193' title='bbox 452 1566 625 1619; x_wconf 77' lang='grc' dir='ltr'>ἔγραψα,</span> <span class='ocrx_word' id='word_1_194' title='bbox 665 1568 697 1607; x_wconf 87' lang='grc' dir='ltr'>εἶ</span> <span class='ocrx_word' id='word_1_195' title='bbox 732 1566 784 1618; x_wconf 76' lang='grc' dir='ltr'>μὴ</span> <span class='ocrx_word' id='word_1_196' title='bbox 824 1569 981 1617; x_wconf 85' lang='grc' dir='ltr'>κινῆσαι</span> <span class='ocrx_word' id='word_1_197' title='bbox 1016 1568 1089 1617; x_wconf 79' lang='grc' dir='ltr'>τὴν</span> <span class='ocrx_word' id='word_1_198' title='bbox 1122 1568 1167 1608; x_wconf 85' lang='grc' dir='ltr'>ἐν</span> <span class='ocrx_word' id='word_1_199' title='bbox 1192 1569 1291 1619; x_wconf 84' lang='grc' dir='ltr'>,ὑμῖν</span> <span class='ocrx_word' id='word_1_200' title='bbox 1327 1567 1484 1619; x_wconf 85' lang='grc' dir='ltr'>μνήμην</span> <span class='ocrx_word' id='word_1_201' title='bbox 1517 1573 1596 1609; x_wconf 87' lang='grc' dir='ltr'>τῶν</span> 
     </span>
     <span class='ocr_line' id='line_1_23' title="bbox 266 1633 1595 1688; baseline 0.005 -17"><span class='ocrx_word' id='word_1_202' title='bbox 266 1633 497 1684; x_wconf 86' lang='grc' dir='ltr'>προσόντων</span> <span class='ocrx_word' id='word_1_203' title='bbox 529 1634 632 1688; x_wconf 80' lang='grc' dir='ltr'>αὐτῷ</span> <span class='ocrx_word' id='word_1_204' title='bbox 668 1638 795 1674; x_wconf 86' lang='grc' dir='ltr'>κακῶν</span> <span class='ocrx_word' id='word_1_205' title='bbox 827 1635 1073 1685; x_wconf 80' lang='grc' dir='ltr'>ἠβουλόμην.</span> <span class='ocrx_word' id='word_1_206' title='bbox 1143 1634 1170 1675; x_wconf 77' lang='grc' dir='ltr'>ἃ</span> <span class='ocrx_word' id='word_1_207' title='bbox 1198 1636 1276 1688; x_wconf 80' lang='grc' dir='ltr'>γὰρ</span> <span class='ocrx_word' id='word_1_208' title='bbox 1309 1637 1432 1676; x_wconf 83' lang='grc' dir='ltr'>εἰπεῖν</span> <span class='ocrx_word' id='word_1_209' title='bbox 1463 1635 1510 1675; x_wconf 84' lang='grc' dir='ltr'>ἄν</span> <span class='ocrx_word' id='word_1_210' title='bbox 1537 1652 1595 1677; x_wconf 89' lang='grc' dir='ltr'>τις</span> 
     </span>
     <span class='ocr_line' id='line_1_24' title="bbox 265 1698 1596 1754; baseline 0.004 -16"><span class='ocrx_word' id='word_1_211' title='bbox 265 1698 432 1749; x_wconf 79' lang='grc' dir='ltr'>ὀκνήσαι</span> <span class='ocrx_word' id='word_1_212' title='bbox 459 1701 522 1741; x_wconf 87' lang='grc' dir='ltr'>καὶ</span> <span class='ocrx_word' id='word_1_213' title='bbox 550 1700 704 1753; x_wconf 80' lang='grc' dir='ltr'>γράψαι</span> <span class='ocrx_word' id='word_1_214' title='bbox 730 1701 939 1754; x_wconf 78' lang='grc' dir='ltr'>φυλάξαιτ’</span> <span class='ocrx_word' id='word_1_215' title='bbox 965 1702 1024 1748; x_wconf 82' lang='grc' dir='ltr'>ἄν,</span> <span class='ocrx_word' id='word_1_216' title='bbox 1052 1701 1160 1752; x_wconf 81' lang='grc' dir='ltr'>οἶμαι</span> <span class='ocrx_word' id='word_1_217' title='bbox 1191 1705 1235 1743; x_wconf 83' lang='grc' dir='ltr'>δὲ</span> <span class='ocrx_word' id='word_1_218' title='bbox 1267 1701 1339 1742; x_wconf 82' lang='grc' dir='ltr'>κᾶν</span> <span class='ocrx_word' id='word_1_219' title='bbox 1371 1703 1596 1743; x_wconf 83' lang='grc' dir='ltr'>ἀκούσαντα</span> 
     </span>
     <span class='ocr_line' id='line_1_25' title="bbox 265 1767 1596 1821; baseline 0.004 -16"><span class='ocrx_word' id='word_1_220' title='bbox 265 1770 517 1820; x_wconf 78' lang='grc' dir='ltr'>δυσχερᾶναι,</span> <span class='ocrx_word' id='word_1_221' title='bbox 545 1767 651 1807; x_wconf 69' lang='grc' dir='ltr'>ταῦτ’</span> <span class='ocrx_word' id='word_1_222' title='bbox 675 1768 753 1808; x_wconf 85' lang='grc' dir='ltr'>ἀπὸ</span> <span class='ocrx_word' id='word_1_223' title='bbox 778 1769 928 1809; x_wconf 88' lang='grc' dir='ltr'>τούτων</span> <span class='ocrx_word' id='word_1_224' title='bbox 950 1770 1144 1820; x_wconf 84' lang='grc' dir='ltr'>μνησθεὶς</span> <span class='ocrx_word' id='word_1_225' title='bbox 1165 1769 1272 1810; x_wconf 80' lang='grc' dir='ltr'>οἶδεν</span> <span class='ocrx_word' id='word_1_226' title='bbox 1297 1770 1465 1811; x_wconf 84' lang='grc' dir='ltr'>ἕκαστος</span> <span class='ocrx_word' id='word_1_227' title='bbox 1489 1771 1596 1821; x_wconf 81' lang='grc' dir='ltr'>ὑμῶν</span> 
     </span>
     <span class='ocr_line' id='line_1_26' title="bbox 267 1834 1595 1890; baseline 0.002 -16"><span class='ocrx_word' id='word_1_228' title='bbox 267 1836 400 1874; x_wconf 84' lang='grc' dir='ltr'>πολλὰ</span> <span class='ocrx_word' id='word_1_229' title='bbox 423 1835 486 1875; x_wconf 90' lang='grc' dir='ltr'>καὶ</span> <span class='ocrx_word' id='word_1_230' title='bbox 511 1837 619 1874; x_wconf 77' lang='grc' dir='ltr'>δεινὰ</span> <span class='ocrx_word' id='word_1_231' title='bbox 646 1834 707 1874; x_wconf 86' lang='grc' dir='ltr'>καὶ</span> <span class='ocrx_word' id='word_1_232' title='bbox 734 1837 883 1888; x_wconf 80' lang='grc' dir='ltr'>αἰσχρὰ</span> <span class='ocrx_word' id='word_1_233' title='bbox 908 1836 1030 1890; x_wconf 81' lang='grc' dir='ltr'>τούτῳ</span> <span class='ocrx_word' id='word_1_234' title='bbox 1061 1836 1277 1888; x_wconf 88' lang='grc' dir='ltr'>προσόντα,</span> <span class='ocrx_word' id='word_1_235' title='bbox 1305 1835 1403 1877; x_wconf 81' lang='grc' dir='ltr'>ὥστ’</span> <span class='ocrx_word' id='word_1_236' title='bbox 1432 1837 1525 1887; x_wconf 78' lang='grc' dir='ltr'>ἐμοί</span> <span class='ocrx_word' id='word_1_237' title='bbox 1553 1853 1595 1877; x_wconf 95' lang='grc' dir='ltr'>τε</span> 
     </span>
     <span class='ocr_line' id='line_1_27' title="bbox 264 1903 1595 1955; baseline 0.004 -16"><span class='ocrx_word' id='word_1_238' title='bbox 264 1903 384 1951; x_wconf 82' lang='grc' dir='ltr'>μηδὲν</span> <span class='ocrx_word' id='word_1_239' title='bbox 422 1903 576 1944; x_wconf 83' lang='grc' dir='ltr'>ἀναιδὲς</span> <span class='ocrx_word' id='word_1_240' title='bbox 613 1904 804 1954; x_wconf 84' lang='grc' dir='ltr'>εἰρῆσθαι,</span> <span class='ocrx_word' id='word_1_241' title='bbox 844 1903 906 1943; x_wconf 87' lang='grc' dir='ltr'>καὶ</span> <span class='ocrx_word' id='word_1_242' title='bbox 935 1907 1072 1943; x_wconf 80' lang='grc' dir='ltr'>τοῦτον</span> <span class='ocrx_word' id='word_1_243' title='bbox 1107 1904 1317 1955; x_wconf 87' lang='grc' dir='ltr'>ὑπόμνημα</span> <span class='ocrx_word' id='word_1_244' title='bbox 1346 1908 1424 1944; x_wconf 86' lang='grc' dir='ltr'>τῶν</span> <span class='ocrx_word' id='word_1_245' title='bbox 1456 1906 1595 1944; x_wconf 82' lang='grc' dir='ltr'>ἑαυτοῦ</span> 
     </span>
     <span class='ocr_line' id='line_1_28' title="bbox 267 1969 1159 2023; baseline 0.003 -16"><span class='ocrx_word' id='word_1_246' title='bbox 267 1973 392 2008; x_wconf 87' lang='grc' dir='ltr'>κακῶν</span> <span class='ocrx_word' id='word_1_247' title='bbox 418 1969 594 2021; x_wconf 79' lang='grc' dir='ltr'>ὀφθέντα</span> <span class='ocrx_word' id='word_1_248' title='bbox 619 1973 743 2010; x_wconf 75' lang='grc' dir='ltr'>πᾶσιν</span> <span class='ocrx_word' id='word_1_249' title='bbox 765 1970 877 2010; x_wconf 81' lang='grc' dir='ltr'>εἶναι.</span> <span class='ocrx_word' id='word_1_250' title='bbox 948 1970 1159 2023; x_wconf 84' lang='grc' dir='ltr'>εὐτυχεῖτε.</span> 
     </span>
     <span class='ocr_line' id='line_1_29' title="bbox 309 2078 1592 2120; baseline 0.001 -11"><span class='ocrx_word' id='word_1_251' title='bbox 309 2086 328 2116; x_wconf 90' lang='grc'>5</span> <span class='ocrx_word' id='word_1_252' title='bbox 353 2078 580 2118; x_wconf 79' lang='grc' dir='ltr'>ἠγωνισμένοις</span> <span class='ocrx_word' id='word_1_253' title='bbox 595 2078 620 2108; x_wconf 89' lang='lat' dir='ltr'>F</span> <span class='ocrx_word' id='word_1_254' title='bbox 714 2089 752 2108; x_wconf 82' lang='lat'>12</span> <span class='ocrx_word' id='word_1_255' title='bbox 778 2082 964 2120; x_wconf 83' lang='grc' dir='ltr'>προελθοιτο</span> <span class='ocrx_word' id='word_1_256' title='bbox 979 2078 1017 2109; x_wconf 88' lang='lat' dir='ltr'>Sl</span> <span class='ocrx_word' id='word_1_257' title='bbox 1120 2090 1224 2119; x_wconf 86' lang='lat'><strong>19-20</strong></span> <span class='ocrx_word' id='word_1_258' title='bbox 1250 2083 1266 2111; x_wconf 86' lang='grc' dir='ltr'><em>ὁ</em></span> <span class='ocrx_word' id='word_1_259' title='bbox 1280 2083 1306 2111; x_wconf 78' lang='grc' dir='ltr'>δ’</span> <span class='ocrx_word' id='word_1_260' title='bbox 1322 2082 1360 2112; x_wconf 71' lang='grc' dir='ltr'>ὰς</span> <span class='ocrx_word' id='word_1_261' title='bbox 1376 2080 1401 2110; x_wconf 82' lang='lat' dir='ltr'>F</span> <span class='ocrx_word' id='word_1_262' title='bbox 1416 2091 1423 2110; x_wconf 75' lang='grc' dir='ltr'><strong>ε</strong></span> <span class='ocrx_word' id='word_1_263' title='bbox 1440 2081 1522 2112; x_wconf 85' lang='grc' dir='ltr'>ὅλως</span> <span class='ocrx_word' id='word_1_264' title='bbox 1535 2079 1592 2118; x_wconf 84' lang='lat' dir='ltr'>SQ</span> 
     </span>
     <span class='ocr_line' id='line_1_30' title="bbox 266 2122 1593 2163; baseline 0.003 -13"><span class='ocrx_word' id='word_1_265' title='bbox 266 2131 308 2150; x_wconf 87' lang='lat'>22</span> <span class='ocrx_word' id='word_1_266' title='bbox 331 2122 392 2161; x_wconf 64' lang='grc' dir='ltr'>’γὰρ</span> <span class='ocrx_word' id='word_1_267' title='bbox 408 2122 447 2152; x_wconf 76' lang='grc' dir='ltr'>ἂν</span> <span class='ocrx_word' id='word_1_268' title='bbox 464 2123 561 2153; x_wconf 82' lang='grc' dir='ltr'>εἰπεῖν</span> <span class='ocrx_word' id='word_1_269' title='bbox 574 2123 613 2152; x_wconf 75' lang='grc' dir='ltr'>ἂν</span> <span class='ocrx_word' id='word_1_270' title='bbox 632 2122 656 2152; x_wconf 88' lang='lat' dir='ltr'>F</span> <span class='ocrx_word' id='word_1_271' title='bbox 760 2133 800 2161; x_wconf 86' lang='lat'>23</span> <span class='ocrx_word' id='word_1_272' title='bbox 825 2122 908 2162; x_wconf 79' lang='grc' dir='ltr'>οἶμαι</span> <span class='ocrx_word' id='word_1_273' title='bbox 926 2123 950 2153; x_wconf 88' lang='lat' dir='ltr'>S</span> <span class='ocrx_word' id='word_1_274' title='bbox 966 2123 1011 2153; x_wconf 89' lang='lat' dir='ltr'>F:</span> <span class='ocrx_word' id='word_1_275' title='bbox 1037 2126 1138 2162; x_wconf 69' lang='grc' dir='ltr'>οἴομαι</span> <span class='ocrx_word' id='word_1_276' title='bbox 1156 2124 1246 2162; x_wconf 82' lang='lat' dir='ltr'><strong>vulg.</strong></span> <span class='ocrx_word' id='word_1_277' title='bbox 1342 2133 1382 2162; x_wconf 77' lang='lat'>25</span> <span class='ocrx_word' id='word_1_278' title='bbox 1409 2126 1477 2163; x_wconf 83' lang='grc' dir='ltr'>ἐμοί</span> <span class='ocrx_word' id='word_1_279' title='bbox 1493 2138 1528 2155; x_wconf 91' lang='grc' dir='ltr'>τε</span> <span class='ocrx_word' id='word_1_280' title='bbox 1547 2124 1570 2154; x_wconf 92' lang='lat' dir='ltr'>S</span> <span class='ocrx_word' id='word_1_281' title='bbox 1586 2135 1593 2154; x_wconf 74' lang='grc' dir='ltr'>ε</span> 
     </span>
     <span class='ocr_line' id='line_1_31' title="bbox 267 2164 479 2205; baseline -0.005 -10"><span class='ocrx_word' id='word_1_282' title='bbox 267 2165 372 2205; x_wconf 80' lang='grc' dir='ltr'>ἔμοιγε</span> <span class='ocrx_word' id='word_1_283' title='bbox 390 2164 479 2204; x_wconf 83' lang='lat' dir='ltr'>vulg.</span> 
     </span>
     <span class='ocr_line' id='line_1_32' title="bbox 315 2219 634 2260; baseline 0.003 -10"><span class='ocrx_word' id='word_1_284' title='bbox 315 2219 353 2250; x_wconf 89' lang='lat' dir='ltr'>In</span> <span class='ocrx_word' id='word_1_285' title='bbox 370 2219 394 2250; x_wconf 88' lang='lat' dir='ltr'>S</span> <span class='ocrx_word' id='word_1_286' title='bbox 411 2220 634 2260; x_wconf 84' lang='lat' dir='ltr'><strong>subscriptum</strong></span> 
     </span>
    </p>
   </div>
   <div class='ocr_carea' id='block_1_5' title="bbox 672 2279 1182 2353">
    <p class='ocr_par' dir='ltr' id='par_1_5' title="bbox 672 2279 1182 2353">
     <span class='ocr_line' id='line_1_33' title="bbox 672 2279 1182 2309; baseline 0.006 -3"><span class='ocrx_word' id='word_1_287' title='bbox 672 2279 778 2308; x_wconf 83' lang='grc' dir='ltr'><strong>ΠΡΟΣ</strong></span> <span class='ocrx_word' id='word_1_288' title='bbox 801 2279 879 2308; x_wconf 62' lang='lat' dir='ltr'>TA}</span> <span class='ocrx_word' id='word_1_289' title='bbox 906 2281 1182 2309; x_wconf 81' lang='grc' dir='ltr'>ΘΗΡΑΜΕΝΟὙΣ</span> 
     </span>
     <span class='ocr_line' id='line_1_34' title="bbox 793 2324 1056 2353; baseline 0.011 -3"><span class='ocrx_word' id='word_1_290' title='bbox 793 2324 950 2351; x_wconf 78' lang='grc' dir='ltr'><strong>ΒΛΑΣΦΗ</strong></span> <span class='ocrx_word' id='word_1_291' title='bbox 957 2324 1056 2353; x_wconf 81' lang='grc' dir='ltr'><strong>ΜῙΑΣ</strong></span> 
     </span>
    </p>
   </div>
   <div class='ocr_carea' id='block_1_6' title="bbox 905 2370 958 2405">
    <p class='ocr_par' dir='ltr' id='par_1_6' title="bbox 905 2370 958 2405">
     <span class='ocr_line' id='line_1_35' title="bbox 905 2370 958 2405; baseline 0.019 -1"><span class='ocrx_word' id='word_1_292' title='bbox 905 2370 958 2405; x_wconf 66' lang='lat' dir='ltr'>fii</span> 
     </span>
    </p>
   </div>
   <div class='ocr_carea' id='block_1_7' title="bbox 1616 847 1654 869">
    <p class='ocr_par' dir='ltr' id='par_1_7' title="bbox 1616 847 1654 869">
     <span class='ocr_line' id='line_1_36' title="bbox 1616 847 1654 869; baseline -0.026 0"><span class='ocrx_word' id='word_1_293' title='bbox 1616 847 1654 869; x_wconf 91' lang='lat'>10</span> 
     </span>
    </p>
   </div>
   <div class='ocr_carea' id='block_1_8' title="bbox 1618 1183 1654 1215">
    <p class='ocr_par' dir='ltr' id='par_1_8' title="bbox 1618 1183 1654 1215">
     <span class='ocr_line' id='line_1_37' title="bbox 1618 1183 1654 1215; baseline 0 0"><span class='ocrx_word' id='word_1_294' title='bbox 1618 1183 1654 1215; x_wconf 84' lang='grc' dir='ltr'>Ι5</span> 
     </span>
    </p>
   </div>
   <div class='ocr_carea' id='block_1_9' title="bbox 1618 1520 1657 1541">
    <p class='ocr_par' dir='ltr' id='par_1_9' title="bbox 1618 1520 1657 1541">
     <span class='ocr_line' id='line_1_38' title="bbox 1618 1520 1657 1541; baseline 0.026 -1"><span class='ocrx_word' id='word_1_295' title='bbox 1618 1520 1657 1541; x_wconf 88' lang='grc'>20</span> 
     </span>
    </p>
   </div>
   <div class='ocr_carea' id='block_1_10' title="bbox 1617 1855 1655 1887">
    <p class='ocr_par' dir='ltr' id='par_1_10' title="bbox 1617 1855 1655 1887">
     <span class='ocr_line' id='line_1_39' title="bbox 1617 1855 1655 1887; baseline 0 0"><span class='ocrx_word' id='word_1_296' title='bbox 1617 1855 1655 1887; x_wconf 81' lang='lat'>25</span> 
     </span>
    </p>
   </div>
  </div>
 </body>
</html>
