1763 2778
147 115 246 171 xm]
533 119 699 156 ΠΡΟΣ
745 118 1095 156 ΤΙΜΟΘΕΟΝ
1495 114 1631 167 [1193]

147 220 199 275 τῷ
225 218 428 274 ἀκολούθῳ
461 221 515 273 τῷ
549 217 701 263 τούτου,
738 216 794 257 ὅτ’
830 216 1012 268 ἐπέμφθη
1052 216 1103 258 ὡς
1135 215 1203 256 τὸν
1233 216 1383 269 πατέρα
1405 217 1475 258 τὸν

147 285 242 337 ἐμὸν
265 285 341 327 ὑπὸ
365 285 516 332 τούτου,
545 285 608 326 καὶ
631 284 764 341 ᾐτεῖτο
789 286 837 324 τὰ
863 284 1074 336 στρώματα
1099 283 1161 324 καὶ
1186 282 1234 323 τὰ
1261 283 1394 335 ἱμάτια
1414 284 1476 324 καὶ

146 355 216 395 τὰς
241 352 403 407 φιάλας,
432 353 494 393 καὶ
517 352 589 403 τὴν
612 354 713 403 μνᾶν
739 355 807 392 τοῦ
836 351 1026 404 ἀργυρίου
1054 351 1298 397 ἐδανείσατο,
1333 352 1473 404 ἀφικο-

145 420 275 472 μένων
301 421 352 463 ὡς
383 423 522 461 τοῦτον
554 418 744 460 Ἀλκέτου
782 420 845 460 καὶ
876 418 1069 461 Ἰάσονος.
1140 419 1399 461 ἀπαιτοῦντος
1433 422 1475 460 δὲ
1497 436 1539 469 32

109 508 125 538 5
146 491 213 527 τοῦ
244 487 516 539 Τιμοσθένους
549 488 618 528 τὰς
652 486 802 539 φιάλας
839 485 907 527 τὸν
942 487 1167 538 Φορμίωνα,
1204 486 1337 537 ἐπειδὴ
1366 486 1472 537 ῆκεν,

146 556 439 607 ἀποδημοῦντος
464 553 659 605 Τιμοθέου
686 555 790 607 παρὰ
815 558 996 605 βασιλεῖ,
1025 555 1152 595 πείθει
1167 553 1284 594 αὐτὸν
1310 554 1330 593 ὁ
1349 553 1475 606 πατὴρ

146 623 166 662 ὁ
192 622 284 674 ἐμὸς
307 621 423 674 τιμὴν
448 622 674 672 ἀπολαβεῖν
699 626 777 663 τῶν
802 625 972 674 φιαλῶν,
998 622 1098 663 ὅσον
1130 620 1227 674 ἦγον
1253 623 1291 662 αἱ
1317 621 1472 674 φιάλαι,

145 690 349 732 διακοσίας
379 689 589 743 τριάκοντα
623 688 734 730 ἑπτά.
807 690 869 730 καὶ
898 693 950 744 τῷ
980 691 1052 740 μὲν
1084 688 1324 740 Τιμοσθένει
1360 688 1476 740 τιμὴν

145 757 346 798 ἀπέδωκεν
371 761 448 798 τῶν
474 760 644 810 φιαλῶν,
673 760 807 797 τοῦτον
834 759 875 797 δὲ
896 756 1101 810 ἐγράψατο
1122 758 1223 811 αὑτῷ
1243 757 1472 809 ὀφείλοντα,

88 846 126 867 10
145 824 242 877 πρὸς
266 824 311 865 τὸ
337 824 440 865 ἄλλο
469 824 597 879 χρέως
623 823 642 863 ὃ
669 824 780 865 οὗτος
807 823 907 879 αὐτῷ
934 824 1120 877 ὤφειλεν,
1147 822 1167 863 ὃ
1192 823 1403 864 ἀπέτεισεν
1422 827 1474 878 τῷ
1517 856 1526 864 .

145 891 384 943 Τιμοσθένει
409 896 487 933 τῶν
513 895 685 945 φιαλῶν.
758 893 820 932 καὶ
845 895 967 932 ταῦτα
982 891 1111 932 πάντα
1130 892 1191 931 ὅτι
1209 891 1335 941 ἀληθῆ
1353 889 1472 943 λέγω,
1498 908 1541 941 33

145 960 292 1001 τούτων
323 961 416 1012 ὑμῖν
451 959 727 1012 ἀναγνώσεται
756 958 826 1000 τὰς
849 959 1072 1011 μαρτυρίας,
1111 962 1266 1010 πρῶτον
1297 960 1369 1009 μὲν
1398 961 1474 998 τῶν

145 1027 293 1068 δόντων
321 1026 366 1068 τὸ
390 1027 574 1080 ἀργύριον
609 1027 666 1068 οἶς
691 1026 803 1068 οὗτος
836 1025 1047 1066 ἐκέλευσεν
1076 1025 1154 1065 ἀπὸ
1183 1027 1251 1075 τῆς
1283 1024 1474 1076 τραπέζης

146 1095 209 1136 καὶ
235 1093 531 1146 ἐπικαθημένων
555 1095 658 1140 τότε,
685 1093 820 1134 ἔπειτα
852 1097 919 1134 τοῦ
949 1093 1228 1144 ἀπολαβόντος
1265 1091 1337 1143 τὴν
1360 1092 1475 1144 τιμὴν

88 1180 124 1211 15
144 1165 221 1203 τῶν
246 1166 417 1216 φιαλῶν.

704 1247 931 1278 MAPTTPIAI.
1500 1228 1634 1284 [1194]

211 1327 314 1371 “On
337 1332 409 1381 μὲν
443 1329 575 1372 τοίνυν
602 1331 646 1372 οὐ
678 1330 876 1383 ψεύδομαι
905 1331 1000 1380 πρὸς
1031 1328 1129 1379 ὑμᾶς
1155 1326 1243 1379 περὶ
1270 1329 1325 1367 ὧν
1351 1327 1474 1372 εἶπον,

146 1401 223 1438 τῶν
247 1401 467 1451 μαρτυριῶν
493 1395 903 1451 ἀναγιγνωσκομένων
919 1395 1125 1445 ἀκηκόατε.
1196 1395 1256 1435 ὅτι
1273 1393 1315 1434 δέ
1332 1412 1399 1445 μοι
1415 1394 1476 1434 καὶ

146 1464 262 1507 αὐτὸς
285 1465 398 1508 οὗτος
423 1465 620 1519 ὡμολόγει
644 1465 692 1506 τὰ
718 1464 818 1516 ξύλα
842 1462 888 1503 τὰ
915 1461 1154 1514 κομισθέντα
1178 1461 1253 1503 ὑπὸ
1269 1461 1475 1502 Φιλώνδου

87 1553 127 1575 20
148 1533 202 1574 εἰς
235 1531 307 1584 τὴν
344 1533 471 1573 οἰκίαν
505 1531 577 1583 τὴν
606 1535 744 1575 ἑαυτοῦ
780 1531 1094 1581 ἀνακομισθῆναι
1118 1528 1190 1581 τὴν
1215 1530 1257 1570 ἐν
1283 1531 1474 1581 Πειραιεῖ,

146 1599 293 1641 τούτων
316 1600 407 1651 ὑμῖν
431 1600 706 1653 ἀναγνώσεται
731 1600 801 1651 τὴν
825 1598 1053 1651 μαρτυρίαν.

712 1714 923 1742 ΜΑΡΤΎῬΙΑ.

211 1793 286 1838 εΩς
310 1797 383 1847 μὲν
407 1797 538 1837 τοίνυν
563 1796 700 1836 τούτου
727 1794 773 1846 ἦν
798 1793 846 1835 τὰ
871 1794 971 1845 ξύλα
997 1794 1020 1834 ὃ.
1044 1792 1194 1845 ἤγαγεν
1210 1792 1229 1831 ὁ
1255 1791 1474 1836 Φιλώνδας,
1498 1804 1542 1838 34

147 1862 262 1905 αὐτός
308 1880 374 1915 μοι
419 1863 725 1915 μεμαρτύρηκεν’
776 1862 973 1915 ὡμολόγει
1020 1859 1095 1913 γὰρ
1143 1860 1240 1900 αὐτὰ
1286 1857 1382 1911 πρὸς
1423 1862 1475 1912 τῷ

89 1949 127 1979 25
148 1933 325 1987 διαιτητῇ
355 1931 669 1981 ἀνακομισθῆναι
706 1931 760 1972 εἰς
795 1929 866 1979 τὴν
903 1928 1028 1969 οἰκίαν
1064 1926 1136 1977 τὴν
1170 1928 1307 1967 ἑαυτοῦ
1338 1927 1409 1977 τὴν
1436 1926 1477 1965 ἐν

149 2000 339 2049 Πειραιεῖ,
375 1997 426 2040 ὡς
450 1997 742 2050 μεμαρτύρηται
782 1998 872 2047 ὑμῖν
904 1996 980 2037 ὑπὸ
1010 1999 1086 2035 τῶν
1112 1994 1348 2034 ἀκουόντων.
1421 1992 1478 2032 ἔτι

148 2066 189 2104 δὲ
217 2064 279 2106 καὶ
305 2065 348 2105 ἐκ
371 2066 589 2117 τεκμηρίων
613 2063 853 2116 πειράσομαι
878 2064 956 2116 ἐγὼ
980 2064 1080 2113 ὑμᾶς
1099 2060 1253 2112 διδάξαι
1272 2062 1332 2100 ὅτι
1349 2061 1477 2110 ἀληθῆ

147 2130 267 2184 λέγω.
338 2134 471 2173 οἴεσθε
508 2131 596 2184 γάρ,
635 2129 664 2171 ὦ
702 2131 838 2184 ἄνδρες
881 2131 1076 2176 δικασταί,
1115 2128 1183 2170 τὸν
1220 2128 1370 2180 πατέρα
1410 2130 1478 2167 τόν
1499 2141 1540 2177 35

191 2251 211 2280 3
234 2242 251 2274 ‘b
278 2243 465 2275 ἐδανείσατο
491 2242 603 2273 codd.:
635 2243 652 2274 ὒ
682 2243 745 2274 del.
776 2242 905 2273 Reiske
995 2240 1187 2282 ἀφικομένου
1214 2240 1246 2270 Α
1377 2242 1398 2270 6
1421 2241 1478 2270 τοῦ

148 2287 296 2325 Τιμοθέου
312 2286 344 2317 Α
451 2296 468 2326 7
492 2288 588 2326 τίμην
604 2286 629 2316 S
645 2286 746 2326 vulg..
766 2287 808 2318 cs.
827 2289 863 2324 ἓξ
882 2296 936 2324 35,
953 2288 1006 2318 62,
1028 2286 1112 2316 Isae.
1131 2296 1150 2314 v
1168 2294 1204 2314 21
1226 2296 1233 2315 :
1257 2285 1317 2321 τὴν
1335 2284 1431 2321 τίμην
1447 2281 1477 2310 Λ

153 2339 192 2359 10
216 2331 301 2370 αὐτῷ
316 2329 372 2361 A:
405 2331 500 2363 αὐτὸς
525 2335 601 2361 cett.
720 2330 888 2362 ἀπέτεισεν
916 2330 964 2360 S:
1001 2328 1150 2360 ἀπέτισεν
1177 2327 1229 2358 A:
1263 2327 1426 2368 ἀπῄτησεν
1453 2325 1478 2355 F

153 2382 165 2402 1
176 2382 187 2402 1
215 2372 321 2405 πάντα
333 2384 399 2404 om.
416 2374 442 2404 F
454 2374 484 2413 Q
497 2374 526 2404 D
620 2384 658 2404 12
683 2375 740 2406 τὰς
754 2388 785 2413 μ.
800 2375 910 2414 ἀναγν.
928 2373 952 2403 S
967 2373 1028 2402 sed
1043 2382 1117 2402 cum
1131 2372 1220 2402 notis
1233 2370 1477 2409 transponendi

153 2416 191 2446 ³8
206 2430 258 2456 μοι
274 2427 338 2449 om.
355 2417 387 2447 A
514 2428 552 2459 19
577 2421 732 2459 ὁμολογεῖ
744 2417 776 2448 A
895 2427 936 2456 23
960 2417 1040 2457 ἦγεν
1057 2416 1088 2446 Α
1210 2425 1249 2454 27
1276 2417 1351 2454 ὑμᾶς
1373 2414 1435 2454 ἐγὼ
1448 2411 1480 2441 Α
