1763 2778
127 135 274 192 [1060]
358 117 362 122 ’
693 132 746 186 [Δ
759 137 796 174 H
809 138 849 174 M
862 137 898 175 O
909 137 985 174 ΣΘ
997 137 1075 174 EN
1087 131 1220 186 οΎΣ]
1513 131 1619 174 [mu

293 234 437 288 κλήρου
461 240 529 276 τοῦ
554 236 714 288 Ἁγνίου
742 240 794 290 τῷ
828 235 1077 287 Εὐβουλίδου
1104 237 1185 276 υἱεῖ
1209 234 1334 290 τούτῳ
1361 234 1424 276 καὶ
1455 236 1618 286 Μακαρ-

291 301 393 358 τάτῳ
431 305 569 358 τουτῳὶ
611 307 663 358 τῷ
710 303 954 354 Θεοπόμπου
993 305 1081 344 υἱεῖ·
1143 303 1206 343 καὶ
1248 302 1436 354 ὁπότερος
1471 301 1620 342 τούτων

293 370 511 422 δικαιότερα
535 370 668 422 λέγειν
695 368 800 420 δόξει
827 371 889 411 καὶ
916 372 1014 410 κατὰ
1036 370 1127 411 τοὺς
1151 370 1294 420 νόμους
1311 372 1479 420 μᾶλλον,
1497 371 1621 419 δῆλον

229 443 271 480 35
293 438 353 478 ὅτι
387 437 510 492 τούτῳ
546 439 656 488 ὑμεῖς
687 440 723 478 οἱ
749 438 930 478 δικασταὶ
955 436 1250 489 προσθήσεσθε.
1322 435 1622 488 Ἀιάγίγυωσκε

293 505 362 546 τὰς
385 505 595 557 μαρτυρίας
619 506 688 546 τὰς
714 505 965 551 ὑπολοίπους,
993 507 1149 556 πρῶτον
1172 506 1244 556 μὲν
1270 503 1372 555 ὄτιὴ
1399 502 1621 557 Φυλομάχη

293 571 316 622 ἡ
341 574 409 611 τοῦ
428 570 587 624 Ἁγνίου
611 572 720 622 τηθὶς
747 571 902 624 ἀδελφὴ
929 570 976 622 ἦν
1002 572 1220 623 ὁμοπατρία
1246 571 1307 611 καὶ
1327 570 1544 622 ὁμομητρία
1569 574 1622 624 τῷ

296 637 507 689 Πολέμωνι
542 642 595 694 τῷ
631 638 791 691 Ἃγνίου
835 639 965 691 πατρί·
1019 638 1151 680 ἔπειτα
1187 637 1258 681 τὰς
1297 638 1423 680 ἄλλας
1463 636 1622 680 ἁπάσας

274 705 566 758 ,ιἀἀγνώσεται
590 702 696 759 (τὰς)
721 706 809 758 περὶ
834 709 902 747 τοῦ
925 704 1075 759 γένους.

840 810 1065 838 ΜΑΡΤΎΡῙΑῙ.

351 868 592 916 Μαρτυροῦσι
612 866 768 917 δημόται
793 865 883 905 εἶναι
906 867 1082 919 Φιλάγρῳ
1102 869 1153 919 τῷ
1173 865 1409 916 Εὐβουλίδου
1434 866 1544 915 πατρὶ
1565 865 1625 904 καὶ

298 921 495 970 Πολέμωνι
527 924 578 972 τῷ
610 938 722 970 πατρι
753 924 804 973 τῷ
839 920 999 973 Αγνίου,
1038 922 1098 959 καὶ
1134 921 1263 959 εἶδέιαι
1295 921 1526 971 Φυλομάχην
1558 920 1626 969 τὴν

297 975 437 1024 μητέρα
463 993 531 1025 την
553 961 795 1025 Εὐβουλίδου
817 976 1013 1025 ιομιζομει
1015 993 1059 1025 ην
1087 975 1256 1024 αδελφην
1284 992 1373 1013 ειναι
1401 975 1625 1024 Πολέμωνος

143 1023 280 1079 [1061]
298 1046 363 1067 του
381 1031 517 1078 πατρὸς
535 1033 600 1068 τοῦ
619 1030 731 1082 ‘Ayu‘
715 1047 770 1068 lov
791 1031 1021 1080 ὁμοπατρίαν
1042 1048 1102 1067 και
1127 1031 1368 1080 ὁμομητρίαν,
1389 1047 1448 1067 και
1470 1029 1625 1080 μηδενὸς

299 1083 436 1122 πώποτ’
455 1086 611 1123 ἀκοῦσαι
631 1087 676 1125 ὡς
696 1086 759 1136 γέι
762 1102 839 1122 οιτο
861 1085 1026 1134 ἀδελφὸς
1047 1087 1246 1135 Πολέμωνι
1265 1087 1315 1136 τῷ
1332 1085 1493 1148 Ἀγνίου.

898 1183 1019 1210 ΑΛΛΗ.

240 1240 284 1284 36
355 1240 617 1289 Μαρτυροῦσιν
646 1239 840 1289 Οἰνάνθην,
870 1240 937 1289 τὴν
965 1239 1106 1289 μητέρα
1132 1241 1198 1278 τοῦ
1224 1239 1378 1277 πάππου
1401 1239 1468 1278 τοῦ
1491 1240 1628 1277 ἑαυτῶν

303 1294 561 1343 Στρατωνίδου,
583 1295 734 1343 ἀνεψιὰν
753 1294 842 1332 εἶναι
863 1298 901 1332 ἐκ
925 1294 1196 1344 πατραδέλφων
1223 1295 1421 1344 Πολέμωνι
1445 1296 1496 1344 τῷ
1515 1294 1627 1343 πατρὶ

303 1351 353 1399 τῷ
381 1347 538 1400 Ἀγνίου,
570 1348 627 1386 καὶ
658 1349 800 1386 ἀκούειν
827 1351 894 1387 τοῦ
922 1350 1061 1398 πατρὸς
1087 1352 1152 1386 τοῦ
1180 1352 1324 1397 ἑαυτῶν,
1347 1349 1403 1386 ὅτι
1429 1349 1627 1398 Πολέμωνι

305 1403 464 1452 ἀδελφὸς
484 1402 597 1443 οὐδεὶς
616 1403 756 1453 γένοιτο
780 1403 940 1449 πώποτε,
963 1406 1012 1454 τῷ
1035 1403 1147 1451 πατρὶ
1172 1407 1221 1454 τῷ
1241 1403 1402 1455 εΑγνίου,
1424 1403 1569 1453 ἀδελφὴ
1589 1403 1627 1441 δὲ

305 1458 510 1508 Φυλομάχη
531 1457 736 1506 ὁμοπατρία
756 1457 815 1495 καὶ
838 1458 1055 1507 ὁμομητρία,
1078 1458 1102 1506 ἡ
1121 1458 1244 1507 μήτηρ
1263 1458 1287 1507 ἡ
1306 1457 1543 1507 Εὐβουλίδου
1561 1461 1627 1496 τοῦ

305 1512 441 1561 πατρὸς
459 1514 524 1550 τοῦ
544 1511 769 1562 Φυλομάχης
787 1514 852 1560 τῆς
873 1513 1059 1551 Σωσιθέου
1079 1513 1258 1564 γυναικός.

900 1597 1019 1625 ΑΛΛΗ.

359 1655 549 1703 Μαρτυρεῖ
568 1670 750 1722 συγγενης
774 1653 863 1691 εἶναι
890 1654 949 1692 καὶ
976 1654 1124 1703 φράτηρ
1151 1671 1210 1692 και
1237 1654 1401 1703 δημότης
1417 1653 1549 1706 Ἀγιία
1569 1672 1627 1692 και

305 1708 532 1758 Εὐβουλίδῃ,
555 1724 613 1745 και
637 1709 779 1745 ἀκουειν
803 1711 867 1745 τοῦ
893 1709 1031 1758 πατρὸς
1056 1711 1122 1746 τοῦ
1151 1711 1287 1747 ἑαυτῶι
1316 1710 1376 1747 καὶ
1403 1712 1474 1747 τῶν
1501 1695 1629 1747 ἄλλων

305 1765 503 1814 συγγενῶν,
525 1761 581 1800 ὅτι
600 1762 762 1810 ἀδελφος
789 1762 901 1803 οὐδεις
931 1763 1073 1814 ε’γέιετο
1103 1765 1301 1813 Πολέμωιι
1329 1767 1379 1815 τῷ
1407 1763 1519 1812 πατρὶ
1546 1762 1630 1815 (τῷ)

304 1818 462 1868 “Αγνίου,
486 1816 629 1866 ἀδελφὴ
651 1815 680 1855 δ’
703 1818 911 1867 ὁμοπατρία
932 1818 992 1855 καὶ
1014 1819 1221 1867 ὁμομητρία
1240 1819 1449 1869 Φυλομάχη
1467 1820 1491 1867 ἡ
1506 1818 1629 1867 μήτηρ

304 1873 327 1921 ἡ
340 1872 574 1920 Εὐβουλίδου
587 1874 651 1910 τοῦ
664 1873 801 1921 πατρὸς
812 1870 912 1922 (τοῦ)
924 1872 1153 1922 Φυλομάχης
1164 1874 1229 1921 τῆς
1242 1873 1431 1911 Σωσιθέου
1445 1873 1624 1924 γυναικός.

901 1958 1021 1985 ΑΛΛΗ.

239 2027 283 2065 37
355 2015 547 2064 Blaprvpe‘t'
577 2014 730 2052 πάππον
763 2013 852 2052 εἶναι
884 2015 1012 2051 ἑαυτοῦ
1041 2011 1273 2064 Ἀρχίμαχον
1306 2015 1367 2053 καὶ
1396 2015 1631 2063 ποιήσασθαι

302 2067 428 2108 ἑαυτὸν
457 2068 544 2113 υἱόν,
579 2068 639 2106 καὶ
671 2068 759 2106 εἶναι
791 2067 902 2105 αὐτὸν
935 2070 1099 2118 συγγενῆ
1132 2069 1329 2117 Πολέμωνι
1358 2072 1409 2119 τῷ
1438 2071 1550 2119 πατρὶ
1579 2074 1629 2122 τῷ

302 2123 460 2175 Ἀγνίου,
483 2123 543 2162 καὶ
570 2124 714 2162 ἀκούειν
742 2122 974 2173 Ἀρχιμάχου
1001 2122 1061 2158 καὶ
1088 2124 1161 2161 τῶν
1189 2124 1316 2160 ἄλλων
1345 2127 1544 2175 συγγενῶν,
1575 2125 1630 2163 ὅτι

350 2237 389 2258 1-
393 2237 411 2258 2
435 2227 538 2268 τούτῳ
556 2227 607 2257 bis
627 2226 721 2256 codd.
741 2236 748 2244 ·
779 2225 894 2265 τουτῳὶ
914 2223 1014 2254 BlaSS
1189 2234 1209 2262 3
1234 2224 1345 2265 λέγειν
1362 2225 1443 2266 δόξει
1459 2225 1515 2258 A:
1539 2226 1630 2267 λέγει

301 2276 377 2303 cett.
449 2273 500 2303 καὶ
519 2281 583 2301 om.
602 2269 626 2300 S
694 2269 769 2301 τοὺς
786 2255 888 2298 habe‘t
904 2267 935 2297 A
948 2267 1040 2297 solus
1137 2278 1156 2306 4
1174 2272 1356 2308 προσθησθε
1374 2270 1398 2298 S
1504 2271 1524 2300 8
1540 2270 1632 2312 (τὰς)

301 2315 376 2346 add.
395 2314 494 2345 Blass
564 2324 602 2343 10
619 2323 691 2352 sqq.
711 2312 872 2342 testimm.
891 2321 955 2341 om.
973 2309 1123 2348 SFQD
1193 2321 1228 2340 11
1248 2314 1293 2351 τῷ
1308 2313 1450 2341 alterum
1466 2323 1503 2343 r:
1528 2316 1584 2345 ‘rosa
1600 2314 1630 2343 A

305 2360 343 2388 18
366 2361 425 2390 τοῦ
433 2359 495 2398 “yA
497 2358 561 2389 νίου
573 2357 682 2394 codd„
700 2365 786 2387 corr.
800 2354 950 2385 Dindorf
1020 2363 1058 2383 21
1083 2356 1140 2383 τοῦ
1152 2353 1266 2385 Blass:
1287 2357 1345 2392 τῆς
1358 2356 1457 2387 codd.
1522 2366 1563 2394 25
1585 2360 1630 2396 τῷ·

302 2401 466 2441 Πολέμωνι
485 2400 602 2431 codd.
595 2421 602 2427 ο
625 2402 669 2439 τῷ
682 2399 745 2429 del.
761 2397 861 2428 BlaSS
919 2395 995 2439 (τῷ)
1009 2396 1084 2426 add.
1104 2396 1252 2427 Dlndors
1307 2408 1347 2436 27
1372 2402 1428 2430 τοῦ
1441 2399 1517 2430 add.
1532 2399 1630 2430 Blass

301 2454 405 2484 29—31
425 2445 648 2485 ’.Αρχίλοχον
668 2465 676 2473 .
697 2440 925 2483 ᾎΑρχιλόχου
943 2440 1052 2480 codd„
1071 2449 1158 2470 corr.
1178 2440 1315 2471 Dobree
1332 2442 1406 2473 coll.
1427 2445 1442 2480 §
1459 2452 1500 2481 45

1643 512 1662 546 5

1645 883 1684 905 10

1648 1481 1688 1502 20
