1742 2774
74 118 213 172 [1034]

82 286 215 340 [1035]

171 432 215 467 23

171 835 215 868 24

648 117 1140 154 ΔΙΙλΙΟΣΘΕΝΟὙΣ
1249 133 1252 135 Α
1485 111 1560 166 [xm

236 214 322 254 ποτ’
348 215 416 255 οὐκ
443 214 553 256 εὐθὺς
577 213 790 267 ἠγανάκτει
814 213 903 265 περὶ
926 214 1072 260 αὐτῶιπ
1111 215 1152 254 τί
1179 216 1221 255 δὲ
1247 215 1560 266 συνεσημαίνετο

238 281 358 322 πάλιν
394 283 442 322 τὰ
476 283 598 332 μηδὲν
632 282 739 333 ὑγιὲς
775 283 869 321 ὄντα
900 280 990 332 μηδ’
1026 282 1154 331 ἀληθῆ
1189 280 1418 333 γράμματα;
1454 280 1561 322 τουτὶ

237 348 312 400 γὰρ
341 348 420 389 οὐδ’
451 348 499 389 ἂν
530 349 586 391 εἷς
619 347 744 398 δήπου
779 347 829 399 μὴ
868 351 993 388 πᾶσιν
1028 348 1236 400 ὁμολογῶν
1270 351 1351 391 τοῖς
1387 365 1558 401 γεγραμ-

235 414 369 466 μένοις
400 414 616 465 ποιήσειεν.
687 416 793 455 ἀλλὰ
820 413 911 467 μήν,
937 413 967 455 ὦ
994 414 1130 467 ἄνδρες
1158 415 1352 462 δικασταί,
1379 416 1494 455 τοῦτό
1515 432 1561 468 γε

237 482 366 522 δεινὸν
393 481 530 532 δήπου,
565 483 599 523 εἰ
632 481 731 535 πρὸς
761 483 810 522 τὰ
834 481 1154 536 συγκεχωρημέν’
1171 481 1239 523 ὑπ’
1262 482 1390 523 αὐτῶν
1412 482 1562 523 τούτων
1581 502 1599 534 5

237 548 395 600 ἐξέσται
420 552 488 590 νῦν
512 548 748 601 ἀντιλέγειν,
775 548 837 589 καὶ
860 551 983 599 μηδὲν
1007 552 1173 599 σημεῖον
1198 550 1289 600 ὑμῖν
1313 548 1438 596 ἔσται,
1463 549 1563 590 διότι

236 615 379 658 πάντες
415 615 616 668 ἄνθρωποι
651 614 749 667 πρὸς
789 617 838 656 τὰ
878 615 966 667 μήτ’
1007 617 1134 666 ἀληθῆ
1175 614 1273 666 μήτε
1315 617 1444 656 δίκαια
1483 619 1562 657 τῶν

236 682 496 735 ἐγκλημάτων
525 682 569 722 οὐ
600 685 867 728 κατασιωπᾶν,
895 683 1002 722 ἀλλὰ
1033 682 1260 736 παραχρῆμ’
1287 683 1563 736 ἀμφισβητεῖν

236 750 439 800 εἰώθαμεν,
465 748 518 800 μὴ
543 748 782 799 ποιήσαντες
807 751 847 790 δὲ
873 753 1006 796 ταῦτα,
1033 749 1081 790 ἂν
1105 750 1272 802 ὕστερον
1297 751 1560 797 ἀντιδικῶσιν,

235 816 401 868 πονηροὶ
426 815 490 856 καὶ
515 815 766 869 συκοφάνται
791 819 976 857 δοκοῦσιν
1001 816 1114 857 εἶναι.
1184 820 1304 857 ταῦτα
1331 819 1404 868 μὲν
1429 818 1562 857 τοίνυν
1586 841 1623 862 10

235 883 431 925 Σπουδίας
462 883 577 923 οὐδὲν
602 882 722 934 ἧττον
756 885 851 934 ἐμοῦ
875 883 1127 936 γιγνώσκων,
1154 884 1246 924 ἀλλ’
1271 884 1379 929 οἶμαι
1401 885 1474 936 μὲν
1499 883 1563 924 καὶ

235 950 536 1002 ἀκριβέστερον,
580 950 664 1005 ὅσῳ
708 950 771 990 καὶ
809 950 1048 1002 πυκνότερον
1090 952 1272 991 ἐνταυθοῖ
1312 950 1560 1004 παρέρχεται,

235 1020 358 1057 πᾶσιν
390 1018 551 1057 ἐναντία
579 1020 662 1060 τοῖς
694 1016 987 1069 πεπραγμένοις
1019 1018 1122 1072 αὑτῷ
1154 1016 1287 1070 λέγων
1321 1019 1390 1058 οὐκ
1417 1017 1560 1071 αἰσχύ-

234 1101 354 1125 νεται.
426 1085 551 1124 καίτοι
583 1083 778 1126 πολλάκις
811 1085 920 1135 ὑμεῖς
957 1084 998 1125 ἓν
1033 1085 1156 1135 μόνον
1191 1085 1423 1137 σκευώρημα
1452 1101 1560 1126 συνι-

235 1152 382 1197 δόντες,
407 1151 533 1206 τούτῳ
554 1153 650 1191 κατὰ
670 1155 747 1191 τῶν
763 1150 900 1191 ἄλλων
915 1154 994 1192 τῶν
1013 1151 1316 1203 ἐγκαλουμένων
1333 1151 1563 1206 ἐχρήσασθε
1587 1172 1623 1204 15

234 1219 440 1272 τεκμηρίῳ·
478 1218 602 1273 τούτῳ
637 1218 669 1258 δ’
704 1218 846 1259 ἅπανθ’
871 1217 939 1271 ὑφ’
969 1219 1088 1259 αὑτοῦ
1116 1218 1376 1271 συμβέβηκεν
1400 1218 1561 1271 ἐξελέγ-

234 1288 392 1338 χεσθαι.
466 1287 531 1326 καί
559 1303 626 1336 μοι
658 1287 763 1336 λαβὲ
793 1285 865 1336 τὴν
887 1286 1102 1338 μαρτυρίαν
1130 1285 1183 1328 ὡς
1208 1285 1449 1339 ὡμολογεῖτο
1472 1286 1564 1327 τότε

235 1353 283 1392 τὰ
308 1356 455 1403 σημεῖα
477 1356 557 1393 τῶν
580 1352 819 1405 γραμμάτων
843 1352 918 1394 ὑπὸ
941 1355 1010 1403 τῆς
1033 1352 1173 1394 τούτου
1197 1353 1392 1406 γυναικός,
1414 1353 1476 1394 καὶ
1494 1355 1563 1394 νῦν

234 1420 308 1460 ὑπὸ
334 1420 528 1461 Σπουδίου
552 1419 905 1471 κατασημανθέντα
931 1423 1063 1461 κεῖται.

796 1535 1005 1562 ΜΑΡΤὟῬΙΑ.
1584 1542 1625 1564 20

301 1597 465 1637 Τούτων
500 1598 633 1638 τοίνυν
669 1598 792 1640 οὕτως
825 1601 966 1650 σαφῶς
1002 1596 1354 1650 ἀποδεδειγμένων,
1391 1597 1562 1650 ἡγοῦμαι

235 1666 307 1715 μὲν
333 1664 447 1705 οὐδὲν
472 1664 530 1705 ἔτι
554 1667 636 1706 δεῖν
659 1665 784 1706 πλείω
809 1664 958 1717 λέγειν·
995 1666 1114 1706 ὁπότε
1133 1666 1209 1718 γὰρ
1230 1664 1291 1704 καὶ
1315 1665 1456 1716 νόμους
1481 1665 1561 1718 ἔχω

236 1730 484 1784 παρέχεσθαι
509 1731 572 1772 καὶ
594 1730 790 1784 μάρτυρας
820 1731 1005 1772 ἁπάντων
1036 1736 1114 1773 τῶν
1143 1731 1370 1784 εἰρημένων,
1399 1731 1461 1772 καὶ
1492 1730 1562 1772 τὸν

235 1799 431 1839 ἀντίδικον
457 1798 574 1839 αὐτὸν
599 1798 872 1851 ὁμολογοῦντά
894 1816 973 1850 μοι,
1001 1800 1041 1839 τί
1063 1802 1124 1840 δεῖ
1142 1801 1302 1851 μακρῶν
1325 1797 1384 1838 ἔτι
1407 1799 1559 1851 λόγων;

235 1865 340 1915 ὅμως
375 1863 410 1905 δ’
445 1863 496 1905 ἂν
529 1864 605 1917 ἄρα
641 1865 729 1917 περὶ
763 1867 833 1916 τῆς
874 1869 1033 1917 προικὸς
1073 1867 1275 1922 ἀγανακτῇ
1318 1865 1380 1905 καὶ
1423 1864 1561 1922 φάσκῃ
1583 1886 1620 1918 ²5

235 1933 563 1972 πλεονεκτεῖσθαι
586 1935 671 1974 ταῖς
696 1932 846 1986 χιλίαις
871 1934 1077 1986 δραχμαῖς,
1102 1933 1311 1986 ψεύσεται·
1349 1931 1462 1973 οὐδὲν
1486 1933 1561 1985 γὰρ

237 1998 343 2051 ἔχων
377 1999 546 2039 ἔλαττον
583 1999 838 2051 ἀμφισβητεῖ
871 1999 966 2051 πρὸς
1008 2000 1140 2046 αὐτάς,
1184 2000 1292 2040 ἀλλὰ
1333 1997 1470 2045 πλέον,
1509 1999 1562 2041 ὡς

270 2066 280 2079 ἳ
317 2066 328 2079 Ι
356 2063 367 2080 ἳ
408 2066 418 2079 C
451 2069 468 2078 Α
525 2066 539 2080 ν
807 2067 817 2080 Ι
957 2066 966 2080 ἱ
1034 2066 1046 2080 N
1120 2067 1130 2080 5
1195 2065 1204 2080 9
1262 2067 1272 2081 9
1339 2065 1348 2080 Ι
1506 2069 1523 2077 Α
1551 2064 1561 2080 5

75 2064 218 2119 [1036]
238 2082 355 2119 αυτιχ
397 2083 488 2116 υμιν
519 2082 633 2107 εσται
666 2071 851 2119 φανερον.
926 2083 971 2107 ου
1001 2084 1079 2118 μην
1112 2071 1192 2107 αλλ
1238 2083 1272 2107 ει
1297 2083 1424 2107 παντα
1452 2067 1549 2106 ταυθ

173 2123 218 2156 26

287 2177 299 2198 Ι
327 2170 382 2201 οὐκ
399 2180 463 2200 orn.
486 2168 511 2201 S
680 2180 699 2200 2
724 2170 819 2211 ὄντα]
838 2171 959 2210 ἔχοντα
975 2170 1043 2210 FQ
1212 2179 1231 2209 5
1255 2170 1379 2202 τούτων
1405 2168 1563 2212 (τούτοις)

238 2211 450 2251 Bockmeijcr
561 2214 583 2244 6
604 2214 678 2252 ὑμῖν
695 2213 724 2243 Α
740 2225 746 2244 :
771 2215 845 2253 ἡμῖν
862 2219 954 2250 cett,
976 2215 1036 2244 scd
1049 2214 1089 2244 cs.
1112 2214 1295 2255 ἐχρήσασθε
1311 2215 1468 2254 τεκμηρίῳ
1486 2216 1502 2251 §
1520 2223 1560 2253 24

242 2264 279 2286 10
303 2255 444 2296 δόξουσιν
462 2255 487 2287 S
626 2256 685 2296 μὲν
702 2258 764 2287 del.
789 2257 884 2288 Hlass
1053 2268 1060 2286 1
1076 2268 1082 2286 1
1111 2258 1170 2297 μὲν
1186 2259 1237 2289 καὶ
1255 2257 1353 2288 BlaSS
1369 2268 1376 2288 :
1399 2257 1459 2297 μὲν
1472 2255 1560 2289 SA:

238 2301 289 2331 καὶ
306 2300 392 2338 vulg.
532 2309 569 2340 14
593 2300 772 2333 συνειδότες
788 2300 819 2330 Α
963 2310 1000 2340 17
1025 2302 1222 2341 ὡμολογεῖτο
1238 2300 1314 2332 τότε
1331 2299 1355 2332 S
1371 2311 1378 2330 ε
1404 2300 1560 2340 ὡμολόγει

239 2342 314 2374 τότε
331 2342 362 2372 Α
374 2343 397 2373 F
411 2343 441 2382 Q
461 2343 528 2384 (hic
546 2343 612 2383 ὀμ.)
629 2354 636 2374 :
662 2344 852 2384 ὡμολόγητό
867 2358 902 2375 τε
922 2344 951 2374 D
1084 2354 1126 2374 20
1150 2349 1356 2378 ΜΑΡΊῪΡΕΣ
1374 2343 1398 2375 S
1517 2352 1555 2374 21

239 2389 348 2426 σαφῶς
365 2388 461 2419 οὕτως
478 2386 509 2416 Α
639 2396 680 2416 22
705 2387 791 2427 ἔχων
811 2387 834 2418 S
967 2396 1009 2426 23
1033 2388 1255 2428 παρασχέσθαι
1276 2389 1327 2419 καὶ
1343 2388 1511 2429 μαρτυρίας
1528 2386 1559 2418 Α

238 2438 278 2467 24
302 2429 349 2470 τί]
369 2443 418 2462 οτι
435 2430 459 2461 S
614 2439 654 2468 25
679 2430 774 2471 ὅμως]
794 2432 904 2470 ὁμοίως
922 2430 1019 2462 Stahl
1131 2444 1304 2472 αγανακτει
1321 2455 1328 2463 .
1345 2453 1355 2463 0
1375 2455 1383 2463 .
1400 2438 1516 2472 φασκει
1534 2431 1558 2462 S

237 2474 280 2502 26
302 2472 390 2514 χιλ.]
409 2474 606 2514 τρισχιλίαις
623 2473 648 2504 S
781 2484 821 2513 27
847 2475 1063 2515 ἀμφισβητεῖν
1079 2473 1104 2505 S
