1763 2778
118 141 263 197 [1065]
699 134 751 190 [Δ
763 139 800 176 H
813 134 1220 189 ΜΟΣΘΕΝΟὙΣ]
1509 132 1615 187 [x1m

893 235 1014 262 ΑΛΛΗ.

221 290 267 333 46
341 294 533 343 Μαρτυρεῖ
543 293 606 332 τὸν
618 292 758 341 πατέρα
770 294 834 341 τῆς
848 294 977 330 ἑαυτοῦ
989 292 1128 342 μητρὸς
1142 292 1436 342 Καλλίστρατον
1452 291 1618 340 ἀδελφὸν

288 349 378 387 εἶναι
411 349 621 398 Εὐκτήμονι
653 352 703 399 τῷ
735 348 1013 397 βασιλεύσαντι
1046 348 1106 385 καὶ
1136 348 1314 399 Φιλάγρῳ
1345 351 1396 398 τῷ
1426 347 1538 396 πατρὶ
1567 350 1618 398 τῷ

287 403 533 453 Εὐβουλίδου,
566 402 736 452 ἀνεψιοὺς
769 402 798 440 δ’
829 401 918 440 εἶναι
946 403 1097 442 τούτους
1124 402 1324 451 Πολέμωνι
1351 405 1400 453 τῷ
1429 401 1541 451 πατρὶ
1568 404 1618 452 τῷ

286 458 437 511 Ἀγνίου
464 457 524 495 καὶ
549 457 752 508 Χαριδήμῳ
775 460 825 508 τῷ
844 457 956 506 πατρὶ
976 461 1025 509 τῷ
1046 457 1283 506 Θεοπόμπου,
1307 456 1366 493 καὶ
1387 456 1529 494 ἀκούειν
1553 457 1619 505 τῆς
1639 480 1655 510 5

286 513 424 564 μητρὸς
442 514 508 561 τῆς
529 513 668 556 ἑαυτοῦ,
692 512 748 549 ὅτι
774 511 939 561 ἀδελφὸς
965 513 1008 549 οὐ
1033 512 1176 563 γένοιτο
1205 511 1402 560 Πολέμωνι
1431 514 1480 562 τῷ
1508 510 1619 559 πατρὶ

286 567 370 620 (τῷ)
388 567 550 619 ζΑγνίου,
572 566 719 615 ἀδελφὴ
741 565 779 604 δὲ
798 567 943 618 γένοιτο
964 565 1173 615 ὁμοπατρία
1194 566 1253 603 καὶ
1273 565 1482 616 ὁμομητρία
1501 567 1619 602 Φυλο-

285 624 399 674 μάχη,
422 621 481 660 καὶ
499 621 636 670 ταύτην
662 621 782 670 λάβοι
806 620 874 669 τὴν
899 621 1130 672 Φυλομάχην
1159 621 1358 672 Φίλαγρος,
1388 620 1448 657 καὶ
1475 619 1619 668 γένοιτο

288 678 329 724 ἐξ
365 678 483 715 αὐτῶν
519 675 758 725 Εὗβουλίδης
796 676 816 714 ὁ
853 675 976 725 πατὴρ
1014 676 1034 714 ὁ
1072 675 1299 727 Φυλομάχης
1332 676 1397 724 τῆς
1431 673 1619 715 Σωσιθέου

287 731 467 785 γυναικός.
1642 750 1680 771 10

224 846 268 881 47
354 842 603 896 Ἀναγνῶναι
630 844 704 894 μὲν
735 842 806 884 τὰς
834 841 1046 895 μαρτυρίας
1074 841 1219 883 ταύτας
1241 839 1290 892 ἐξ
1310 839 1482 893 ἀνάγκης
1506 839 1566 891 ἦν,
1593 838 1622 880 ὦ

289 910 428 963 ἄνδρες
452 911 646 956 δικασταί,
669 910 733 950 ἵνα
757 908 810 960 μὴ
835 912 880 950 τὸ
905 908 999 950 αὐτὸ
1023 908 1216 960 πάθοιμεν
1234 908 1331 960 ὅπερ
1350 911 1395 948 τὸ
1413 908 1617 960 πρότερον,

288 975 556 1030 ἀπαράσκευοι
580 976 803 1030 ληφθέντες
833 976 910 1017 ὑπὸ
939 977 1099 1017 τούτων.
1157 975 1262 1017 πολὺ
1294 978 1335 1017 δὲ
1364 974 1620 1028 σαφέστερον

290 1045 347 1087 ἔτι
382 1045 497 1087 αὐτὸς
533 1047 672 1085 ἑαυτοῦ
708 1041 972 1096 Μακάρτατος
1008 1043 1144 1084 οὑτοσὶ
1182 1041 1532 1095 καταμαρτυρήσει,
1560 1042 1620 1082 ὅτι

290 1113 378 1153 οὔτε
400 1112 628 1166 Θεοπόμπῳ
648 1115 700 1166 τῷ
721 1112 838 1164 πατρὶ
857 1115 910 1166 τῷ
931 1112 1050 1152 αὑτοῦ
1076 1111 1165 1151 οὔτε
1189 1110 1291 1165 αὐτῷ
1318 1110 1440 1164 τούτῳ
1466 1107 1616 1161 προσή-
1641 1131 1678 1162 15

292 1197 349 1221 κει
373 1179 530 1222 οὐδενὸς
557 1182 817 1231 κληρονομεῖν
846 1182 925 1219 τῶν
949 1177 1125 1230 “Αγνίου,
1151 1177 1258 1231 γένει
1286 1175 1474 1228 ἀπωτέρω
1508 1178 1619 1219 ὄντος

224 1254 268 1295 48
290 1251 360 1287 τοῦ
385 1247 630 1298 Θεοπόμπου
657 1247 720 1287 καὶ
743 1245 825 1286 οὐδ’
845 1247 888 1286 ἐκ
906 1249 974 1285 τοῦ
999 1246 1116 1286 αὐτοῦ
1140 1246 1247 1285 οἴκου
1270 1243 1315 1284 τὸ
1341 1241 1534 1296 παράπαν.
1586 1244 1620 1284 εἰ

289 1312 367 1367 γόρ
390 1331 448 1356 τις
485 1314 698 1366 ἀνακρίνοι,
734 1311 763 1353 ὦ
792 1312 932 1366 ἄνδρες
963 1312 1158 1360 δικασταί,
1190 1311 1325 1352 οὑτοσὶ
1361 1312 1420 1353 τίς
1457 1312 1568 1351 ἐστιν
1600 1310 1620 1350 ὁ

1601 1378 1620 1393 -v

291 1382 566 1434 ἀμφισβητῶν
598 1384 651 1436 τῷ
681 1380 792 1422 παιδὶ
822 1380 947 1435 τούτῳ
981 1383 1050 1421 τοῦ
1087 1378 1232 1432 κλήρου
1267 1382 1336 1419 τοῦ
1359 1376 1540 1431 εΑγνίου,·
1579 1395 1621 1418 ευ

292 1448 365 1489 οἶδ’
397 1449 458 1489 ὅτι
489 1447 735 1499 ἀποκρίναιτ’
774 1446 835 1495 ἄν,
876 1444 1151 1498 Μακάρτατος.
1221 1447 1328 1489 τίνος
1363 1444 1418 1486 ὢν
1454 1445 1618 1497 πατρός,·
1643 1469 1682 1490 20

127 1510 272 1565 [1066]
295 1515 549 1566 Θεοπόμπου.
632 1517 781 1567 μητρὸς
829 1517 872 1557 δὲ
916 1516 1042 1562 τίνος,·
1104 1512 1369 1565 Ἀπολήξιδος
1429 1511 1621 1565 θυγατρὸς

294 1583 595 1635 Προσπαλτίου,
615 1583 797 1636 ἀδελφῆς
823 1583 864 1622 δὲ
891 1580 1157 1634 Μακαρτάτου
1177 1580 1480 1633 Προσπαλτίου.
1534 1580 1553 1619 ὁ
1579 1582 1621 1620 δὲ

294 1650 533 1701 Θεόπομπος
559 1649 665 1692 τίνος
689 1648 738 1700 ἦν
762 1650 931 1702 πατρός,·
968 1647 1210 1701 Χαριδήμου.
1283 1649 1302 1688 ὁ
1327 1651 1369 1689 δὲ
1394 1648 1621 1700 Χαρίδημος

292 1718 419 1764 τίνος,·
453 1717 657 1769 Στρατίου.
713 1717 733 1756 ὁ
759 1718 802 1758 δὲ
824 1717 1016 1768 Στρατίος
1035 1717 1160 1763 τίνος;
1198 1715 1414 1756 Βουσέλου.
1469 1715 1618 1760 οὑτοσί,

294 1783 322 1824 ὦ
335 1783 473 1836 ἄνδρες
488 1785 684 1834 δικασταί,
703 1785 816 1824 ἐστιν
833 1784 855 1824 ὁ
871 1785 1061 1836 Στρατίου
1075 1783 1194 1833 οἶκος,
1214 1783 1301 1824 ἑνὸς
1319 1786 1397 1823 τῶν
1417 1781 1623 1822 Βουσέλου
1645 1805 1681 1837 25

293 1849 421 1897 υἱέων,
443 1850 506 1890 καὶ
532 1850 686 1903 ἔκγονοι
711 1851 822 1891 οὗτοί
843 1851 946 1892 εἰσιν
970 1850 1173 1903 Στρατίου,
1191 1850 1266 1892 οὓς
1281 1851 1391 1901 ὑμεῖς
1416 1849 1620 1899 ἀκηκόατε·

296 1919 358 1959 καὶ
395 1919 564 1958 ἐνταῦθα
599 1919 771 1969 οὐδαμοῦ
805 1919 917 1958 ἐστιν
947 1917 1061 1958 οὐδὲν
1092 1919 1217 1969 ὄνομα
1245 1920 1322 1958 τῶν
1352 1918 1394 1957 ἐκ
1422 1919 1492 1956 τοῦ
1515 1917 1622 1956 οἴκου

229 2001 275 2036 49
295 1988 363 2025 τοῦ
385 1984 559 2037 Ἁγνίου,
585 1985 680 2026 ἀλλ’
708 1985 796 2026 οὐδὲ
833 1984 1128 2037 παραπλήσιον.
1188 1983 1310 2025 πάλιν
1346 1983 1390 2034 δὴ
1429 1983 1621 2035 ἀνακρίνω

294 2052 364 2093 τὸν
410 2055 532 2093 παῖδα
571 2053 736 2100 τουτονί,
775 2052 834 2094 τίς
876 2051 929 2093 ὢν
967 2053 1224 2106 ἀμφισβητεῖ
1263 2049 1511 2105 Μακαρτάτῳ
1555 2052 1623 2090 τοῦ

296 2117 441 2171 κλήρου
466 2122 536 2160 τοῦ
557 2118 732 2172 ξΑγνίου.
793 2119 862 2159 οὐκ
886 2118 935 2160 ἂν
961 2119 1061 2173 ἔχοι,
1089 2118 1118 2160 ὦ
1142 2119 1283 2171 ἄνδρες
1307 2118 1503 2164 δικασταί,
1530 2115 1623 2157 ἄλλ’
1644 2142 1685 2173 30

296 2185 375 2228 οὐδ’
401 2187 530 2227 ὁτιοῦν
564 2186 855 2239 ἀποκρίνασθαι
880 2188 900 2227 ὁ
926 2191 1030 2235 παῖς,
1053 2183 1079 2238 ἢ
1106 2187 1166 2227 ὅτι
1193 2187 1457 2238 Εὐβουλίδης.
1516 2185 1624 2226 τίνος

340 2305 358 2335 7
382 2298 428 2336 τῷ
444 2294 520 2326 add.
539 2294 687 2326 Dindorf
771 2297 791 2326 8
815 2298 865 2328 καὶ
883 2301 962 2327 ante
979 2295 1102 2335 ταύτην
1113 2306 1178 2327 om.
1197 2295 1231 2326 A
1318 2305 1340 2334 9
1364 2297 1380 2326 ὁ
1395 2293 1537 2325 alterum
1555 2302 1623 2323 non

296 2349 362 2370 om.
381 2338 413 2368 A
527 2349 566 2368 12
589 2341 627 2371 τὸ
647 2349 712 2370 om.
731 2340 762 2371 A
878 2350 915 2379 15
941 2342 1015 2372 οὔτε
1033 2342 1117 2380 αὐτῷ
1133 2340 1237 2379 τούτῳ
1252 2348 1316 2369 om.
1334 2337 1366 2368 A
1481 2346 1517 2376 17
1542 2336 1624 2377 οὐδ’]

298 2385 354 2414 οὐκ
369 2382 400 2412 Α
412 2382 443 2413 D
508 2387 585 2422 post
603 2385 688 2415 οἴκου
703 2383 779 2414 add.
800 2383 890 2416 ὄντος
904 2383 935 2413 Α
1002 2393 1045 2414 20
1060 2383 1240 2424 ἀποκρίνετ’
1258 2382 1282 2413 S
1294 2381 1335 2412 F¹
1400 2385 1477 2421 post
1493 2381 1531 2412 ἅν
1546 2380 1623 2410 add.

299 2427 348 2458 ὅτι
364 2425 396 2456 Α
411 2426 503 2456 solus
586 2436 628 2456 22
653 2426 746 2466 prius
763 2427 989 2467 Προσπαλτίου
1005 2427 1057 2458 Λ;
1082 2428 1220 2458 παλτίου
1238 2430 1316 2456 cett.
1400 2426 1543 2464 ἀδελφῆς
1558 2447 1566 2454 .
1589 2447 1596 2454 .
1615 2446 1623 2454 ,

299 2469 525 2510 Προσπαλτίου
541 2480 605 2500 οῐη.
623 2470 653 2499 Α
788 2470 880 2509 prius
898 2469 946 2511 δὲ]
964 2471 1008 2510 μὴ
1027 2470 1050 2500 S
1184 2471 1225 2499 28
1249 2471 1401 2510 ἀνακρινῶ
1420 2468 1518 2497 Blass
