1763 2778
92 104 234 160 [1365]
656 104 1173 164 [AHMOEOENOTE]
1508 108 1582 164 [ux

813 224 1030 254 ΜΑΡΤΎῬΕΣ.

308 280 338 316 Τ
342 297 563 330 ιμοστρατος
577 283 619 317 ‘F
624 281 798 331 κάληθεν,
815 281 1030 321 Ξάνθιππος
1044 281 1247 330 Ἰ3ροιάδης,
1266 285 1295 318 Ι]
1300 282 1438 330 υάλκης
1456 285 1582 331 Φαλη-

253 335 346 385 ρεύς,
365 333 522 375 ”Ανυτος
547 336 745 385 Λακιάδης,
774 337 983 386 Ευφράνωρ
1010 337 1209 387 Αἰγιλιευς,
1239 337 1425 376 Νίκιππος
1454 340 1582 386 Κεφα-

253 389 368 439 λῆθεν
387 393 637 439 μαρτυροῦσιν
658 390 747 428 εἰναι
768 409 828 429 και
855 391 985 431 αὖτους
1012 391 1072 428 καὶ
1098 391 1299 440 Φράστορα
1325 391 1389 429 τὸν
1412 391 1583 442 Αἰγιλιέα

252 447 324 482 τῶν
352 447 534 496 γεννητῶν
564 445 598 482 οἱ
627 448 826 484 καλοῦνται
855 445 1040 495 Βρυτίδαι,
1071 444 1130 482 καὶ
1155 446 1343 490 ἀξιοῦντος
1367 445 1583 495 Φράστορος
1603 457 1619 487 5

92 493 232 548 [1366]
255 499 418 550 εἰσάγειν
437 500 501 537 τὸν
520 499 599 537 υἱὸν
616 498 715 551 <τὸι>
736 502 848 538 αὑτοῦ
869 503 918 540 εἷς
937 516 1021 539 τους
1040 516 1227 551 γεννητας,
1250 499 1384 540 εἰδότες
1404 500 1547 538 usn-02⁰
1527 518 1583 538 οτι

253 554 468 602 Φράστορος
483 554 559 594 υἱὸς
575 554 629 603 εἰη
647 557 685 591 ἐκ
700 556 765 603 τῆς
780 555 960 607 θυγατρὸς
974 556 1039 603 τῆς
1059 555 1229 604 Νεαίρας,
1248 555 1401 593 κωλύειν
1420 555 1583 605 εἰσάγειν

252 609 453 658 Φράστορα
472 608 536 646 τὸν
555 609 642 647 υἱόν.

189 712 232 746 62
319 704 474 746 Οὐκοῦν
517 709 745 758 περιφανῶς
790 705 1018 747 ἐπιδεικνύω
1064 705 1157 757 ὑμῖν
1203 706 1266 747 καὶ
1314 705 1452 749 αὐτοὺς
1493 706 1583 749 τοὺς

254 771 517 815 οἰκειοτάτους
540 774 716 826 Νεαίρας
745 775 913 824 ταυτησὶ
937 774 1384 826 καταμεμαρτυρηκότας
1403 774 1453 815 ὡς
1472 773 1582 814 ἔστιν
1606 791 1642 812 ιο

254 838 359 890 ξένη,
395 839 603 892 Στέφανόν
641 857 685 883 τε
719 841 875 881 τουτονὶ
914 839 984 882 τὸν
1027 840 1172 894 ἔχοντα
1210 840 1356 891 ταύτην
1395 840 1478 882 νυνὶ
1521 841 1582 881 καὶ

255 906 499 948 συνοικοῦντ’
530 906 628 964 αὐτῇ
659 909 721 948 καὶ
751 907 967 960 Φράστορα
991 907 1060 948 τὸν
1084 907 1267 959 λαβόντα
1285 907 1356 958 τὴν
1374 907 1580 960 θυγατέρα,

255 972 462 1026 Στέφανον
507 976 581 1025 μὲν
628 975 696 1015 οὐκ
745 973 993 1025 ἐθελήσαντα
1040 975 1318 1027 ἀγωνίσασθαι
1363 975 1459 1027 ὑπὲρ
1514 977 1583 1025 τῆς

255 1040 445 1093 θυγατρὸς
475 1043 545 1092 τῆς
575 1041 730 1092 ταύτης,
758 1042 964 1094 γραφέντα
994 1041 1072 1082 ὑπὸ
1105 1041 1338 1094 Φράστορος
1371 1041 1467 1094 πρὸς
1491 1041 1582 1083 τοὺς

255 1107 499 1158 θεσμοθέτας
524 1107 577 1150 ὡς
600 1107 798 1164 Ἀθηναίῳ
823 1110 908 1150 ὄντι
940 1107 1053 1160 ξένης
1084 1108 1279 1161 θυγατέρα
1307 1108 1409 1163 αὐτῷ
1434 1108 1580 1161 ἠγγύη-
1605 1127 1641 1159 15

256 1192 339 1221 σεν,
383 1173 476 1215 ἀλλ’
517 1175 750 1216 ἀποστάντα
790 1178 860 1227 τῆς
897 1175 1059 1228 προικὸς
1097 1176 1160 1216 καὶ
1198 1176 1266 1216 οὐκ
1303 1176 1580 1226 ἀπολαβόντα,

188 1246 233 1289 63
255 1241 471 1295 Φράστορα
507 1242 541 1282 δ’
584 1243 812 1294 ἐκβαλόντα
851 1260 894 1284 τε
935 1242 1007 1294 τὴν
1049 1241 1244 1295 θυγατέρα
1289 1242 1362 1293 τὴν
1408 1243 1583 1295 Νεαίρας

254 1310 420 1360 ταυτησὶ
450 1308 642 1362 γήμαντα,
675 1309 809 1361 ἐπειδὴ
842 1310 1008 1351 ἐπύθετο
1037 1310 1082 1350 οὐ
1107 1309 1315 1363 Στεφάνου
1348 1309 1484 1356 οὖσαν,
1520 1309 1583 1350 καὶ

255 1375 327 1426 τὴν
355 1381 496 1428 προῖκα
525 1376 593 1417 οὐκ
628 1377 840 1423 ἀποδόντα,
873 1375 1009 1428 ἐπειδή
1043 1394 1087 1418 τε
1119 1378 1286 1428 ἐπείσθη
1316 1377 1485 1429 ὕστερον
1521 1378 1584 1417 διὰ

255 1443 326 1493 τὴν
350 1443 564 1484 ἀσθένειαν
587 1443 658 1494 τὴν
683 1444 800 1484 αὑτοῦ
827 1445 889 1485 καὶ
911 1443 984 1495 τὴν
1021 1444 1206 1485 ἀπαιδίαν
1236 1444 1299 1484 καὶ
1330 1444 1403 1494 τὴν
1435 1444 1584 1496 ἔχθραν
1605 1463 1646 1485 22

254 1509 326 1560 τὴν
360 1510 456 1563 πρὸς
491 1509 580 1552 τοὺς
616 1512 781 1553 οἰκείους
816 1510 1062 1562 ποιήσασθαι
1098 1510 1168 1552 τὸν
1207 1511 1304 1557 υἱόν,
1344 1511 1407 1552 καὶ
1448 1510 1582 1561 ἐπειδὴ

256 1578 417 1629 εἰσῆγεν
443 1578 497 1618 εἰς
521 1577 612 1619 τοὺς
637 1576 839 1630 γεννήτας,
869 1577 1248 1631 ἀποψηφισαμένων
1274 1582 1353 1619 τῶν
1384 1581 1583 1631 γεννητῶν

257 1644 318 1683 καὶ
361 1644 546 1684 διδόντων
587 1645 704 1697 ὅρκον
745 1645 846 1700 αὐτῷ
886 1645 954 1685 οὐκ
992 1644 1242 1696 ἐθελήσαντα
1280 1646 1436 1696 ὀμόσαι,
1475 1645 1584 1684 ἀλλὰ

254 1714 412 1762 μᾶλλον
437 1712 609 1764 εὐορκεῖν
636 1712 918 1764 προελόμενον,
946 1711 1008 1752 καὶ
1038 1711 1176 1764 ἑτέραν
1202 1712 1371 1764 ὕστερον
1402 1709 1585 1764 γήμαντα

254 1781 419 1830 γυναῖκα
444 1778 570 1829 ἀστὴν
596 1779 695 1818 κατὰ
717 1778 786 1819 τὸν
811 1779 946 1830 νόμον·
984 1778 1095 1819 αὗται
1120 1780 1194 1831 γὰρ
1220 1780 1260 1819 αἱ
1288 1778 1449 1832 πράξεις
1475 1795 1580 1831 περι·
1606 1797 1643 1830 25

257 1848 397 1897 φανεῖς
430 1846 545 1886 οὖσαι
577 1844 756 1897 μεγάλας
784 1847 994 1898 μαρτυρίας
1025 1846 1220 1886 δεδώκασι
1245 1845 1328 1886 κατ’
1356 1846 1495 1892 αὐτῶν,
1523 1845 1584 1886 ὅτι

255 1911 343 1951 ἔστι
368 1911 460 1962 ξένη
485 1911 638 1963 Νέαιρα
662 1913 788 1962 αὑτηί.

191 1988 235 2029 64
323 1978 539 2031 Σκέψασθε
571 1981 613 2019 δὲ
647 1980 709 2019 καὶ
734 1979 806 2030 τὴν
834 1980 1140 2033 αἰσχροκερδίαν
1166 1978 1240 2030 τὴν
1263 1978 1471 2032 Στεφάνου
1494 1997 1582 2020 του-

255 2045 339 2085 τουὶ
375 2046 438 2086 καὶ
474 2045 545 2095 τὴν
581 2047 783 2098 πονηρίαν,
818 2047 882 2087 ἵνα
919 2047 980 2087 καὶ
1019 2049 1060 2087 ἐκ
1086 2047 1229 2097 ταύτης
1262 2048 1390 2097 εἰδῆτε
1421 2047 1481 2087 ὅτι
1514 2046 1582 2086 οὐκ

256 2112 368 2153 ἔστιν
400 2111 555 2164 Νέαιρα
588 2113 700 2163 αὑτηὶ
732 2112 848 2164 ἀστή.
921 2113 1157 2154 Ἐπαίνετον
1184 2112 1261 2167 γὰρ
1294 2113 1364 2154 τὸν
1381 2112 1580 2165 ’Άνδριον,
1603 2129 1643 2160 30

299 2222 319 2251 6
342 2220 432 2262 (τὸν)
446 2222 522 2254 add.
541 2222 637 2254 Turr.
654 2233 662 2252 ι
686 2226 804 2253 contra
820 2222 912 2261 prius
927 2223 984 2254 τὸν
1001 2222 1066 2253 del.
1081 2221 1179 2253 Blass
1195 2222 1270 2253 coll.
1293 2224 1308 2260 ξ
1325 2223 1368 2252 60
1463 2232 1485 2261 9
1509 2224 1581 2253 ὑπο-

257 2265 386 2296 δεικνύω
402 2265 427 2295 F
440 2265 470 2295 Y
562 2275 600 2296 12
626 2265 724 2307 αὐτῇ]
739 2266 841 2307 ταύτῃ
861 2266 890 2296 Y
905 2265 997 2307 Q'yp.
1093 2275 1130 2304 15
1155 2267 1308 2306 Ἀθηναίῳ
1325 2265 1393 2297 ὄντι
1412 2265 1520 2304 BlaSS‚
1541 2265 1580 2296 cs.

258 2311 273 2346 ξ
289 2317 330 2347 52
349 2319 356 2339 :
381 2309 543 2346 Ἀθηναῖος
556 2310 598 2340 ὢν
611 2310 707 2342 codd.
753 2309 928 2349 ἐνεγύησεν
944 2310 984 2348 (S
995 2309 1036 2349 F)
1051 2309 1103 2339 vel
1116 2309 1312 2350 ἐνεγγύησεν
1324 2309 1418 2340 codd.
1492 2319 1527 2347 17
1545 2322 1581 2339 τε

257 2353 321 2382 huc
347 2356 473 2391 transl).
505 2354 662 2391 Sauppe:
687 2356 764 2391 post
794 2352 944 2393 ’γήμαντα
977 2353 1072 2383 codd.
1164 2367 1224 2391 την
1251 2352 1306 2393 Ν.]
1332 2355 1390 2390 τῆς
1418 2358 1455 2384 Ν.
1484 2352 1509 2382 F
1525 2351 1582 2389 Qr

257 2405 294 2425 21
316 2397 422 2435 ἐπειδη
435 2406 467 2426 r:
492 2397 557 2427 ἐπεὶ
572 2400 650 2426 cett.
744 2396 784 2425 28
802 2395 1081 2437 αἶσχρυκερδίανὸ
1095 2394 1132 2425 F¹
1147 2395 1194 2426 D:
1220 2395 1481 2437 αἶσχροκερδειαν
1492 2395 1579 2434 vulg.

257 2448 300 2476 30
323 2441 403 2479 αὕτη
420 2440 515 2470 codd.
538 2440 625 2480 (sine
642 2439 761 2480 spiritu
780 2438 819 2479 S)
910 2440 1070 2480 Ἀνδρεῖον
1089 2439 1155 2477 FQ
1173 2444 1207 2469 et
1226 2440 1310 2480 &sine
1327 2445 1485 2479 accentu
1503 2439 1527 2469 S
