1763 2778
149 122 252 177 XLIII]
490 127 652 165 ΠΡΟΣ
696 126 1121 164 MAKAPTATON
1494 128 1634 183 [1070]

149 228 261 266 τοῦδε
295 229 363 265 τοῦ
403 225 537 277 νόμου,
576 226 635 266 ὅτι
668 225 807 265 Σόλων
839 225 860 264 6
892 224 1107 275 νομοθέτης
1140 223 1353 274 σπουδάζει
1385 224 1473 276 περὶ

149 291 239 334 τοὺς
257 292 437 340 οἰκείους,
454 292 516 333 καὶ
540 292 585 333 οὐ
607 292 731 344 μόνον
756 293 918 332 δίδωσιν
943 294 991 332 τὰ
1018 291 1347 345 καταλειφθέντα,
1367 293 1474 332 ἀλλὰ

150 359 214 400 καὶ
237 359 522 413 προστάγματα
546 363 716 400 ποιεῖται
741 360 788 399 τὰ
812 362 988 413 δυσχερῆ
1019 358 1176 401 ἅπαντα
1205 363 1288 401 τοῖς
1320 357 1471 412 προσή-

149 443 274 467 κουσι.
344 425 440 480 λέγε
464 426 532 468 τὸν
557 427 691 478 νόμον.

109 554 127 586 5
732 540 889 571 ΝοΜοΣ.
1496 538 1628 591 [1071]

200 599 270 636 Τὸν
290 598 522 637 ἀποθανόντα
540 598 785 648 προτίθεσθαι
806 599 917 645 ἔνδον,
937 598 1034 639 ὅπως
1051 597 1094 636 ἂν
1113 599 1310 647 βούληται.
1371 598 1475 646 ἐκφέ·

145 669 221 702 ρειν
247 652 285 691 δὲ
307 653 372 691 τὸν
394 653 628 692 ἀποθανόντα
648 655 695 704 τῇ
713 653 891 705 ὑστεραίᾳ
913 652 938 704 ᾗ
957 652 1002 692 ἂν
1022 653 1238 702 προθῶνται,
1259 654 1344 702 πρὶν
1368 654 1476 702 ἥλιον

145 706 292 759 ἐξέχειν.
349 708 516 756 βαδίζειν
536 708 574 747 δὲ
592 708 676 748 τοὺς
696 708 829 758 ἄνδρας
847 708 1023 757 πρόσθεν,
1046 708 1133 746 ὅταν
1157 708 1390 757 ἐκφέρωνται,
1410 709 1475 747 τὰς

145 761 184 800 δὲ
202 765 374 814 γυναῖκας
393 763 558 801 ὄπισθεν.
616 764 771 814 γυναῖκα
792 763 830 801 δὲ
849 762 901 812 μὴ
929 764 1059 808 ἐξεῖναι
1087 764 1239 801 εἰσιέναι
1265 765 1313 802 εἷς
1338 763 1384 801 τὰ
1410 764 1475 800 τοῦ

86 837 126 859 10
146 816 394 857 ἀποθανόντος
421 817 506 867 μηδ’
536 817 754 856 ἀκολουθεῖν
785 817 1017 861 ἀποθανόντι,
1049 817 1137 855 ὅταν
1171 819 1219 857 εἷς
1248 818 1294 855 τὰ
1322 817 1475 866 σήματα

145 871 290 923 ἄγηται,
314 872 414 911 ἐντὸς
438 870 598 921 ἑξήκοντ’
621 875 710 910 ἐτῶν
733 875 939 924 γεγονυῖαν,
962 872 1064 921 πλὴν
1090 872 1178 910 ὅσαι
1204 872 1304 912 ἐντὸς
1330 873 1474 921 ἀνεψια-

145 926 215 964 &Tm
235 928 319 964 εἶσι·
339 924 424 975 μηδ’
445 929 494 966 εἷς
513 928 558 964 τὰ
577 929 642 964 τοῦ
670 927 921 967 ἀποθανόντος
943 927 1105 971 εἰσιέναι,
1135 926 1280 964 ἐπειδὰν
1304 926 1476 979 ἐξενεχθῇ

145 981 165 1019 ὅ
185 980 296 1028 νέκυς,
318 983 473 1033 γυναῖκα
492 981 674 1032 μηδεμίαν
692 983 793 1031 πλὴν
813 982 901 1020 ὅσαι
923 981 1022 1022 ἐντὸς
1043 981 1246 1031 ἀνεψιαδῶν
1266 982 1370 1021 εἰσίν.

213 1086 298 1127 Οὐκ
322 1086 367 1142 ἐᾷ
386 1086 552 1129 εἰσιέναι
570 1087 615 1128 οὗ
633 1086 682 1128 ἂν
701 1085 725 1144 ᾗ
746 1088 766 1128 ὁ
786 1087 1085 1138 τετελευτηκώς,
1109 1087 1292 1138 οὐδεμίαν
1311 1090 1475 1139 γυναῖκα
1494 1097 1538 1142 63

88 1172 126 1204 15
146 1152 276 1204 ἄλλην
299 1149 323 1205 ἢ
347 1155 418 1197 τὰς
440 1154 721 1207 προσηκούσας
752 1154 871 1209 μέχρι
904 1156 1179 1208 ἀνεψιότητος,
1207 1154 1270 1194 καὶ
1303 1153 1398 1206 πρὸς
1430 1153 1475 1193 τὸ

145 1223 281 1273 μνῆμα
310 1221 543 1263 ἀκολουθεῖν
575 1223 644 1265 τὰς
673 1221 792 1264 αὐτὰς
818 1223 973 1265 ταύτας.
1046 1220 1267 1276 Φυλομάχη
1294 1221 1425 1261 τοίνυν
1449 1220 1472 1271 ἡ

148 1287 390 1340 Πολέμωνος
415 1289 570 1342 ἀδελφὴ
596 1294 665 1330 τοῦ
689 1289 836 1343 πατρὸς
860 1294 929 1330 τοῦ
953 1290 1113 1343 Ἃγνίου
1143 1289 1211 1329 οὐκ
1244 1289 1392 1341 ἀνεψιὰ
1428 1287 1474 1339 ἦν

146 1355 297 1410 Ἃγνίᾳ,
317 1356 424 1397 ἀλλὰ
447 1358 571 1408 τηθίς·
609 1357 766 1410 ἀδελφὴ
793 1359 867 1411 γὰρ
894 1357 940 1408 ἦν
968 1356 1211 1408 Πολέμωνος
1235 1359 1304 1397 τοῦ
1329 1354 1476 1406 πατρὸς

146 1426 214 1463 τοῦ
239 1422 411 1476 Ἀγνίου.
484 1425 735 1476 Εὐβουλίδης
768 1427 809 1465 δὲ
843 1425 863 1464 ὁ
896 1424 978 1466 υἱὸς
1013 1425 1154 1474 ταύτης
1189 1426 1258 1474 τῆς
1294 1421 1477 1476 γυναικὸς

89 1513 128 1535 20
147 1491 312 1543 ἀνεψιὸς
337 1489 385 1542 ἣν
410 1490 507 1544 πρὸς
531 1492 677 1545 πατρὸς
703 1492 854 1546 Ἁγνίᾳ,
883 1492 926 1532 οὐ
953 1494 1063 1533 ἐστιν
1090 1493 1110 1530 ὁ
1137 1493 1290 1543 κλῆρος.
1350 1493 1418 1529 τοῦ
1443 1488 1475 1528 δ’

150 1557 399 1610 Εὐβουλίδου
424 1558 472 1611 ἦν
496 1558 668 1612 θυγάτηρ
687 1560 709 1611 ἡ
731 1560 870 1600 τούτου
890 1563 958 1599 τοῦ
978 1558 1115 1600 παιδὸς
1140 1557 1279 1610 μήτηρ.
1333 1557 1475 1598 ταύτας
1494 1568 1539 1611 64

150 1625 301 1666 κελεύει
336 1627 408 1669 τὰς
444 1627 725 1680 προσηκούσας
768 1627 831 1667 καὶ
874 1631 1057 1680 παρεῖναι
1098 1631 1145 1682 τῇ
1181 1624 1370 1677 προθέσει
1408 1627 1476 1663 τοῦ

148 1693 471 1744 τετελευτηκότος
498 1695 560 1736 καὶ
584 1696 648 1736 ε’πὶ
673 1694 717 1735 τὸ
741 1697 874 1746 μνῆμα
894 1695 1137 1738 ἀκολουθεῖν,
1157 1692 1201 1732 οὐ
1220 1691 1290 1742 τὴν
1311 1694 1473 1743 Μακαρ-

520 1762 572 1776 ‘Nx
644 1762 655 1775 Χ

149 1759 267 1801 τάτου
300 1760 451 1814 μητέρα
489 1772 577 1803 ουοε
617 1779 689 1813 την
730 1762 1193 1813 Θεοπόμπουγυναῖκα·
1246 1760 1360 1800 οὐδὲν
1402 1759 1475 1810 γὰρ

91 1850 128 1882 25
149 1826 406 1880 προσήκουσα
429 1828 569 1884 <Αγνίηι
593 1830 703 1880 αὕτη,
725 1829 816 1870 ἀλλ’
843 1828 889 1880 ἐξ
911 1828 1044 1881 ἑτέρας
1070 1830 1213 1880 φυλῆς,
1240 1826 1473 1877 Ἀκαμαντί-

150 1897 228 1942 δος,
256 1895 318 1935 καὶ
344 1895 390 1947 ἐξ
411 1895 544 1949 ἑτέρου
570 1895 704 1948 δήμου,
733 1897 1066 1949 Προσπαλτόθεν,
1093 1895 1199 1934 ὥστε
1224 1893 1268 1934 τὸ
1293 1892 1478 1945 παράπαν

150 1960 229 2002 οὐδ’
247 1960 405 2019 ᾔσθετο,
423 1964 489 2004 ὅτε
515 1962 562 2014 ἦν
580 1965 866 2014 τετελευτηκὼς
887 1963 1061 2016 Ἃγνίας.
1111 1961 1478 2014 ὑπεραναίσχυντον
1497 1971 1539 2014 65

151 2027 197 2079 δὴ
223 2029 331 2070 οὗτοι
362 2030 698 2081 κατασκευάζουσι
730 2034 904 2084 πρᾶγμα,
934 2031 985 2072 ὡς
1011 2029 1085 2081 ἄρα
1110 2031 1170 2070 δεῖ
1195 2028 1297 2079 ἡμᾶς
1324 2027 1386 2067 καὶ
1410 2028 1479 2067 τὰς

150 2099 336 2148 γυναῖκας
372 2098 442 2139 τὰς
476 2097 667 2151 ἡμετέρας
703 2101 772 2138 τοῦ
803 2100 877 2150 μὲν
912 2098 1096 2149 σώματος
1121 2098 1190 2136 τοῦ
1214 2095 1386 2147 Ἁγνίου,
1414 2094 1479 2132 ὅτε
1503 2097 1638 2152 [1072]

89 2179 130 2212 30
152 2163 454 2215 ἐτετελευτήκει,
495 2166 760 2218 κληρονόμους
808 2165 908 2206 εῖναι
956 2166 1019 2205 καὶ
1061 2167 1189 2204 ποιεῖν
1236 2162 1392 2203 ἅπαντα
1431 2161 1480 2199 τὰ

199 2283 213 2303 1
240 2277 256 2307 ὁ
268 2273 378 2308 Σόλων
387 2273 428 2313 Α,
444 2275 503 2305 sed
519 2275 559 2306 cs.
574 2274 666 2305 xlviii
680 2276 722 2314 56
811 2284 830 2313 3
849 2274 923 2316 (τὰ)
935 2273 1171 2316 προστάγματα
1182 2272 1280 2303 Blass
1370 2280 1388 2308 5
1406 2280 1477 2308 sqq.

153 2316 263 2357 legem
280 2328 344 2348 om.
363 2318 387 2349 S
400 2319 424 2348 F
438 2318 468 2357 Q
483 2318 513 2348 D
659 2329 699 2358 19
723 2321 739 2350 ὃ
756 2319 819 2350 υἷὸς
835 2318 866 2348 Α
884 2330 890 2349 Ζ
916 2318 1007 2350 οὗτος
1029 2322 1107 2348 cett.
1245 2325 1282 2345 21
1310 2315 1431 2346 τουτουὶ
1449 2313 1480 2342 Α

154 2371 196 2400 24
219 2362 326 2403 οὐδὲν]
345 2362 414 2394 οὐδὲ
432 2361 476 2392 Αι
610 2372 651 2401 25
675 2363 879 2404 προσήκουσα
896 2386 903 2392 .
927 2385 933 2392 .
956 2386 962 2392 .
981 2363 1072 2399 αὕτη,
1093 2360 1170 2392 ἀλλ’
1189 2358 1309 2399 scripsi
1330 2356 1477 2406 ἷπροσή-

154 2417 265 2438 κουσιν
289 2429 297 2436 .
323 2428 331 2436 .
357 2427 364 2435 ·
392 2405 494 2442 αὗται,
515 2406 590 2437 ἀλλ’
608 2406 691 2443 ἦσαν
709 2406 807 2437 codd.
826 2417 832 2436 :
859 2408 1018 2446 προσῆκεν
1035 2429 1041 2434 .
1061 2428 1068 2436 .
1089 2429 1096 2436 .
1117 2405 1209 2443 αὕτη,
1232 2402 1307 2435 ἀλλ’
1328 2407 1366 2439 ἠν
1383 2400 1480 2430 BlaSS

155 2458 195 2488 27
219 2449 334 2491 ᾔσθετο
352 2450 375 2480 S
388 2449 413 2479 F
426 2449 456 2488 Q
470 2449 499 2478 D
515 2460 521 2479 :
546 2447 682 2491 ᾔσθοντο
698 2449 730 2479 Α
821 2452 837 2481 ὃ
857 2449 983 2488 (Α’γνίας
1001 2447 1031 2478 Α
