1763 2778
111 126 240 182 [1145]
658 126 710 183 [Δ
724 133 756 170 11
772 127 1178 179 ΜΟΣΘΕΝΟΎΣ]
1478 128 1594 183 [mn

261 245 302 283 δὲ
340 243 360 283 ὁ
393 241 606 284 Παιανιεὺς
641 243 683 283 ἐν
713 242 758 299 τῇ
794 243 992 297 συμμορίᾳ
1026 241 1080 283 ὢν
1113 244 1176 284 καὶ
1201 244 1380 296 ὀφείλων
1404 244 1449 300 τῇ
1474 243 1591 284 πόλει

262 309 381 360 σκεύη
418 312 517 361 μετὰ
554 308 775 362 Θεοφήμου
809 310 976 356 τουτουί,
1015 309 1328 364 συντριήραρχος
1364 311 1590 362 γενόμενος.

261 376 555 429 γεγραμμένους
573 377 641 417 οὖν
657 376 797 418 αὐτοὺς
816 376 1063 429 ἀμφοτέρους
1083 378 1124 417 ἐν
1140 376 1334 434 τῇστήλῃ
1353 378 1592 430 ὀφείλοντας

260 446 308 484 τὰ
334 444 453 494 σκεύη
480 445 526 500 τῇ
551 445 668 485 πόλει
690 443 714 495 ἡ
739 443 841 497 ἀρχὴ
867 448 1163 496 παραλαβοῦσα
1181 445 1286 496 παρὰ
1310 447 1379 495 τῆς
1400 443 1591 496 προτέρας

261 512 398 564 ἀρχῆς,
424 511 516 562 ἡμῖν
554 510 779 564 παρέδωκεν
816 510 914 552 κατά
950 528 992 552 τε
1024 515 1092 552 τὸν
1125 512 1246 562 νόμον
1283 511 1346 551 καὶ
1375 513 1423 551 τὰ
1456 512 1586 564 ψηφί-
1609 529 1628 560 5

261 595 404 629 σματα.
472 577 519 630 ἐξ
547 577 721 632 ἀνάγκης
757 579 824 619 οὖν
860 577 908 628 ἦν
944 596 1012 630 μοι
1048 582 1311 631 παραλαβεῖν,
1344 580 1429 619 ἐπεὶ
1465 580 1507 619 ἐν
1536 582 1588 633 τῷ

102 618 236 674 [1146]
258 646 410 697 πρόσθε
450 647 582 701 χρόνῳ
625 648 781 688 πολλὰς
822 646 1076 700 τριηραρχίας
1117 647 1457 699 τετριηραρχηκὼς
1497 646 1589 696 ὑμῖν

258 713 509 755 οὐδεπώποτε
542 713 696 764 ἔλαβον
732 713 852 764 σκεύη
887 714 928 753 ἐκ
960 717 1028 753 τοῦ
1053 715 1226 765 νεωρίου,
1254 713 1345 754 ἀλλ’
1371 712 1486 755 αὐτὸς
1512 713 1591 768 ἰδίᾳ

196 567 238 600 23

257 781 566 832 παρεσκεύαζον,
589 781 707 822 ὁπότε
727 779 820 827 δέοι,
843 781 906 821 ἵνα
927 780 978 823 ὡς
999 779 1196 834 ἐλάχιστα
1222 779 1432 832 πράγματα
1457 780 1590 834 ἔχοιμι

257 846 351 899 πρὸς
377 847 449 899 τὴν
474 848 608 889 πόλιν·
656 848 744 888 τότε
781 850 823 889 δὲ
861 846 956 887 κατά
991 864 1034 888 τε
1066 850 1114 888 τὰ
1146 848 1394 900 ψηφίσματα
1425 848 1490 888 καὶ
1518 851 1588 888 τὸν
1610 865 1648 889 ιο

193 931 237 964 24
257 915 380 966 νόμον
413 914 693 968 ἠναγκαζόμην
731 913 1075 968 παραλαμβάνειν.
1136 915 1188 957 ὡς
1224 917 1265 956 δὲ
1300 919 1424 956 ταῦτα
1459 915 1586 966 ἀληθῆ

255 981 375 1035 λέγω,
402 983 550 1023 τούτων
582 984 674 1034 ὑμῖν
704 982 899 1035 μάρτυρας
925 981 1144 1035 παρέξομαι,
1167 982 1213 1022 τό
1235 1000 1278 1023 τε
1301 981 1500 1035 ψήφισμα
1525 981 1588 1022 καὶ

255 1048 325 1090 τὸν
355 1050 492 1101 νόμον,
522 1050 657 1091 ἔπειτα
694 1049 768 1100 τὴν
804 1049 932 1103 ἀρχὴν
970 1049 1090 1099 αὐτὴν
1125 1049 1197 1099 τὴν
1232 1053 1486 1101 παραδοῦσαν
1524 1049 1587 1090 καὶ

257 1117 552 1169 εἰσαγαγοῦσαν
573 1118 627 1158 εἰς
646 1117 692 1157 τὸ
709 1115 976 1168 δικαστήριον,
995 1116 1078 1158 εἶτα
1097 1116 1186 1159 τοὺς
1205 1118 1247 1157 ἐκ
1266 1119 1335 1167 τῆς
1352 1116 1583 1169 συμμορίας,

254 1182 301 1234 ἧς
325 1183 373 1235 ἦν
399 1184 638 1235 ἐπιμελητὴς
664 1183 727 1224 καὶ
751 1182 1002 1237 τριήραρχος.
1061 1185 1129 1224 καί
1147 1200 1214 1235 μοι
1239 1182 1452 1236 ἀνάγνωθι.
1607 1199 1646 1234 15

582 1298 737 1328 ΝΟΜΟΣ.
783 1299 980 1329 ψΗΦῙΣΜΑ.
1031 1294 1271 1327 ΜΑΡΊῪΡΙΑΙ.’

190 1393 234 1430 25
319 1378 395 1422 “Ως
426 1381 501 1431 μὲν
531 1380 665 1421 τοίνυν
694 1378 828 1430 πολλή
855 1396 924 1432 μοι
955 1378 1105 1432 ἀνάγκη
1138 1379 1185 1430 ἦν
1209 1383 1463 1433 παραλαβεῖν
1494 1379 1586 1425 τοὺς

255 1446 494 1499 ὀφείλοντας
525 1447 572 1504 τῇ
607 1447 736 1494 πόλει,
763 1450 832 1488 τοῦ
862 1464 907 1487 τε
930 1447 1051 1497 νόμου
1077 1447 1237 1488 ἀκούετε
1264 1448 1325 1488 καὶ
1349 1452 1428 1489 τῶν
1451 1452 1582 1501 ψηφι-

256 1513 429 1565 σμάτων·
468 1514 519 1556 ὡς
543 1517 585 1555 δὲ
612 1514 674 1555 καὶ
699 1513 932 1566 παρέλαβον
959 1515 1062 1565 παρὰ
1087 1516 1155 1565 τῆς
1181 1515 1319 1568 ἀρχῆς,
1340 1516 1361 1555 ὁ
1385 1515 1585 1567 παραδοὺς

253 1581 344 1632 ὑμῖν
374 1582 682 1634 μεμαρτύρηκεν.
754 1580 988 1635 σκέψασθαι
1024 1581 1093 1622 οὖν
1123 1581 1224 1633 ὑμᾶς
1261 1582 1365 1624 εἰκός
1395 1583 1508 1623 ἐστιν
1540 1580 1588 1633 ἐξ
1604 1601 1643 1624 20

253 1649 390 1702 ἀρχῆς,
409 1646 438 1688 ὦ
458 1648 594 1700 ἄνδρες
611 1648 805 1695 δικασταί,
821 1652 937 1688 τοῦτο
955 1651 1125 1700 πρῶτον,
1141 1649 1306 1700 πότερον
1329 1649 1405 1702 ἐγὼ
1424 1649 1584 1700 ἠδίκουν

252 1716 273 1755 ὁ
298 1716 615 1768 ἀναγκαζόμενος
640 1715 853 1768 εἰσπρᾶξαι
875 1714 945 1756 τὸν
972 1716 1204 1768 Θεόφημον,
1232 1712 1254 1766 ἦ
1284 1716 1514 1768 Θεόφημος,
1540 1715 1583 1760 ὃς

187 1789 232 1824 26
251 1783 426 1835 ὀφείλων
445 1788 492 1840 τῇ
512 1783 628 1824 πόλει
645 1784 696 1824 τὰ
714 1782 835 1834 σκεύη
861 1781 989 1824 πολὺν
1011 1783 1158 1836 χρόνον
1177 1782 1246 1822 οὐκ
1265 1783 1461 1824 ἀπεδίδου.
1514 1782 1583 1825 ἐὰν

251 1851 326 1902 γὰρ
352 1848 436 1890 καθ’
462 1850 630 1891 ἕκαστον
656 1852 845 1900 σκοπῆτε,
869 1848 1058 1901 εὑρήσετε
1081 1849 1151 1890 τὸν
1178 1850 1399 1903 Θεόφημον
1428 1849 1582 1891 ἅπαντα

251 1917 471 1963 ἀδικοῦντα,
500 1917 561 1957 καὶ
596 1921 718 1957 ταῦτα
754 1917 828 1971 οὐχ
858 1917 923 1957 ὑπ’
951 1918 1045 1967 ἐμοῦ
1076 1916 1200 1968 μόνον
1235 1917 1343 1971 λόγῳ
1381 1917 1578 1969 εἰρημένα,
1603 1937 1640 1970 ²5

251 1984 358 2024 ἀλλὰ
382 1984 446 2024 καὶ
468 1983 544 2024 ὑπὸ
568 1986 638 2035 τῆς
661 1986 815 2036 βουλῆς
839 1984 904 2024 καὶ
927 1987 997 2024 τοῦ
1020 1985 1276 2036 δικαστηρίου
1298 1982 1427 2039 ψήφῳ
1453 2001 1579 2037 κεκρι-

250 2050 361 2102 μένα.
448 2050 582 2102 ἐπειδὴ
630 2053 706 2104 γὰρ
745 2050 981 2104 παρέλαβον
1021 2050 1139 2092 αὐτὸν
1178 2052 1285 2104 παρὰ
1326 2053 1396 2101 τῆς
1443 2052 1579 2105 ἀρχῆς,

251 2118 485 2170 προσελθὼν
510 2118 614 2174 αὐτῷ
638 2122 794 2170 πρῶτον
813 2121 886 2170 μὲν
905 2115 1077 2175 ἀπῄτουν
1096 2119 1146 2158 τὰ
1164 2118 1299 2170 σκεύη·
1339 2118 1390 2160 ὡς
1409 2120 1451 2159 δὲ
1469 2118 1583 2158 τοῦτό

298 2238 311 2258 1
338 2228 380 2260 ὢν
395 2227 500 2267 vulg„
516 2227 559 2260 cf.
579 2229 594 2265 ξ
614 2237 678 2266 30:
703 2229 791 2267 ἡμῶν
806 2227 832 2259 S
965 2237 984 2257 2
1008 2226 1125 2260 τούτου
1143 2228 1167 2259 S
1298 2228 1320 2259 6
1345 2227 1400 2260 οὖν
1411 2227 1452 2266 ἧν
1463 2227 1554 2268 vulg.
1571 2239 1580 2260 e

251 2272 292 2310 ἣν
308 2271 362 2304 οὖν
378 2271 402 2303 S
512 2275 711 2313 παραλαβεῖν
727 2273 752 2303 S
766 2284 773 2303 ε
798 2270 1063 2313 παραλαμβάνειν
1080 2272 1105 2301 F
1118 2272 1148 2310 Q
1164 2271 1193 2301 D
1350 2282 1367 2311 7
1392 2271 1510 2313 πρόσθε
1528 2271 1553 2304 5
1571 2283 1579 2303 :

252 2315 463 2356 ἔμπροσθεζν)
483 2315 552 2353 FQ
569 2316 599 2346 D
751 2317 771 2347 8
796 2317 858 2359 ἰδίᾳ
884 2315 972 2353 vulg.
991 2327 999 2347 ς
1024 2319 1086 2348 ιδια
1107 2315 1130 2346 S
1148 2327 1156 2347 ι
1180 2317 1244 2347 ἴδια
1266 2315 1410 2353 Dobree‚
1436 2316 1476 2347 cf.
1502 2319 1518 2354 §
1536 2326 1578 2355 44

254 2369 293 2389 10
305 2359 389 2391 κατά
400 2373 436 2391 τε
452 2361 493 2391 τὰ
502 2359 621 2390 Wolf:
639 2361 689 2392 καὶ
700 2361 742 2391 τὰ
753 2360 851 2391 codd.
867 2371 875 2390 :
892 2360 942 2392 καὶ
955 2361 1038 2392 κατὰ
1047 2360 1087 2391 τὰ
1101 2369 1167 2398 mg.
1179 2360 1232 2390 ed.
1247 2359 1352 2390 Paris.
1427 2370 1439 2389 1
1450 2369 1460 2389 1
1481 2373 1579 2400 παρα-

249 2406 364 2439 λαβεῖν
382 2402 478 2434 Blass
625 2414 661 2433 12
683 2403 840 2448 μάρτυρας
859 2403 882 2434 S
902 2415 910 2435 :
932 2404 1005 2436 τοὺς
1020 2418 1052 2443 μ.
1070 2403 1158 2443 vulg.
1307 2414 1350 2434 20
1373 2402 1535 2444 σκέψασθε
1552 2402 1578 2434 S

250 2447 305 2480 οὖν
321 2446 346 2478 S
360 2446 390 2485 Q
406 2457 476 2487 γρ.;
503 2448 541 2485 δὴ
558 2447 646 2486 vulg.
780 2458 820 2487 27
846 2449 928 2489 παρὰ
945 2447 969 2478 S
985 2459 993 2478 :
1017 2449 1053 2479 ἐκ
1069 2447 1157 2486 vulg.
