1763 2778
127 110 265 164 [1434]
715 119 1196 157 AHMOEQENOTE

289 218 627 269 συγκαθεζόμενος
657 216 690 257 δ’
716 217 831 260 αὐτὸς
855 217 1022 260 ἕκαστός
1052 218 1140 258 ἐστι
1168 221 1246 258 τῶν
1268 216 1318 258 τὰ
1342 221 1500 259 τοιαῦτα
1522 235 1610 259 ποι-

289 284 451 325 ούντων.
521 286 597 338 ἐγὼ
623 287 694 336 μὲν
719 285 788 324 οὖν
813 285 1040 336 ἐβουλόμην
1063 284 1124 330 ἄν,
1152 285 1288 336 ὥσπερ
1313 286 1374 324 ὅτι
1397 286 1487 336 ὑμῖν
1513 303 1610 336 συμ-

289 350 404 403 φέρει
425 355 493 391 τοῦ
517 353 565 392 τὰ
589 351 787 403 βέλτιστα
811 351 1001 404 λέγοντος
1024 351 1178 391 ἀκούειν
1204 351 1302 398 οῖδα,
1323 354 1444 394 οὕτως
1470 351 1614 392 εἰδέναι

289 421 478 459 συνοῖσον
503 419 564 459 καὶ
589 423 643 473 τῷ
672 421 721 458 τὰ
749 418 933 470 βέλτιστ’
960 419 1122 459 εἰπόντι·
1160 423 1298 474 πολλῷ
1328 418 1402 471 γὰρ
1431 417 1478 459 ἂν
1503 419 1614 469 ἥδιον

289 484 411 538 εἶχον.
464 489 533 526 νῦν
556 488 597 526 δὲ
623 488 827 538 φοβοῦμαι
851 486 938 536 μέν,
958 486 1064 536 ὅμως
1087 485 1120 525 δ’
1141 484 1165 525 ἆ
1188 502 1234 538 γε
1259 486 1430 526 πιστεύω
1456 487 1613 539 χρηστὰ
1633 506 1650 538 5

288 555 516 604 φανεῖσθαι,
539 551 609 594 κᾶν
634 554 742 604 ὑμεῖς
765 552 818 604 μὴ
844 555 1046 603 πεισθῆτε,
1069 553 1138 593 οὐκ
1164 552 1441 606 ἀποτρέψομαι
1464 551 1612 605 λέγειν.

914 697 988 734 ΚΔ

355 779 403 818 Εἰ
437 778 497 818 καὶ
531 780 653 829 μηδὲν
688 777 791 818 ἄλλο
827 795 897 823 τις,
930 776 960 818 ὦ
994 777 1133 829 ἄνδρες
1167 777 1383 829 Ἀθηναῖοι,
1423 778 1613 832 πρότερον

289 844 379 896 παρ’
408 846 498 895 ὑμῖν
532 846 695 898 εἰρηκὼς
724 846 796 895 εἴη,
826 849 894 886 νῦν
927 862 972 897 γε
1008 845 1139 898 λέγων
1175 846 1263 897 περὶ
1298 847 1353 886 ὧν
1385 845 1453 886 οὐκ
1489 847 1613 898 ὀρθῶς

289 913 530 964 ἐγκαλοῦσιν
567 914 602 953 οἱ
639 912 834 964 πρέσβεις
870 918 916 969 τῇ
952 912 1081 958 πόλει,
1119 914 1225 964 παρὰ
1266 911 1427 953 πάντων
1463 913 1511 953 ἄν
1546 929 1613 964 μοι
1636 930 1674 953 ιο

289 981 396 1019 δοκεῖ
422 978 577 1021 δικαίως
609 979 847 1031 συγγνώμης
879 982 1027 1032 τυχεῖν.
1088 979 1152 1019 καὶ
1188 978 1263 1032 γὰρ
1296 982 1338 1020 ἐν
1371 979 1511 1022 ἄλλοις
1540 979 1613 1031 μέν

288 1062 393 1086 τισιν
419 1045 613 1096 ἡττᾶσθαι
638 1050 715 1086 τῶν
736 1047 925 1087 ἐναντίων
949 1046 1024 1099 οὐχ
1049 1046 1171 1087 οὕτως
1197 1048 1348 1089 ὄνειδος
1374 1046 1424 1088 ὡς
1446 1045 1612 1100 ἀτύχημ’

287 1111 335 1152 ἂν
355 1113 512 1165 φανείη·
550 1114 613 1154 καὶ
631 1111 707 1166 γὰρ
726 1119 774 1170 τῇ
793 1113 893 1169 τύχῃ
914 1113 977 1153 καὶ
994 1116 1076 1155 τοῖς
1096 1114 1343 1165 ἐφεστηκόσι
1362 1114 1426 1154 καὶ
1445 1117 1613 1156 πολλοῖς

286 1179 448 1231 μέτεστι
480 1183 548 1220 τοῦ
578 1183 706 1222 καλῶς
738 1176 761 1230 ἢ
793 1179 846 1231 μὴ
879 1181 1170 1232 ἀγωνίσασθαι·
1207 1182 1250 1221 ἐν
1273 1182 1315 1221 δὲ
1343 1185 1396 1235 τῷ
1426 1183 1474 1221 τὰ
1499 1179 1612 1221 δίκαι’

287 1247 384 1298 ὑπὲρ
409 1248 534 1287 αὑτῶν
561 1247 614 1298 μὴ
647 1246 756 1299 ἔχειν
788 1245 905 1297 ἀξίως
935 1251 1014 1288 τῶν
1043 1247 1304 1301 ὑπαρχόντων
1338 1249 1463 1289 εἰπεῖν
1495 1249 1614 1298 αὐτῆς
1636 1266 1672 1298 15

286 1315 354 1364 τῆς
380 1314 537 1366 γνώμης
562 1317 631 1365 τῆς
655 1319 732 1354 τῶν
757 1318 872 1355 τοῦτο
902 1314 1110 1355 παθόντων
1135 1314 1179 1354 τὸ
1206 1316 1355 1356 ὄνειδος
1381 1314 1612 1367 εὑρήσομεν.

246 1397 265 1420 2
288 1382 320 1421 εἰ
344 1383 416 1431 μὲν
441 1381 508 1421 οὖν
535 1381 664 1433 ἕτεροί
688 1398 794 1424 τινες
819 1381 924 1433 ἦσαν
949 1382 992 1422 ἐν
1017 1382 1075 1423 οἷς
1104 1381 1300 1434 ἐγίγνονθ’
1326 1383 1363 1422 οἱ
1386 1382 1502 1434 λόγοι
1526 1381 1617 1434 περὶ

286 1448 405 1499 ὑμῶν,
434 1449 526 1490 οὔτε
550 1448 712 1490 τούτους
740 1448 789 1489 ἂν
814 1448 920 1500 οἶμαι
951 1449 1095 1502 ῥᾳδίως
1123 1450 1223 1489 οὕτω
1256 1449 1491 1501 ψεύδεσθαι,
1526 1449 1616 1491 οὔτε

286 1514 375 1556 τοὺς
401 1515 615 1557 ἀκούοντας
645 1515 780 1556 πολλὰ
807 1519 886 1556 τῶν
911 1515 1127 1568 εἰρημένων
1153 1515 1418 1569 ἀνασχέσθαι.
1479 1518 1548 1556 νῦν
1571 1517 1613 1556 δὲ

285 1581 416 1622 τᾶλλα
435 1582 468 1622 τ’
484 1583 593 1634 οἶμαι
610 1585 680 1633 τῆς
699 1582 887 1636 ὑμετέρας
907 1586 1217 1624 πλεονεκτοῦσιν
1235 1582 1411 1633 εὐηθείας
1430 1581 1611 1630 ἅπαντες,
1635 1604 1675 1627 20

287 1650 349 1690 καὶ
374 1649 420 1700 δὴ
446 1649 508 1689 καὶ
534 1653 648 1690 τοῦτο
677 1653 745 1690 νῦν
769 1650 890 1690 οὗτοι·
928 1650 1135 1702 ἀκροαταῖς
1166 1652 1242 1702 γὰρ
1275 1649 1500 1703 ἐχρήσαντο
1530 1649 1613 1690 καθ’

124 1713 262 1767 [1435]
285 1716 392 1766 ὑμῶν
416 1717 506 1767 ὑμῖν
532 1718 627 1759 οἵοις
660 1716 818 1757 οὐδέσιν
842 1716 890 1757 ἂν
914 1721 993 1758 τῶν
1017 1716 1166 1763 ἄλλων,
1194 1717 1370 1769 ἀκριβῶς
1399 1716 1487 1757 οἶδα
1510 1716 1613 1757 τοῦτ’

243 1792 262 1826 3
286 1783 376 1835 ἐγώ.
449 1782 560 1834 ἄξιον
587 1782 620 1824 δ’
648 1784 750 1824 εῖναί
773 1801 841 1836 μοι
871 1787 980 1825 δοκεῖ
1010 1786 1073 1824 διὰ
1103 1787 1223 1824 ταῦτα
1253 1787 1335 1826 τοῖς
1364 1787 1468 1826 θεοῖς
1495 1783 1613 1838 χάριν

285 1851 385 1901 ὑμᾶς
408 1849 529 1904 ἔχειν,
552 1848 580 1890 ὦ
605 1850 743 1904 ἄνδρες
763 1850 979 1901 Ἀθηναῖοι,
1008 1852 1069 1891 καὶ
1094 1851 1254 1893 τούτους
1277 1854 1422 1903 μισεῖν.
1473 1850 1518 1891 τὸ
1541 1853 1614 1902 μὲν

286 1918 362 1969 γὰρ
388 1917 483 1970 ὁρᾶν
505 1918 666 1960 τούτους
689 1917 758 1958 τὸν
783 1918 943 1958 Ῥοδίων
967 1920 1102 1970 δῆμον,
1129 1917 1198 1958 τὸν
1223 1917 1326 1959 πολὺ
1353 1918 1502 1958 τούτων
1525 1917 1614 1958 ποτ’
1636 1937 1674 1968 25

338 2037 351 2057 1
379 2025 644 2066 συγκαθιζόμενος
662 2026 685 2057 S
701 2027 752 2057 rF
768 2026 798 2065 Q
811 2026 853 2057 al.
970 2028 1040 2059 ἐστι
1056 2036 1120 2057 om.
1142 2026 1166 2057 S
1181 2026 1207 2057 C
1349 2037 1368 2056 2
1394 2025 1474 2068 ἐγὼ]
1493 2027 1547 2058 hic
1565 2025 1614 2067 κζ’

287 2070 393 2101 adscr.
413 2070 437 2101 S
452 2071 478 2100 F
619 2081 638 2111 4
663 2073 812 2102 συνοῖσον
825 2080 842 2100 r
857 2072 933 2102 etiv
950 2080 988 2109 51
1009 2081 1016 2100 :
1040 2071 1078 2102 τὸ
1097 2073 1246 2102 συνοῖσον
1263 2070 1286 2101 S
1303 2071 1393 2110 vulg.
1493 2070 1613 2103 εἰπόντι

289 2114 312 2144 S
325 2127 375 2154 γρ.
396 2123 412 2144 1·
428 2118 462 2144 et
479 2114 509 2143 iv
525 2124 563 2152 51
583 2125 589 2144 :
608 2115 719 2155 ἔχοντι
737 2118 813 2144 cett.
832 2125 839 2144 ε
857 2113 988 2155 λέγοντι
1003 2114 1132 2144 Reiske
1192 2115 1280 2152 ἥδιον
1294 2125 1309 2143 ι·
1323 2114 1353 2143 D
1367 2114 1394 2145 C
1410 2115 1555 2145 Vindob.
1574 2125 1610 2153 4:

286 2159 398 2189 πλεῖον
415 2158 502 2196 vulg.
647 2167 666 2196 5
692 2157 782 2198 εἶχον
799 2158 831 2187 iv
847 2167 884 2196 51
911 2158 946 2197 S,
965 2157 1005 2187 cf.
1027 2157 1130 2187 Isocr.
1150 2157 1196 2187 xii
1215 2167 1274 2187 201
1294 2168 1300 2188 :
1326 2158 1413 2190 εἶπον
1430 2168 1446 2188 ι·
1462 2158 1515 2188 hic
1532 2163 1566 2188 et
1583 2158 1614 2188 iv

287 2210 324 2239 51
345 2200 368 2230 S
381 2213 429 2241 γρ.
448 2201 479 2230 A
497 2204 588 2231 recte
607 2201 698 2232 sort.:
726 2201 814 2241 εἶχεν
831 2201 884 2231 hic
903 2201 926 2231 S
946 2201 1032 2239 vulg.
1149 2210 1166 2239 7
1193 2200 1263 2241 ΚΔ]
1285 2200 1342 2239 Κη’
1359 2200 1382 2231 S
1395 2201 1420 2231 F
1529 2211 1551 2240 9
1575 2213 1612 2241 ’γε

289 2243 402 2274 Wolf:
421 2244 453 2275 δὲ
471 2245 567 2274 codd.
631 2245 681 2275 καὶ
698 2249 777 2274 ante
795 2245 861 2283 περὶ
879 2245 956 2275 add.
969 2243 1021 2274 Sr
1034 2243 1060 2274 C
1077 2254 1084 2273 ε
1101 2253 1166 2274 om.
1186 2249 1262 2274 cett.
1337 2254 1375 2284 13
1391 2244 1505 2285 φανείη
1524 2243 1610 2286 Ἐγρ.

289 2286 319 2326 Q
332 2300 383 2328 γρ.
399 2287 501 2318 Coisl.
520 2297 604 2326 339:
629 2288 707 2326 φαίη
727 2286 750 2317 S
768 2287 856 2326 vulg.
949 2289 1082 2318 πολλοῖς
1105 2287 1217 2320 ἄλλοις
1238 2297 1254 2317 r
1271 2286 1302 2316 D
1439 2298 1475 2326 14
1501 2288 1612 2328 ἀγωνί-

290 2335 406 2362 σασθαι
428 2341 493 2369 mg.
518 2331 599 2361 edit.
619 2331 713 2361 Paris
731 2342 737 2361 :
761 2330 912 2371 πρότερον
929 2331 1144 2370 ἀγωνίσασθαι
1163 2330 1187 2360 S
1200 2330 1286 2369 vulg.
1454 2339 1491 2369 15
1515 2333 1614 2363 εἰπεῖν

290 2374 507 2405 rDVindob.
536 2385 579 2413 4:
615 2384 679 2404 om.
707 2378 784 2404 cett.
814 2373 940 2414 (λέγειν
969 2378 1046 2411 post
1072 2374 1161 2414 ἔχειν
1185 2374 1260 2404 add.
1289 2384 1364 2413 app.
1393 2374 1473 2404 edit.
1503 2373 1612 2414 Paris)

290 2427 333 2447 20
354 2417 477 2458 τᾶλλα]
497 2418 611 2449 ἄλλαι·
711 2416 866 2457 εὐηθείας]
887 2416 1074 2449 εὐνοίαςῑΟ
1177 2427 1219 2446 22
1243 2416 1383 2458 οὐδέσιν]
1401 2418 1500 2449 οὐδεὶς
1520 2417 1609 2458 Ωγρ.

292 2460 321 2490 D
336 2474 342 2492 ι
367 2463 430 2493 οὐδ’
447 2462 536 2493 ἔστιν
553 2460 579 2491 F
728 2469 770 2498 23
793 2461 893 2492 ταύτὰ
911 2460 1045 2490 Dobrec
