1700 2758
541 504 1088 565 PRAEFATIO

230 662 480 707 TEXTUM
543 665 936 706 Demosthenicum
999 664 1278 705 constituenti
1340 663 1471 703 latam

157 734 447 786 praemunivit
488 734 603 775 viam
653 735 945 789 Engelbertus
994 734 1181 787 Drerup,
1224 746 1366 773 rerum
1417 732 1472 772 ad

158 801 501 844 Demosthenem
536 805 935 857 Demosthenisque
963 803 1135 845 codices
1163 801 1472 856 pertinentium

158 870 405 923 ingeniosus
428 873 541 913 idem
564 887 614 914 ac
637 880 838 914 strenuus
861 874 1104 926 indagator.
1147 871 1303 912 etenim
1323 869 1474 911 biblio-

158 939 307 981 thecas
335 940 515 992 Galliae,
542 942 706 991 Italiae,
739 942 1000 983 Germaniae
1027 940 1355 994 diligentissime
1383 952 1474 993 per-

157 1016 370 1051 scrutatus
399 1012 616 1064 permulta
648 1012 757 1051 eruit
789 1024 902 1064 quae
933 1009 1203 1051 multimodis
1236 1009 1472 1049 auctiorem

157 1079 565 1133 adcuratioremque
607 1080 890 1121 reddiderunt
933 1086 1127 1120 nostram
1165 1079 1362 1119 codicum
1400 1090 1474 1119 no-

157 1148 329 1198 titiam;
381 1150 532 1202 quanti
570 1149 655 1190 sint
688 1150 945 1190 aestimandi
978 1149 1148 1189 codices
1180 1155 1222 1188 et
1256 1160 1473 1201 quaenam

158 1217 271 1258 inter
297 1232 372 1259 eos
398 1219 639 1260 intercedat
670 1219 957 1268 necessitudo,
980 1232 1060 1272 pro
1079 1217 1186 1258 virili
1210 1223 1331 1270 parte
1355 1223 1476 1269 pate-

159 1286 286 1335 fecit3
327 1287 382 1328 ad
428 1286 684 1328 historiaml
728 1289 917 1340 denique
964 1293 1114 1329 textus
1162 1286 1474 1326 inlustrandam

158 1356 387 1410 permulta,
410 1364 458 1399 ut
486 1357 632 1399 decuit
663 1357 799 1412 Lipsii
833 1357 1109 1412 discipulum,
1141 1361 1183 1397 et
1214 1355 1474 1408 perinsignia

159 1426 356 1467 contulit.

217 1494 390 1549 Quibus
421 1496 627 1537 subsidiis
663 1496 826 1538 innisus
862 1496 990 1537 huius
1026 1495 1261 1536 voluminis
1302 1500 1474 1536 textum

159 1566 457 1614 recensuerim,
500 1572 634 1607 restat
678 1573 725 1607 ut
767 1567 956 1606 breviter
998 1565 1233 1614 disseram3
1287 1577 1476 1615 namque

159 1647 525 1686 supervacaneum
549 1634 668 1684 mihi,
692 1635 834 1683 credo,
858 1635 913 1675 de
938 1634 1249 1675 Demosthenis
1272 1632 1476 1673 orationi-

159 1702 238 1743 bus
259 1703 558 1745 Alexandriae
590 1705 735 1757 ibique
766 1704 967 1757 primum,
989 1709 1036 1744 ut
1068 1703 1253 1750 videtur,
1276 1702 1314 1741 in
1344 1714 1475 1742 unum

159 1785 312 1827 corpus
346 1774 550 1823 redactis,
580 1774 634 1814 de
667 1773 873 1826 gliscente
908 1772 994 1812 iam
1025 1771 1338 1812 Alexandrinis
1365 1778 1474 1811 tem-

159 1842 337 1895 poribus
360 1842 706 1897 interpolatione,
725 1843 782 1882 de
801 1842 1042 1894 archetypo
1062 1841 1260 1881 codicum
1284 1840 1476 1893 optimae

159 1918 287 1951 notae
309 1912 540 1952 serioribus
568 1911 757 1952 Romani
786 1910 951 1964 imperii
982 1910 1252 1962 temporibus
1282 1914 1477 1956 exarato,

159 1993 271 2032 quae
300 1981 472 2033 egregie
503 1981 747 2034 disputavit
779 1980 970 2020 Butcher
1000 1980 1186 2019 totidem
1220 1978 1304 2018 fere
1337 1977 1477 2017 verbis

160 2049 397 2102 disputare.
457 2050 513 2090 de
554 2050 790 2090 Atticianis
826 2063 928 2090 vero
964 2055 1029 2089 est
1069 2048 1187 2101 quod
1225 2048 1478 2087 miseremur

160 2118 335 2159 humani
360 2118 520 2171 ingenii
543 2126 718 2161 sortem.
764 2119 891 2160 evicit
919 2118 1093 2172 Lipsius
1115 2117 1157 2157 in
1182 2130 1266 2156 una
1290 2115 1479 2157 litterula

159 2200 300 2240 eaque
318 2187 466 2242 procul
489 2188 624 2228 dubio
651 2189 890 2242 depravata
913 2201 1002 2228 rem
1026 2193 1164 2228 totam
1190 2184 1311 2234 verti,
1331 2186 1479 2237 itaque

161 2256 320 2298 corruit
342 2258 537 2310 speciosa
559 2257 630 2298 illa
655 2256 874 2299 Useneri2
896 2256 1150 2309 disputatio,

204 2357 215 2377 ¹
240 2357 362 2388 Antike
378 2357 793 2398 Demosthenemusgaben,
814 2368 869 2398 pp.
890 2366 1033 2397 544—51,
1053 2356 1203 2396 Leipzig,
1227 2356 1318 2395 1899.

203 2400 216 2421 ²
242 2402 386 2441 Usener,
406 2401 520 2432 Klez'ne
534 2401 696 2441 Schriften
716 2402 777 2433 III.
800 2412 858 2441 143
872 2411 942 2441 sqq.

809 2471 832 2495 V
