1763 2778
127 121 265 178 [1190]

688 123 1218 180 [ΔΙ-ΙΜΟΣΘΕΝΟΎΣ]
1510 125 1613 180 [xux

284 230 325 269 δὲ
360 228 382 279 ἡ
421 228 548 268 δίαιτα
583 226 644 278 ἦν,
681 227 949 280 προσκληθεὶς
986 226 1062 268 ἀπὸ
1098 230 1167 278 τῆς
1202 229 1327 270 οἰκίας
1359 225 1421 278 (οὐ
1452 231 1527 282 γὰρ
1563 229 1611 281 ἦν

284 293 482 348 φανερός),
510 295 623 336 ἔλιπε
642 294 713 345 τὴν
729 296 941 348 μαρτυρίαν
958 296 1137 337 πεισθεὶς
1152 296 1227 336 ὑπὸ
1247 295 1396 336 τούτου.
1435 296 1610 339 τιθέντος

283 362 326 403 δέ
363 380 438 414 μου
475 362 577 417 αὐτῷ
619 361 691 413 τὴν
730 362 908 416 δραχμὴν
948 366 1017 403 τοῦ
1058 364 1366 416 λιπομαρτυρίου
1405 365 1500 404 κατὰ
1541 363 1610 405 τὸν

283 430 415 481 νόμον,
443 430 463 469 ὁ
489 429 686 480 διαιτητὴς
709 429 754 470 οὐ
781 427 996 487 κατεδιῄτα,
1026 429 1117 470 ἀλλ’
1142 431 1271 470 ἀπιὼν
1288 429 1410 486 ᾤχετο
1430 432 1606 472 ἀποδιαι-

218 515 263 540 20
282 496 408 548 τήσας
431 497 570 538 τούτου
594 496 665 547 τὴν
691 498 855 544 δίαιται),
880 497 1054 550 ἑσπέρας
1079 497 1152 548 ἤδη
1177 498 1311 549 οὔσης.
1383 498 1466 539 νυνὶ
1491 500 1531 539 δὲ
1559 499 1612 554 τῷ

216 916 255 940 21

217 1451 258 1475 22

133 1842 261 1896 [1191]
282 1840 493 1883 ἐκέλευσεν
531 1841 774 1893 αἰτήσασθαι
815 1843 1026 1896 στρώματα
1069 1843 1133 1884 καὶ
1174 1843 1307 1895 ἱμάτια
1348 1844 1411 1884 καὶ
1458 1843 1608 1897 φιάλας
1630 1863 1665 1892 25

282 563 516 617 Ἀντιφάνει
539 565 684 618 εἴληχα
708 563 874 616 βλάβης
899 565 1000 605 ἰδίαν
1020 567 1143 615 δίκην,
1170 566 1231 606 ὅτι
1253 582 1320 616 μοι
1344 564 1423 606 οὔτ’
1442 566 1606 618 ἐμαρτύ-

280 629 403 683 ρήσεν
439 630 518 672 οὔτ’
556 631 786 683 ἐξωμόσατο
824 633 920 673 κατὰ
956 632 1025 673 τὸν
1059 633 1192 683 νόμον.
1265 633 1329 674 καὶ
1361 631 1455 683 ἀξιῶ
1493 632 1609 674 αὐτὸν

281 698 489 750 ἀναβάντα
519 700 641 740 εἰπεῖν
672 701 851 741 ἐναντίον
885 700 992 751 ὑμῶν
1029 699 1329 751 διομοσάμενον,
1357 703 1512 752 πρῶτον
1536 703 1609 752 μὲν

282 766 315 806 εἷ
341 765 522 808 ἐδάνεισε
543 765 726 821 Τιμοθέῳ
750 768 793 807 ἐν
815 768 1043 821 Καλαυρείᾳ
1060 768 1197 819 χιλίας
1215 766 1406 820 δραχμάς,
1428 767 1609 820 δεύτερον

281 832 313 872 δ’
339 833 373 874 εἶ
395 835 500 885 παρὰ
524 836 594 874 τοῦ
617 833 763 886 πατρὸς
789 835 991 875 Φίλιππος
1020 833 1227 885 ἀπέλαβεν
1261 833 1398 876 ἐνθάδε
1423 838 1539 875 τοῦτο
1564 834 1609 875 τὸ

280 900 475 953 ἀργύριον.
549 900 698 955 σχεδὸν
720 903 795 953 μὲν
818 901 887 942 οὖν
908 902 973 942 καὶ
1005 900 1120 943 αὐτὸς
1145 901 1258 944 οὗτος
1293 902 1490 955 ὡμολόγει
1514 902 1609 954 πρὸς

279 971 331 1022 τῷ
369 968 544 1025 διαιτητῇ
576 969 792 1010 ἀποδοῦναι
827 971 883 1024 τῷ
916 970 1109 1023 Φιλίππῳ
1145 968 1212 1009 τὸν
1243 968 1393 1021 πατέρα
1417 968 1486 1010 τὸν
1513 969 1608 1020 ἐμὸν

280 1033 349 1077 τὰς
385 1036 520 1088 χιλίας
556 1035 746 1090 δραχμάς,
783 1035 828 1076 οὐ
864 1034 998 1087 μέντοι
1035 1035 1137 1091 αὑτῷ
1168 1035 1216 1088 γέ
1251 1041 1376 1088 φησιν
1413 1039 1605 1083 δανεῖσαι,

281 1102 388 1142 ἀλλὰ
427 1106 480 1158 τῷ
520 1104 694 1158 Βοιωτίῳ
731 1102 927 1159 ναυάρχῳ,
967 1103 1031 1145 καὶ
1071 1104 1279 1144 ὑποθεῖναί
1315 1109 1442 1156 φησιν
1490 1103 1607 1145 αὐτὸν

280 1169 418 1210 τούτου
454 1173 523 1210 τοῦ
561 1171 743 1223 ἀργυρίου
780 1171 946 1224 χαλκόν.
1018 1169 1070 1213 ὡς
1107 1173 1148 1211 δὲ
1184 1170 1252 1211 οὐκ
1288 1171 1416 1222 ἀληθῆ
1452 1171 1605 1224 ἔλεγεν,

281 1236 372 1277 ἀλλ’
417 1236 535 1279 αὐτὸς
577 1237 862 1289 δανεισάμενος
905 1239 1128 1291 ἀποστερεῖ,
1181 1238 1258 1290 ἐγὼ
1304 1239 1404 1289 ὑμᾶς
1451 1237 1535 1279 διδά
1563 1257 1605 1285 ω,

282 1304 440 1345 ἐπειδὰν
490 1303 552 1345 καὶ
593 1304 681 1357 περὶ
722 1309 802 1347 τῶν
842 1305 980 1347 ἄλλων
1018 1306 1072 1346 ὧν
1114 1306 1270 1358 ὀφείλει
1311 1304 1396 1346 καθ’
1438 1306 1607 1348 ἕκαστον

281 1371 371 1422 ὑμῖν
396 1370 659 1424 διηγήσωμαι.

347 1437 613 1491 Ἀφικομένου
636 1441 711 1493 γὰρ
736 1436 927 1481 Ἀλκέτου
954 1440 1015 1481 καὶ
1040 1439 1220 1482 Ἰάσονος
1249 1440 1300 1482 ὡς
1324 1444 1462 1481 τοῦτον
1487 1442 1531 1482 ἐν
1554 1445 1606 1496 τῷ

279 1510 588 1559 μαιμακτηριῶνι
608 1507 702 1558 μηνὶ
727 1511 779 1562 τῷ
806 1507 866 1549 ἐπ’
890 1507 1073 1548 Ἀστείου
1093 1507 1285 1561 ἄρχοντος
1310 1508 1374 1548 ἐπὶ
1390 1508 1458 1549 τὸν
1475 1509 1607 1560 ἀγῶνα

281 1572 349 1613 τὸν
383 1573 535 1620 τούτου,
573 1575 863 1625 βοηθησόντων
900 1574 1013 1630 αὐτῷ,
1054 1574 1115 1615 καὶ
1145 1574 1423 1628 καταγομένων
1453 1576 1507 1617 εἷς
1536 1575 1607 1626 τὴν

281 1640 407 1681 οἰκίαν
432 1640 504 1691 τὴν
529 1642 571 1681 ἐν
598 1645 780 1694 Πειραιεῖ
807 1641 880 1692 τὴν
905 1643 947 1683 ἐν
979 1647 1028 1699 τῇ
1051 1642 1309 1697 Ἱπποδαμείᾳ
1337 1641 1510 1695 ἑσπέρας
1533 1642 1605 1694 ἤδη

282 1707 415 1758 οὔσης,
453 1708 722 1760 ἀπορούμενος
757 1709 1026 1760 ὑποδέξασθαι
1062 1709 1214 1756 αὐτούς,
1255 1709 1418 1762 πέμψας
1455 1710 1505 1752 ὡς
1539 1709 1607 1750 τὸν

281 1773 430 1827 πατέρα
476 1774 544 1816 τὸν
592 1775 687 1826 ἐμὸν
734 1777 968 1829 Αἰσχρίωνα
1004 1775 1072 1817 τὸν
1115 1777 1333 1818 ἀκόλουθον
1371 1777 1440 1817 τὸν
1475 1778 1604 1823 αὑτοῦ,

217 1920 261 1954 23
281 1909 451 1962 ἀργυρᾶς
475 1910 555 1956 δύο,
584 1910 646 1950 καὶ
670 1913 771 1961 μνᾶν
796 1911 979 1963 ἀργυρίου
1008 1911 1283 1952 δανείσασθαι.
1355 1911 1528 1954 ἀκούσας
1565 1913 1606 1952 δὲ

281 1975 302 2015 ὁ
326 1975 452 2029 πατὴρ
479 1977 499 2016 ὁ
525 1976 616 2028 ἐμὸς
641 1981 709 2018 τοῦ
734 1978 986 2031 Αἰσχρίωνος
1020 1981 1088 2019 τοῦ
1119 1979 1339 2020 ἀκολούθου
1370 1982 1439 2019 τοῦ
1469 1978 1607 2019 τούτου

280 2044 370 2095 ’ρούς
394 2061 436 2085 τε
461 2044 704 2097 ἀφιγμένους
730 2045 792 2086 καὶ
817 2045 886 2096 τὴν
911 2045 1050 2100 χρείαν
1079 2047 1134 2088 εἰς
1158 2045 1207 2097 ἣν
1236 2045 1383 2103 ᾐτεῖτο,
1418 2044 1484 2098 ἐφ’
1516 2045 1540 2086 ἅ
1564 2062 1607 2087 τε

325 2163 344 2183 2
367 2154 491 2186 τουτουί
512 2152 544 2183 Α
655 2164 674 2193 3
697 2168 756 2195 μου
781 2156 865 2196 αὐτῷ
889 2155 919 2186 D
945 2155 1093 2196 (Wolfjt
1123 2169 1184 2196 μου
1207 2157 1311 2188 αὐτῶν
1335 2154 1463 2194 SFQ:
1493 2170 1553 2196 μου
1575 2154 1607 2186 Α

282 2207 301 2235 4
331 2197 506 2239 κατεδιῄτα
521 2196 553 2227 Λ
568 2209 576 2229 t
600 2200 825 2237 κατεδιήτηται
844 2199 868 2230 S
880 2199 912 2238 Q
929 2210 936 2230 :
960 2200 1224 2242 καταδεδιῄτηται
1241 2199 1266 2230 F
1281 2200 1310 2229 D
1475 2210 1496 2240 9
1520 2202 1553 2231 ἐν
1571 2206 1605 2232 Κ.

281 2240 419 2281 Τιμοθέῳ
436 2241 467 2270 Λ
611 2252 647 2280 13
671 2255 709 2282 γε
727 2244 809 2283 αὑτῷ
825 2241 856 2272 Λ
1000 2253 1037 2282 14
1063 2243 1158 2275 αὐτόν
1174 2252 1253 2284 φησι
1269 2243 1312 2281 Λ,
1331 2252 1411 2284 φησι
1428 2243 1606 2282 utrobique

283 2284 346 2315 dcl.
367 2283 464 2315 Blass
580 2287 619 2315 16
643 2285 857 2326 ἀποστερεΐΛ
872 2297 879 2317 :
903 2287 1069 2328 ἀπεστέρει
1091 2288 1114 2317 S
1126 2287 1150 2316 F
1165 2286 1195 2325 Q
1211 2287 1240 2316 D
1355 2298 1396 2316 22
1420 2288 1606 2326 Ἰπποδαμία

284 2327 308 2358 S
319 2327 358 2359 A.
388 2329 590 2370 Ἱπποδαμείᾳ
603 2330 706 2370 ἀγορᾷ
717 2330 885 2360 desiderat
899 2331 1018 2365 Cobet,
1032 2331 1116 2361 sicut
1129 2330 1295 2370 Harpocr.
1310 2331 1501 2369 S.v.1cgisse
1512 2331 1605 2361 vidc-

284 2375 336 2401 tur
446 2382 487 2410 24
507 2374 678 2413 Αἵσχρωνα
689 2371 720 2401 Λ
732 2378 926 2404 constanter
992 2375 1049 2405 τὸν
1060 2374 1168 2414 αὑτοῦ]
1183 2376 1278 2406 αὑτοῦ
1287 2373 1318 2404 Λ
1420 2375 1527 2413 27-28
1547 2377 1605 2406 τοῦ

283 2415 457 2446 ἀκολούθου
473 2415 591 2446 τούτου
606 2416 681 2448 τοὺς
693 2416 716 2446 S
731 2416 756 2446 F
770 2416 800 2454 Q
815 2416 845 2446 D
864 2417 935 2456 (τοῦ
953 2417 1094 2448 inseruit
1114 2417 1256 2448 ReiskeN
1275 2428 1282 2448 :
1305 2417 1437 2450 τούτους
1453 2417 1484 2447 Λ
1498 2429 1505 2449 :
1532 2417 1606 2450 τού-

283 2471 339 2490 του
355 2458 430 2490 τοὺς
447 2457 583 2490 Bckker
708 2460 750 2490 28
774 2461 812 2498 ἣν
827 2460 937 2503 ᾐτεῖτο
951 2459 995 2502 Α,
1014 2460 1055 2492 cf.
1077 2462 1093 2499 ξ
1110 2471 1174 2501 30:
1199 2461 1218 2493 ἃ
1232 2461 1303 2504 ᾔτει
1319 2461 1344 2492 S
1356 2461 1422 2500 FQ
1436 2460 1466 2492 D

1630 516 1646 546 5

1631 853 1669 875 10

1629 1526 1668 1547 20
