1763 2778
180 107 294 162 XLvn]
366 111 525 149 ΚΑΤΑ
573 110 778 148 ΕὙΕΡΓ.
829 109 934 148 ΚΑΙ
985 110 1244 148 ΜΝΗΣΙΒ.
1293 110 1470 147 ΨΕὙΔ.
1529 103 1656 158 [1155]

181 212 276 251 ποτὲ
302 209 545 260 κατασκευὴν
576 211 645 260 τῆς
675 210 797 250 οἰκίας
833 207 1150 261 καταλήψεσθαι·
1203 208 1296 249 ἀλλ’
1321 208 1396 248 ὑπὸ
1429 212 1507 249 τῶν

180 280 425 333 λῃτουργιῶν
450 278 513 317 καὶ
537 281 613 317 τῶν
640 277 842 329 εἰσφορῶν
863 277 924 316 καὶ
943 278 1012 327 τῆς
1039 280 1135 328 πρὸς
1159 277 1258 327 ὑμᾶς
1277 276 1507 328 φιλοτιμίας

182 345 229 384 τὰ
257 346 330 395 μὲν
364 343 530 397 ἐνέχυρα
563 347 687 384 κεῖται
718 344 858 390 αὐτῶν,
886 345 933 383 τὰ
959 345 1001 383 δὲ
1024 342 1233 395 πέπραται.
1292 344 1371 382 ὅσα
1402 342 1434 383 δ’
1459 343 1506 394 ἦν

183 411 241 452 ἔτι
275 412 485 457 ὑπόλοιπα,
513 410 640 451 πάντα
673 411 874 461 λαβόντες
908 409 1073 466 ᾤχοντο.
1111 440 1114 443 -
1144 409 1240 462 πρὸς
1264 412 1307 450 δὲ
1339 410 1503 457 τούτοις,
1530 426 1568 463 55

144 499 160 529 5
182 476 211 518 ὦ
248 478 386 530 ἄνδρες
423 479 619 523 δικασταί,
648 477 787 530 ἔτυχεν
822 478 845 529 ἡ
878 476 976 531 γυνή
1008 494 1083 529 μου
1115 479 1213 529 μετὰ
1238 480 1315 517 τῶν
1341 478 1507 518 παιδίων

183 545 391 597 ἀριστῶσα
414 546 458 586 ἐν
481 550 530 602 τῇ
553 545 667 602 αὐλῇ,
688 545 750 585 καὶ
769 544 853 596 μετ’
873 544 991 595 αὐτῆς
1009 543 1121 595 τιτθή
1142 561 1200 586 τις
1221 543 1293 595 ε’μὴ
1313 544 1505 597 γενομένη

182 611 449 665 πρεσβυτέρα,
472 612 676 663 ἄνθρωπος
702 612 834 653 εὔνους
861 612 924 652 καὶ
948 611 1070 662 πιστὴ
1098 612 1159 651 καὶ
1185 611 1378 664 ἀφειμένη
1400 613 1506 652 ἐλευ-

183 678 277 732 θέρα
301 679 377 720 ὑπὸ
402 683 470 719 τοῦ
494 683 640 731 πατρὸς
666 683 734 718 τοῦ
755 681 861 730 ἐμοῦ.
916 676 1142 733 συνῴκησεν
1162 681 1203 719 δὲ
1230 677 1354 730 ἀνδρί,
1372 678 1505 729 ἐπειδὴ
1529 681 1660 735 [1156]

182 747 328 799 ἀφείθη
366 745 567 798 ἐλευθέρα·
625 746 676 788 ὡς
713 748 755 787 δὲ
789 746 903 787 οὗτος
937 745 1131 786 ἀπέθανεν
1169 747 1230 786 καὶ
1259 745 1354 795 αὐτὴ
1389 749 1507 798 γραῦς

123 827 162 848 10
182 812 230 863 ἦν
251 814 313 854 καὶ
332 813 402 853 οὐκ
421 812 470 864 ἧν
489 812 610 863 αὐτὴν
629 813 650 852 ὁ
669 812 843 866 θρέψων,
862 814 1057 863 ἐπανῆκεν
1081 812 1133 855 ὡς
1157 812 1239 864 ἐμέ.
1292 814 1507 864 ἀναγκαῖον
1530 819 1572 862 56

183 880 252 921 οὖν
284 879 333 931 ἧν
361 880 414 932 μὴ
447 883 637 932 περιιδεῖν
670 881 816 922 ἐνδεεῖς
854 882 970 922 ὄντας
998 878 1096 931 μήτε
1125 879 1263 930 τιτθὴν
1290 879 1507 932 γενομένην

181 946 279 999 μήτε
316 948 585 1000 παιδαγωγόν·
632 946 712 998 ἅμα
745 950 788 988 δὲ
813 948 874 988 καὶ
898 950 1146 1000 τριηραρχῶν
1171 946 1375 998 ἐξέπλεον,
1403 947 1507 987 ὥστε

184 1013 246 1054 καὶ
277 1020 325 1071 τῇ
354 1015 507 1067 γυναικὶ
539 1014 766 1071 βουλομένῃ
796 1013 844 1064 ἦν
869 1014 1054 1065 τοιαύτην
1077 1014 1256 1066 οἰκουρὸν
1281 1012 1364 1065 μετ’
1389 1013 1507 1064 αὐτῆς

182 1098 230 1133 με
257 1086 502 1123 καταλιπεῖν.
556 1082 809 1133 ἀριστώντων
834 1084 875 1122 δὲ
902 1083 943 1122 ἐν
968 1086 1016 1138 τῇ
1040 1081 1155 1137 αὐλῇ,
1181 1081 1232 1122 ὡς
1259 1082 1506 1131 ἐπεισπηδῶ-

126 1162 161 1192 15
184 1165 249 1189 σιν
274 1149 381 1189 οὗτοι
401 1149 464 1190 καὶ
489 1149 871 1200 καταλαμβάνουσιν
890 1149 1007 1189 αὐτᾶς
1029 1149 1090 1188 καὶ
1109 1148 1284 1201 ἥρπαζον
1303 1149 1351 1187 τὰ
1371 1148 1506 1198 σκεύη,

183 1217 224 1257 αἱ
259 1218 334 1267 μὲν
373 1215 496 1256 ἄλλαι
535 1216 767 1268 θεράπαιναι
797 1215 855 1266 (ἐν
884 1219 936 1271 τῷ
969 1216 1103 1270 πύργῳ
1137 1217 1212 1268 γὰρ
1244 1214 1362 1266 ἦσαν,
1388 1215 1507 1267 οὗπερ

183 1281 423 1334 διαιτῶνται)
451 1282 503 1325 ὡς
538 1283 714 1334 ἤκουσαν
744 1285 927 1336 κραυγῆς,
956 1284 1135 1323 κλείουσι
1158 1285 1229 1323 τὸν
1254 1283 1416 1335 πύργον,
1445 1281 1507 1322 καὶ

183 1351 353 1391 ἐνταῦθα
382 1352 456 1402 μὲν
489 1351 557 1391 οὐκ
595 1352 797 1401 εἰσῆλθον,
823 1352 871 1390 τὰ
896 1349 929 1390 δ’
957 1351 999 1390 ἐκ
1027 1352 1096 1400 τῆς
1121 1349 1248 1400 ἄλλης
1272 1351 1397 1391 οἰκίας
1424 1348 1504 1399 ἐξέ-

183 1422 307 1470 φερον
345 1417 480 1468 σκεύη,
521 1418 845 1470 ἀπαγορευούσης
886 1419 956 1468 τῆς
996 1421 1180 1470 γυναικὸς
1217 1415 1270 1468 μὴ
1312 1416 1508 1457 ἅπτεσθαι
1530 1423 1571 1459 57

122 1499 162 1522 20
183 1484 326 1530 αὐτοῖς,
354 1484 418 1526 καὶ
445 1485 645 1537 λεγούσης
668 1485 729 1525 ὅτι
752 1486 869 1535 αὐτῆς
896 1486 953 1535 εἵη
979 1486 1022 1525 ἐν
1046 1490 1093 1542 τῇ
1117 1485 1248 1536 προικὶ
1273 1482 1508 1535 τετιμημένα

184 1551 246 1591 καὶ
270 1552 332 1591 ὅτι
357 1552 434 1592 ’τὰ
465 1552 652 1605 πρόβατα
685 1552 800 1605 ἔχετε
829 1551 1075 1603 πεντήκοντα
1105 1552 1168 1591 καὶ
1196 1554 1266 1592 τὸν
1298 1553 1419 1591 παῖδα
1444 1551 1507 1590 καὶ

182 1617 251 1659 τὸν
275 1618 455 1670 ποιμένα,
483 1619 668 1661 πλείονος
705 1617 795 1668 ἄξια
833 1615 857 1670 ἢ
894 1617 1238 1659 κατεδικάσασθε·’
1288 1617 1508 1670 ἀπήγγειλε

182 1684 258 1738 γάρ
294 1702 354 1727 τις
392 1685 524 1727 αὐτοῖς
561 1690 639 1727 τῶν
676 1687 864 1739 γειτόνων
902 1687 1030 1738 κόψας
1062 1685 1133 1736 τὴν
1168 1686 1300 1737 θύραν.
1370 1684 1429 1725 ἔτι
1465 1686 1508 1725 δὲ

181 1752 259 1805 ἔφη
298 1755 344 1793 τὸ
381 1753 569 1805 ἀργύριον
609 1754 741 1795 αὐτοῖς
782 1755 960 1804 κείμενον
1002 1753 1102 1793 εῗναι
1140 1752 1204 1793 ἐπὶ
1240 1757 1287 1808 τῇ
1322 1751 1505 1807 τραπέζῃ·

123 1837 160 1868 25
180 1818 340 1870 ἠκηκόει
363 1821 438 1872 γὰρ
464 1821 574 1871 ἐμοῦ·
610 1822 623 1838 ‘
640 1820 712 1860 κᾶν
737 1821 986 1873 περιμείνητε
1001 1819 1025 1866 ’,
1053 1820 1144 1872 ἔφη,
1175 1822 1183 1837 ‘
1204 1816 1226 1869 ἢ
1252 1818 1423 1874 μετέλθῃ
1448 1834 1506 1859 τις

179 1887 291 1937 ὑμῶν
323 1887 456 1933 αὐτόν,
483 1887 645 1941 ἔχοντες
682 1887 797 1928 ἄπιτε
828 1890 874 1927 τὸ
907 1887 1093 1939 ἀργύριον
1121 1886 1209 1937 ἤδη·
1247 1888 1294 1926 τὰ
1319 1888 1360 1926 δὲ
1386 1885 1505 1935 σκεύη

180 1953 283 1999 ἐᾶτε,
316 1954 379 1995 καὶ
409 1955 533 2006 μηδὲν
569 1958 649 1995 τῶν
683 1955 788 2006 ἐμῶν
823 1953 979 2007 φέρετε,
1007 1953 1140 1995 ἄλλως
1169 1970 1212 1994 τε
1249 1953 1310 1993 καὶ
1346 1952 1506 2004 ἔχοντες

179 2018 269 2070 ἄξια
293 2022 362 2071 τῆς
388 2020 624 2072 καταδίκης.’
694 2024 817 2061 ταῦτα
842 2023 883 2062 δὲ
907 2020 1108 2073 λεγούσης
1131 2022 1201 2071 τῆς
1225 2018 1408 2072 γυναικὸς
1433 2017 1506 2071 οὐχ
1529 2029 1570 2072 58

180 2086 286 2129 ὅπως
321 2086 511 2141 ἐπέσχον,
538 2088 647 2128 ἀλλὰ
678 2088 743 2129 καὶ
775 2090 846 2139 τῆς
876 2090 1006 2138 τιτθῆς
1031 2090 1077 2128 τὸ
1103 2088 1272 2139 κυμβίον
1296 2085 1506 2137 λαβούσης

226 2206 239 2226 Ι
266 2208 344 2229 ποτε
363 2196 389 2227 F
404 2210 454 2240 γρ.
469 2196 499 2236 Q
516 2211 566 2239 γρ.
582 2209 588 2228 :
612 2196 688 2229 τότε
705 2196 729 2228 S
745 2196 809 2235 FQ
822 2197 853 2227 D
1013 2198 1035 2228 6
1056 2196 1212 2239 γενομένη
1235 2195 1260 2227 S
1275 2207 1282 2227 Ζ
1303 2193 1505 2237 γεγενημένη

178 2240 266 2279 vulg.
390 2251 403 2271 1
415 2251 426 2271 t
453 2243 543 2280 ἐνδεῆ
560 2241 659 2273 οὖσαν
676 2241 706 2271 D
724 2241 849 2281 (Wolf)
970 2251 1073 2271 11—12
1096 2241 1177 2281 μήτε
1192 2263 1218 2272 ..
1235 2265 1242 2271 .
1254 2240 1334 2279 μήτε
1346 2238 1411 2277 SQ
1429 2251 1479 2279 γρ.
1498 2248 1505 2269 :

177 2284 259 2324 μηδὲ
277 2307 284 2314 .
300 2308 326 2316 ..
346 2285 398 2316 καὶ
410 2283 435 2314 F
447 2284 477 2323 Q
491 2285 520 2315 D
635 2295 647 2315 1
658 2295 671 2315 1
697 2289 775 2324 post
790 2285 903 2323 τιτθὴν
916 2285 992 2316 add.
1014 2285 1093 2325 ἐμὴν
1107 2284 1194 2322 vulg.
1214 2294 1221 2314 :
1244 2293 1310 2314 om.
1328 2282 1353 2313 S
1466 2290 1505 2319 14

179 2340 218 2367 με
234 2337 300 2358 om.
320 2327 344 2358 S
463 2327 497 2360 δὲ
514 2328 615 2359 codd.
631 2340 637 2359 :
661 2330 698 2367 δὴ
718 2328 854 2358 Dobree
978 2337 1016 2366 15
1041 2328 1090 2359 καὶ
1107 2332 1186 2358 ante
1202 2324 1506 2366 καταλαμβάνουσιν

180 2380 246 2401 om.
265 2370 290 2401 S
304 2370 333 2409 Q
346 2371 376 2401 D
491 2381 529 2410 19
553 2385 834 2414 απαγορευγευσης
851 2371 876 2402 S
991 2380 1029 2400 21
1055 2372 1105 2403 καὶ
1123 2372 1180 2402 τὸν
1196 2373 1292 2402 παῖδα
1307 2379 1373 2400 om.
1392 2367 1418 2398 F
1430 2367 1461 2407 Q
1473 2367 1503 2397 D

179 2422 221 2453 23
245 2416 351 2447 αὐτοῖς
367 2414 402 2454 S,
422 2415 464 2446 cs.
483 2416 715 2457 ἀριστώντωνξ
730 2417 772 2454 56
786 2425 794 2446 :
818 2417 925 2447 αὐταῖς
941 2414 1030 2453 vulg.
