1700 2758
605 99 1016 142 PRAEFATIO

152 208 404 261 vulgatam¹
448 215 595 249 tamen
642 208 895 248 memoriam
945 207 1112 249 fidelius
1162 215 1469 262 repraesentat,

153 277 432 319 multifariam
467 278 707 330 antiquitus
739 284 999 331 corruptam,
1028 279 1347 331 interpolatam,
1379 293 1468 318 am—

152 345 403 400 plificatam.
449 347 575 387 huius
608 353 782 386 textum
820 346 1063 387 scholarum
1097 348 1137 387 in
1181 361 1305 388 usum
1344 348 1468 388 casti-

152 421 304 469 gatum
327 429 420 456 esse
442 415 509 456 vel
539 416 638 456 inde
660 422 779 469 patet
807 416 924 468 quod
956 416 1166 456 sermonis
1196 417 1468 469 exaequandi

153 492 194 526 et
231 484 446 538 levigandi
482 485 675 525 studium
711 485 870 538 passim
904 485 1218 538 deprehendas.
1272 499 1349 526 nec
1384 499 1469 526 non

153 553 417 606 deprehendi
448 560 595 607 potest
626 553 698 594 illa
728 567 902 606 quoque
931 554 1220 607 interpolandi
1252 554 1395 595 rati02
1424 562 1469 595 ut

152 623 302 664 ordine
322 623 554 663 verborum
581 622 830 674 immutatO,
854 623 995 664 verbis
1024 623 1091 664 vel
1119 624 1288 664 omissis
1310 623 1376 665 vel
1408 624 1469 664 in-

151 691 342 741 culcatis,
357 705 589 733 concursus
605 692 819 732 vocalium
839 692 1035 734 evitetur.
1078 693 1285 733 orationis
1303 692 1468 745 primae

151 767 194 802 et
215 761 603 814 quinquagesimae
627 763 733 802 duas
755 761 824 802 hic
848 761 955 802 liber
985 762 1164 803 exhibet
1195 762 1468 812 recensiones,

151 844 335 884 quarum
361 830 496 870 altera
530 830 627 884 (Ab)
660 838 705 872 ut
736 844 848 884 quae
878 831 988 872 inter
1016 837 1177 871 ceteras
1207 830 1468 884 Apollodori

150 899 368 939 orationes
399 912 526 939 suum
566 898 706 939 locum
744 899 918 947 habeat,
949 913 1006 939 ex
1041 898 1290 951 Augustani
1324 899 1468 940 arche-

150 975 261 1022 typo
290 968 439 1021 procul
466 967 601 1008 dubio
629 968 824 1010 derivata
849 974 927 1017 est,
956 968 1092 1009 altera
1121 965 1221 1023 (Aa)
1252 968 1362 1009 inter
1388 983 1468 1010 orr.

150 1047 255 1078 XVII
285 1044 328 1078 et
357 1046 482 1077 XLIII
515 1037 751 1086 interiecta,
780 1051 892 1090 quae
924 1037 1068 1078 nescio
1099 1052 1153 1078 an
1185 1052 1241 1078 ex
1275 1039 1466 1091 quodam

149 1107 277 1147 huius
299 1107 596 1147 oratiunculae
617 1120 813 1147 seorsum
837 1107 981 1148 editae
1011 1107 1251 1160 exemplari
1282 1107 1469 1156 fluxerit,

151 1176 252 1217 licet
274 1175 528 1229 plerumque
554 1189 654 1216 cum
684 1174 749 1215 Ab
774 1176 1029 1228 consentiat,
1051 1177 1295 1230 complures
1321 1182 1466 1217 tamen

150 1245 349 1300 proprias
369 1259 420 1285 ac
444 1244 621 1285 minime
643 1246 906 1298 spernendas
929 1245 1135 1286 lectiones
1159 1246 1302 1286 habet.

210 1313 383 1356 Codicis
421 1315 602 1355 Parisini
638 1329 657 1354 r
695 1314 875 1355 mirifica
907 1323 971 1355 est
1005 1314 1215 1356 condicio.
1262 1316 1379 1369 quod
1414 1318 1467 1357 ad

151 1384 342 1439 privatas
372 1384 589 1425 orationes
621 1381 777 1425 attinet
803 1398 911 1437 quas
945 1385 1099 1425 eodem
1132 1399 1219 1438 quo
1249 1385 1291 1426 A
1323 1386 1468 1427 ordine

151 1452 346 1505 exhibet,
370 1466 428 1492 ex
454 1452 494 1492 A
518 1453 784 1506 descriptum
805 1466 895 1493 esse
913 1453 980 1493 vel
1001 1453 1100 1493 inde
1117 1453 1334 1507 colligitur
1351 1456 1466 1507 quod

150 1522 358 1563 orationis
393 1522 609 1574 septimae
644 1528 688 1562 et
726 1522 1087 1575 quadragesimae
1123 1522 1165 1563 in
1204 1523 1249 1563 A
1287 1523 1468 1564 dimidia

150 1597 323 1632 tantum
348 1592 505 1644 pagina
534 1597 743 1643 superest,
767 1591 809 1630 in
840 1605 859 1630 r
882 1605 960 1632 nec
990 1592 1091 1632 vola
1122 1605 1200 1633 nec
1226 1592 1467 1645 vestigium.

150 1660 263 1701 adde
299 1660 418 1712 quod
455 1659 706 1712 Augustani
742 1660 1031 1700 correctiones
1071 1661 1390 1702 recentissimae
1427 1662 1468 1701 in

152 1729 330 1770 Parisini
362 1735 536 1769 textum
570 1737 767 1781 receptae
799 1736 898 1769 sunt
937 1744 973 1770 e.
987 1743 1029 1782 g.
1061 1730 1224 1770 xxxix.
1262 1730 1284 1768 8
1325 1728 1386 1770 καὶ
1423 1730 1468 1781 δὴ

151 1797 285 1853 καλεῖ]
326 1795 397 1839 κᾶν
431 1798 477 1849 δὴ
513 1799 615 1853 καλῇ
654 1797 699 1838 Α
735 1811 829 1848 rec„
865 1812 904 1847 r3
948 1799 1066 1852 quod
1101 1799 1265 1839 scholia
1296 1813 1469 1852 quoque

151 1880 356 1908 manuum
380 1868 618 1908 recentium
639 1867 832 1908 indidem
854 1875 1041 1921 recepta.
1076 1869 1277 1921 quocirca
1297 1868 1330 1907 si
1350 1867 1466 1907 illam

150 1941 319 1987 partem
356 1933 563 1974 orationis
602 1934 750 1973 xxxix
787 1935 1011 1987 exceperis
1049 1936 1121 1974 ubi
1157 1935 1325 1975 duobus
1360 1934 1468 1974 soliis

151 2003 386 2057 deperditis
424 2003 688 2043 obmutescit
732 2003 818 2043 iam
857 2004 982 2043 nobis
1020 2003 1320 2056 AugustanuS‚
1363 2003 1466 2043 nihil

150 2079 214 2113 est
237 2072 354 2124 quod
378 2086 434 2112 ex
454 2086 471 2112 r
495 2071 722 2112 lucremur.
769 2073 885 2125 quod
910 2079 1056 2113 tamen
1079 2073 1135 2112 ad
1158 2073 1375 2112 orationes
1394 2071 1467 2120 lix,

150 2141 226 2190 lxi,
258 2141 304 2181 lx
340 2141 499 2182 attinet
535 2155 648 2194 quae
689 2142 847 2182 desunt
882 2142 923 2181 in
958 2141 1014 2189 A,
1051 2142 1090 2181 in
1126 2141 1196 2181 Yr
1228 2141 1466 2181 orationem

194 2278 206 2299 ¹
229 2280 354 2310 Antike
367 2279 782 2322 Demostlzenesausgabem
802 2292 856 2321 pp.
874 2291 992 2320 550—1.

151 2322 403 2407 beZngigpgich
423 2324 577 2364 Schiller,
598 2325 649 2355 Ζιι
668 2325 741 2356 dem
758 2325 845 2355 Hiat
864 2325 912 2355 hei
926 2325 1170 2358 Demosthenes,
1191 2324 1306 2363 Progr.
1325 2322 1467 2354 Hirsch-

234 2391 242 2407 ,
350 2391 357 2398 .

783 2425 829 2463 vii
