1763 2778
121 128 262 182 [1072]
682 123 1214 180 [ΔῘΙΜΟΣΘΕΝΟΎΣ]
1506 127 1609 181 [xL111

284 228 532 279 νομιζόμενα,
561 228 611 270 ὡς
637 226 911 280 προσήκοντας
936 228 1000 269 καὶ
1023 228 1131 281 γένει
1155 230 1271 271 ὄντας
1298 229 1511 282 ἐγγυτάτω,
1539 229 1608 270 τὸν

283 297 325 335 δὲ
351 297 497 348 κλῆρον
523 297 679 336 οἴεσθαι
703 299 783 337 δεῖν
807 295 916 349 ἔχειν
935 295 1003 336 τὸν
1019 296 1180 349 (Αγνίου
1199 300 1267 337 τοῦ
1286 298 1608 347 τετελευτηκότος

286 362 561 415 Μακάρτατον,
584 364 626 403 ἐκ
645 366 712 403 τοῦ
732 364 923 415 Στρατίου
943 365 1051 404 οἴκου
1071 365 1166 404 ὄντα
1192 364 1255 405 καὶ
1280 365 1321 404 ἐκ
1347 366 1416 415 τῆς
1434 363 1608 414 Ἀπολή-

283 428 390 479 ξιδος
414 433 481 469 τοῦ
507 431 797 483 Προσπαλτίου
823 431 1028 483 θυγατρός,
1056 430 1320 484 Μακαρτάτου
1347 432 1388 472 δὲ
1417 431 1608 484 ἀδελφῆς.

283 495 375 536 ἀλλ’
395 497 483 538 οὕτε
508 498 660 539 δίκαιον
683 497 765 538 οὔθ’
786 499 898 539 ὅσιον
924 497 1028 539 τοῦτ’
1047 497 1171 545 ἔστιν,
1193 496 1222 538 ὦ
1247 498 1386 551 ἄνδρες
1411 498 1607 540 δικασταί.
1628 510 1645 541 5

218 562 263 598 66
349 563 572 617 Ἀνάγνωθι
606 564 648 606 δέ
679 582 747 617 μοι
777 567 826 606 τὰ
858 566 900 606 ἐκ
936 568 1005 616 τῆς
1036 567 1223 618 μαντείας
1254 568 1324 616 τῆς
1358 567 1400 606 ἐκ
1430 570 1608 619 Δελφῶν

283 632 542 683 κομισθείσης
575 634 681 685 παρὰ
714 636 781 674 τοῦ
807 635 912 680 θεοῦ,
941 633 1005 674 ἵνα
1036 634 1233 684 αἴσθησθε
1261 633 1322 674 ὅτι
1351 632 1472 674 ταύτὰ
1497 633 1609 687 λέγει

281 700 369 751 περὶ
393 703 472 741 τῶν
495 700 778 753 προσηκόντων
803 704 886 743 τοῖς
909 701 1043 752 νόμοις
1067 705 1148 743 τοῖς
1171 704 1242 742 τοῦ
1259 701 1455 742 Σόλωνος.

847 821 1039 849 ΜΑΝΤΕΙΑ.

334 875 480 929 Ἀγαθῇ
497 877 601 929 τύχῃ.
661 880 824 929 ἐπερωτᾲ
844 879 864 916 ὁ
885 878 998 928 δῆμος
1018 879 1037 916 ὃ
1058 876 1262 927 Ἀθηναίων
1276 877 1440 927 περὶτοῦ
1454 878 1610 928 σημείου
1632 895 1673 918 ιο

280 934 346 980 τοῦ
366 935 404 970 ἐν
425 936 476 984 τῷ
499 934 639 984 οὐρανῷ
665 933 878 985 γενομένου,
905 933 925 971 ὅ
952 950 988 971 τι
1016 931 1061 971 ἂν
1089 933 1224 982 δρῶσιν
1251 931 1507 982 Ἀθηναιοις
1487 951 1511 983 η
1540 933 1610 985 ὅτῳ

281 978 351 1025 θεῶ
381 985 579 1026 θύουσιν
559 1005 583 1037 η
613 988 822 1038 εὐχομένοις
851 987 906 1037 εἴη
936 988 996 1026 ἐπὶ
1021 988 1065 1026 τὸ
1091 989 1239 1038 ἄμεινον
1261 988 1336 1026 ἀπὸ
1355 990 1420 1026 τοῦ
1440 1005 1607 1038 σημειου.

280 1042 465 1091 συμφέρει
483 1040 696 1091 Ἀθηναίοις
715 1043 799 1092 περὶ
818 1043 884 1081 τοῦ
903 1042 1061 1091 σημείου
1080 1044 1145 1080 τοῦ
1169 1045 1206 1080 ἐν
1227 1046 1278 1094 τῷ
1298 1044 1437 1094 οὐρανῷ
1462 1043 1611 1094 γενομέ-

280 1113 344 1135 νου
378 1096 532 1137 θύοντας
564 1098 774 1147 καλλιερεῖν
808 1097 872 1135 Διὶ
904 1097 1041 1148 ὑπάτῳ,
1076 1096 1219 1149 Ἀθηνᾷ
1250 1098 1381 1149 ὑπάτῃ,
1417 1099 1609 1147 Ἡρακλεῖ,

279 1150 494 1190 Ἀπόλλωνι
531 1154 684 1201 σωτῆρι,
716 1151 774 1190 καὶ
814 1152 1047 1202 ἀποπέμπειν
1079 1137 1344 1202 Ἀμφιόνεσσι·
1377 1151 1461 1202 περὶ
1497 1153 1611 1203 τύχας
1633 1173 1668 1204 15

280 1206 420 1258 ἀγαθᾶς
434 1205 649 1245 Ἀπόλλωνι
664 1209 791 1259 ἀγυιεῖ,
807 1209 935 1253 Λατοῖ,
953 1206 1152 1257 Ἀρτέμιδι,
1170 1206 1229 1245 καὶ
1243 1208 1309 1248 τὰς
1324 1207 1451 1258 ἀγυιὰς
1466 1209 1606 1256 κνισῆν,

280 1262 340 1299 καὶ
360 1263 541 1311 κρατῆρας
561 1262 715 1312 ἱστάμεν
735 1261 795 1299 καὶ
821 1261 965 1329 χορρύς,
988 1261 1049 1300 καὶ
1075 1264 1377 1312 στεφαναφορεῖν
1403 1262 1518 1300 καττὰ
1543 1263 1609 1300 πά-

279 1327 373 1366 τρια·
414 1315 508 1356 θεοῖς
540 1316 762 1366 Ὀλυμπίοις
797 1317 857 1354 καὶ
890 1315 1114 1367 Ὀλυμπιαις
1146 1317 1333 1355 πάντεσσι
1366 1316 1427 1355 καὶ
1457 1317 1606 1363 πόσαις,

279 1371 398 1417 δεξιὰς
430 1371 490 1408 καὶ
525 1372 719 1421 ἀριστερὰς
758 1372 989 1422 ἀνίσχοντας,
1029 1371 1273 1422 μνασιδωρεῖν
1310 1373 1425 1409 καττὰ
1461 1373 1608 1421 πάτρια·

278 1426 354 1477 ἡρῳ
383 1425 581 1477 ἆρχαγέτα,
613 1425 655 1463 οὗ
685 1426 871 1476 ἐπώνυμοί
897 1429 993 1474 ἐστε,
1027 1427 1125 1465 θύειν
1156 1427 1217 1464 καὶ
1246 1426 1461 1476 δωροτελεῖν
1496 1428 1610 1464 καττὰ
1631 1444 1671 1466 20

278 1482 428 1531 πάτρια·
447 1483 523 1520 τοῖς
543 1481 846 1531 ἀποφθιμένοις’
830 1499 868 1520 εν
892 1481 1085 1534 ἶκνουμένα
1111 1482 1230 1534 ἁμέρα
1252 1483 1374 1520 τελεῖν
1398 1498 1482 1522 τοις
1507 1481 1608 1520 ποθί

280 1552 409 1576 κοντας
429 1536 544 1574 καττὰ
563 1536 739 1587 ἁγημένα.

214 1650 260 1693 67
346 1646 544 1694 Ἀκούετε,
571 1646 709 1701 ἄνδρες
742 1648 938 1695 δικασταί,
965 1647 1026 1689 ὅτι
1055 1647 1176 1689 ταύτὰ
1204 1647 1316 1701 λέγει
1346 1648 1369 1688 ὅ
1397 1665 1439 1689 τε
1469 1648 1609 1689 Σόλων

120 1712 259 1767 [1073]
281 1715 323 1756 ἐν
342 1718 425 1757 τοῖς
460 1715 595 1766 νόμοις
640 1715 703 1756 καὶ
739 1716 760 1755 ὁ
799 1715 888 1758 θεὸς
926 1717 968 1756 ἐν
1007 1721 1054 1772 τῇ
1094 1717 1272 1770 μαντείᾳ,
1316 1715 1489 1756 κελεύων
1525 1719 1608 1757 τοῖς

282 1781 579 1836 κατοιχομένοις
603 1786 731 1824 ποιεῖν
756 1782 846 1825 τοὺς
871 1781 1146 1835 προσήκοντας
1171 1784 1214 1823 ἐν
1233 1786 1318 1825 ταῖς
1343 1782 1608 1834 καθηκούσαις
1630 1790 1668 1822 25

279 1848 454 1902 ἡμέραις.
540 1850 647 1890 ἀλλὰ
695 1849 842 1891 τούτων
891 1850 1004 1891 οὐδὲν
1052 1850 1193 1901 ἔμελεν
1240 1851 1468 1905 Θεοπόμπῳ
1518 1849 1607 1891 οὐδὲ

282 1915 532 1972 Μακαρτάτῳ
568 1919 720 1972 τουτῳί,
747 1918 854 1958 ἀλλὰ
883 1921 998 1959 τοῦτο
1030 1918 1165 1969 μόνον,
1191 1919 1241 1958 τὰ
1272 1917 1327 1969 μὴ
1355 1915 1608 1970 προσήκοντα

282 1985 433 2026 ἑαυτοῖς
475 1983 597 2038 ἔχειν,
639 1986 701 2026 καὶ
749 1987 935 2038 ἐγκαλεῖν
973 1986 1034 2026 ὅτι
1080 1985 1208 2026 πολὺν
1245 1985 1390 2039 χρόνον
1431 1985 1608 2039 ἐχόντων

325 2103 344 2124 2
368 2096 469 2126 οἴεσθε
488 2093 526 2124 F¹
539 2093 570 2133 Q
685 2103 705 2132 3
731 2094 808 2127 ὄντα
826 2097 912 2127 οἴκου
928 2094 960 2125 Α
1076 2096 1097 2125 6
1121 2094 1171 2135 δὲ]
1191 2095 1229 2133 δὴ
1246 2093 1312 2126 AF
1433 2105 1450 2134 7
1474 2093 1540 2135 ἵνα]
1557 2095 1609 2126 ἵνα

282 2137 315 2169 δὲ
333 2138 359 2169 S
474 2149 490 2177 7
509 2143 544 2169 et
561 2148 602 2177 23
626 2141 730 2171 ταῦτα
749 2138 773 2169 S
789 2139 818 2168 D
937 2147 1042 2169 10—22
1066 2149 1129 2169 om.
1149 2138 1209 2169 SF
1223 2138 1252 2177 Q
1267 2138 1296 2168 D
1414 2149 1450 2177 15
1476 2137 1607 2179 Ἀμφιό-

283 2181 388 2222 νεσσι]
410 2192 451 2212 an
474 2181 660 2221 Amphioni
683 2188 715 2213 et
737 2182 869 2214 Zetho?
895 2181 936 2213 cf.
962 2182 1060 2213 Paus.
1084 2183 1117 2212 ix
1141 2192 1188 2220 17,
1213 2193 1257 2221 4:
1281 2183 1358 2224 ἀμφὶ
1382 2182 1490 2220 ὀνήσει
1516 2182 1607 2212 Boor

284 2227 323 2255 16
346 2229 447 2258 Λατοῖ
462 2225 628 2256 Dindorf:
653 2229 755 2264 Λητοῖ
769 2227 866 2257 codd.
966 2236 1004 2265 17
1030 2229 1284 2267 στεφαναφορεῖν
1301 2226 1399 2256 Blass
1413 2237 1419 2256 :
1444 2232 1604 2266 στεφανη-

282 2273 389 2310 φορεῖν
402 2269 511 2309 codd.,
526 2269 567 2301 cf.
580 2269 638 2299 xxi
651 2279 692 2308 52
746 2271 849 2302 καττὰ
862 2269 994 2300 Bekker
1010 2280 1017 2300 τ
1042 2271 1123 2302 κατὰ
1139 2271 1180 2301 τὰ
1193 2270 1291 2302 codd.
1360 2270 1476 2310 πάτρια
1488 2268 1605 2299 Wolf:

281 2315 408 2354 πατρῷα
420 2313 517 2344 codd.
592 2323 631 2353 19
647 2315 696 2345 καὶ
714 2316 922 2355 μνασιδωρεῖν
939 2313 996 2343 xxi
1014 2322 1055 2351 52
1123 2314 1243 2354 καττὰ]
1262 2315 1312 2345 καὶ
1330 2315 1370 2345 τὰ
1386 2313 1418 2343 Α
1487 2323 1529 2343 20
1553 2313 1605 2353 ἆρ-

282 2357 416 2398 χηγέτῳ
434 2357 543 2394 codd„
563 2367 648 2387 corr.
672 2356 768 2387 Blass
843 2358 946 2389 καττὰ
967 2356 1092 2387 Reiske
1109 2368 1116 2387 t
1141 2358 1222 2389 κατὰ
1241 2358 1282 2389 τὰ
1297 2357 1328 2387 Α
1403 2366 1441 2387 21
1468 2369 1606 2388 ενικνου-

279 2413 450 2442 μεναμεραι
460 2401 501 2440 Α,
518 2411 604 2431 corr.
619 2400 832 2431 Valckenaer
887 2411 928 2439 23
946 2401 1055 2441 ἄνδρες
1077 2401 1100 2431 S
1116 2412 1122 2431 ε
1139 2400 1162 2433 ὦ
1175 2402 1203 2433 ἅ.
1220 2405 1298 2431 cett.
1348 2402 1390 2431 26
1407 2400 1524 2440 ἔμελλε
1537 2398 1605 2430 AF

281 2454 367 2475 corr.
383 2444 412 2473 D
502 2454 542 2483 27
567 2444 699 2486 τουτωί]
717 2444 821 2486 τούτῳ
838 2444 935 2475 codd.
1025 2447 1123 2477 τοῦτο
1139 2444 1235 2476 codd.
1251 2455 1259 2475 :
1283 2443 1399 2477 τούτου
1419 2443 1514 2475 Blass
