1763 2778
709 426 822 463 XLV

140 538 309 578 ΚΑΤΑ
349 532 677 581 ΣΤΕΦΑΝΟΤ
714 535 1288 577 ΨΕΤΔΟΜΑΡΤΤΡΙΩΝ
1332 534 1373 576 Α

655 666 874 696 ΎΠΟΘΕΣΙΣ.

150 741 232 782 ‘'Or’
260 741 585 792 Ἀπολλόδωρος’
574 742 690 791 ε’κριιε
718 741 915 791 Φορμιωνα
944 742 1009 789 τῆς
1042 741 1222 790 τραπέζης
1256 740 1432 790 ἀφορμην

102 799 278 850 ἐγκαλῶν,
314 799 334 835 ὁ
365 797 454 835 δὲτ
433 798 500 846 τὴν
530 796 633 845 δικην
663 796 941 847 παρεγράψατο,
975 796 1122 844 «τεφαι
1125 813 1164 836 ος
1196 794 1274 846 μετ’
1305 796 1432 833 ἄλλων

100 856 206 890 τινῶν
235 853 467 902 ἐμαρτύρησε
495 851 666 900 Φορμιωι
669 868 690 898 ι,
714 852 760 890 ὡς
790 849 845 900 ἅρ
868 852 887 888 ὅ
914 851 981 900 μὲν
1006 851 1177 900 Φορμίων
1196 849 1430 899 προίκαλεῖτ

100 905 401 956 Ἀπολλόδωρον,
434 908 463 944 εἷ
491 907 544 955 μή
573 910 692 954 φησιν
721 904 918 956 ἀντίγραφ’
947 923 997 942 ειι
1000 922 1037 942 αι
1062 908 1132 942 τῶν
1156 904 1338 952 διαθηκῶν
1361 907 1432 942 τῶν
1451 902 1578 957 [1101]

64 978 81 1009 5
100 964 166 999 τοῦ
184 962 322 1010 πατρὸς
343 961 538 1000 Πασίωνος
559 961 581 997 ἃ
600 960 772 1009 Φορμίων
790 960 988 1008 παρέσχεν,
1011 960 1151 1004 ἀνοῖξαι
1169 960 1234 998 τὰς
1258 958 1432 1008 διαθήκας

101 1016 221 1064 αὐτας,
245 1016 287 1056 ἃς
306 1016 382 1066 ἔχει
403 1015 463 1052 καὶ
485 1032 685 1065 παρεχεται
703 1013 878 1063 ΗΑμφιας,
901 1014 1187 1063 Ἀπολλόδωρος
1214 1013 1248 1051 δ’
1274 1014 1433 1065 ἀνοίγειν

100 1072 167 1108 οὐκ
185 1070 424 1138 ἠθελησεν,”
406 1087 487 1108 εστι
508 1069 537 1107 δ’
558 1070 769 1121 ἀντίγραφα
787 1069 874 1107 τάδε
893 1072 964 1107 τῶν
984 1069 1166 1118 διαθηκῶν
1191 1072 1262 1107 τῶν
1284 1069 1432 1106 Πασιω-

101 1142 171 1166 νος.
228 1126 365 1174 ταύτην
384 1125 643 1174 ἐμαρτύρησαν
662 1124 729 1173 τὴν
752 1124 955 1174 μαρτυρίαν
974 1126 1008 1161 οῖ
1035 1123 1117 1173 περὶ
1144 1124 1432 1172 Στέφανον,τοῦ

100 1178 388 1229 Απολλοδώρου
403 1180 579 1231 λεγοντος
596 1196 688 1217 κατα
702 1181 768 1218 τοῦ
783 1179 1005 1228 Φορμίωνος
1023 1180 1070 1218 ὡς
1089 1196 1160 1228 αρα
1174 1195 1238 1217 τας
1259 1177 1433 1227 διαθηκας

45 1256 82 1277 10
100 1236 269 1273 πέπλακε
290 1235 350 1272 καὶ
368 1234 410 1272 τὸ
431 1235 522 1273 ὅλον
540 1238 696 1286 πρᾶγμα
716 1233 923 1284 σκευώρημ’
947 1233 1060 1272 ἐστίν.
1118 1232 1286 1282 ἡττηθεὶς
1311 1233 1433 1271 τοίνυν

100 1290 166 1339 τὴν
195 1289 299 1338 δίκην
325 1289 612 1339 Ἀπολλόδωρος
639 1290 730 1339 ὑπὲρ
759 1291 824 1338 τῆς
848 1289 1049 1339 μαρτυρίας
1075 1290 1121 1328 ὡς
1144 1287 1298 1338 ψευδοῦς
1317 1288 1433 1337 οὔσης

100 1347 151 1396 τῷ
170 1345 339 1396 Στεφάνῳ
359 1344 551 1390 δικάζεται.

170 1455 682 1508 Καταψευδομαρτυρηθείς,
715 1452 744 1495 ὦ
775 1454 911 1507 ἄνδρες
946 1453 1161 1505 Ἀθηναῖοι,
1196 1453 1260 1493 καὶ
1295 1454 1432 1494 παθὼν

100 1524 174 1564 ὑπὸ
201 1523 428 1576 Φορμίωνος
452 1523 666 1574 ὑβριστικὰ
690 1521 754 1563 καὶ
775 1521 898 1569 δεινά,
927 1522 1035 1572 δίκην
1061 1522 1166 1573 παρὰ
1193 1524 1271 1561 τῶν
1296 1521 1432 1561 αἰτίων

44 1608 79 1638 15
100 1590 180 1641 ἥκω
217 1590 446 1643 ληψόμενος
484 1589 573 1641 παρ’
610 1590 712 1640 ὑμῖν.
774 1588 909 1640 δέομαι
945 1591 987 1629 δὲ
1022 1588 1183 1629 πάντων
1220 1588 1328 1639 ὑμῶν
1370 1587 1433 1628 καὶ

103 1657 260 1698 ἱκετεύω
302 1658 365 1698 καὶ
401 1657 601 1708 ἀντιβολῶ
639 1661 795 1709 πρῶτον
830 1659 903 1708 μὲν
936 1657 1119 1697 εὐνοϊκῶς
1156 1655 1329 1695 ἀκοῦσαί
1357 1672 1433 1706 μου

100 1722 216 1777 (μέγα
243 1725 320 1778 ’γὰρ
348 1727 431 1767 τοῖς
460 1723 716 1778 ἠτυχηκόσιν,
742 1725 880 1777 ὥσπερ
909 1724 1001 1775 ἐγώ,
1029 1725 1241 1773 δυνηθῆναι
1265 1721 1354 1774 περὶ
1376 1723 1431 1762 ὧν

101 1792 351 1833 πεπόνθασιν
392 1793 518 1833 εἰπεῖν
556 1793 618 1832 καὶ
659 1791 829 1843 εὐμενῶς
872 1792 1046 1844 ἐχόντων
1083 1791 1191 1842 ὑμῶν
1229 1790 1431 1841 ἀκροατῶν

101 1857 265 1913 τυχεῖν),
298 1858 369 1900 εἶτ’
394 1860 464 1900 ἐὰν
488 1860 709 1899 ἀδικεῖσθαι
739 1861 854 1905 δοκῶ,
880 1858 1088 1910 βοηθῆσαί
1116 1874 1184 1909 μοι
1211 1858 1260 1896 τὰ
1289 1857 1430 1896 δίκαια.

42 1945 82 1966 20
103 1925 282 1977 ἐπιδείξω
313 1925 346 1967 δ’
371 1927 461 1978 ὑμῖν
485 1926 639 1967 τουτονὶ
669 1925 878 1979 Στέφανον
905 1925 968 1965 καὶ
999 1924 1322 1977 μεμαρτυρηκότα
1348 1920 1432 1975 (τὰ)
1452 1951 1470 1974 2

100 1996 243 2046 ψευδῆ,
271 1993 333 2034 καὶ
363 1992 412 2034 δι’
439 1994 746 2047 αἰσχροκερδίαν
771 1996 888 2033 τοῦτο
923 1992 1180 2043 πεποιηκότα,
1218 1991 1281 2031 καὶ
1319 1990 1430 2042 κατή-
1452 2002 1584 2057 [1102]

101 2077 220 2113 γορον
259 2060 377 2101 αὐτὸν
414 2061 532 2101 αὑτοῦ
569 2061 818 2114 γιγνόμενον·
868 2060 1040 2111 τοσαύτη
1085 2058 1324 2112 περιφάνεια
1364 2061 1433 2098 τοῦ

149 2169 268 2201 Oratio
284 2170 381 2201 deest
397 2169 432 2200 in
447 2169 480 2200 A
491 2180 507 2200 ι·
595 2170 753 2200 Tmums
768 2181 774 2200 :
799 2169 830 2200 A
847 2180 912 2201 om.
932 2169 957 2199 F
973 2169 997 2199 S

149 2234 168 2254 2
193 2227 209 2257 ὃ
231 2229 287 2260 Στ.
306 2225 331 2256 S
513 2234 533 2264 5
559 2226 720 2258 Πασίωνος
738 2225 758 2257 ἃ
773 2227 913 2267 Φορμίων
930 2224 1093 2267 παρέσχεν
1111 2224 1209 2255 Blass
1226 2235 1233 2254 z
1257 2223 1429 2266 Φορμίωνος

102 2299 266 2333 Πασιωνος
281 2303 464 2342 παρασχεῖν
479 2300 596 2340 vulg.:
619 2270 770 2341 Φορῗιῖωνι
787 2298 950 2334 Πασίιῖνος
967 2277 1146 2341 παρέσχεῖν
1163 2299 1188 2330 S
1334 2299 1353 2328 8
1378 2298 1427 2329 καὶ

101 2349 181 2375 ante
197 2347 255 2376 τοῦ
272 2345 347 2376 add.
372 2345 396 2375 F
411 2345 435 2375 S
455 2344 529 2384 (sed
547 2346 581 2375 in
600 2344 624 2375 S
642 2345 806 2386 deletum)
973 2355 1010 2382 13
1036 2343 1193 2381 Ἀθηναῖοι
1212 2343 1257 2373 S:
1283 2346 1329 2373 δι)
1332 2342 1429 2373 ασταί

101 2392 181 2419 cett.
315 2400 357 2420 20
380 2390 420 2421 τὰ
437 2390 512 2421 add.
533 2389 663 2420 Reiske
796 2400 835 2419 21
862 2389 1106 2430 αισχροκερδίαν
1122 2387 1146 2417 S
1161 2387 1215 2417 D:
1239 2384 1428 2428 αἰσχροκέρ-

101 2433 187 2463 δειαν
211 2432 302 2471 vulg.
436 2443 478 2463 22
502 2432 701 2475 περιφάνεια]
726 2447 744 2466 ν
767 2438 801 2464 et
825 2447 843 2464 α
867 2443 886 2463 a
913 2442 1001 2464 corr.
1028 2431 1064 2471 S,
1092 2431 1197 2461 erasis
1221 2436 1298 2470 post
1321 2443 1339 2460 α
1363 2428 1427 2460 litt.

102 2474 229 2505 duabus
