1763 2778
881 425 957 461 LII

637 514 798 561 ΠΡΟΣ
848 518 1226 559 ΚΑΛΛΙΠΠΟΝ

816 627 1033 656 ΎΠΟΘΕΣΙΣ.

314 703 442 740 Λύκων
467 718 531 746 τις,
553 701 594 739 τὸ
620 701 725 752 γένος
750 701 1021 750 ἹΙρακλεώτης,
1043 700 1094 752 τῇ
1119 701 1314 740 Πασίωνος
1341 703 1475 751 ἐχρῆτο
1501 717 1586 750 τρα-

260 757 362 806 πέζῃ.
421 755 526 796 οῧτος
554 757 704 805 μέλλων
737 757 886 794 ἐκπλεῖν
921 758 970 795 εἷς
1002 756 1153 804 Λιβύην
1187 755 1382 793 κατέλιπεν
1416 756 1588 806 ἀργύριον

102 811 239 867 [1235]
260 813 361 861 παρὰ
377 812 556 857 Πασίωνι,
573 813 618 851 ὡς
633 812 700 859 μὲν
718 811 873 848 Πασίων
893 811 964 857 ζῶν
984 810 1089 862 ἔλεγε
1110 810 1168 847 καὶ
1183 808 1470 858 Ἀπολλόδωρος
1484 811 1588 861 λέγει

260 868 336 911 νῦν,
352 867 604 915 ἐντειλάμενος
623 864 823 902 ἀποδοῦναι
837 864 1074 915 Κηφισιάδῃ,
1091 866 1136 904 ὡς
1157 864 1194 902 δὲ
1212 864 1441 904 Κάλλιππός
1456 867 1586 912 φησιν,

261 923 374 971 ἑαυτῷ
395 920 643 971 χαρισάμενος
667 920 768 971 φίλῳ
785 918 817 957 τ’
837 919 914 957 ὄντι
942 919 1002 957 καὶ
1026 919 1188 970 προξένῳ
1213 922 1285 956 τῶν
1310 919 1456 957 πάντων
1474 919 1586 968 ‘Hpa-
1609 938 1626 969 5

261 978 438 1013 κλεωτῶν.
497 974 745 1014 ἀποθανόντος
778 973 816 1011 δὲ
845 977 911 1012 τοῦ
944 974 1125 1022 Λύκωνος,
1160 973 1202 1011 τὸ
1223 974 1395 1024 ἀργύριον
1425 973 1588 1023 ἀπεδόθη

261 1029 494 1080 Κηφισιάδῃ.
554 1030 782 1068 Κάλλιππος
816 1028 864 1074 δέ,
902 1029 948 1069 ὥς
982 1032 1100 1077 φησιν
1133 1028 1427 1077 Ἀπολλόδωρος,
1465 1027 1588 1077 ἐπειδὴ

258 1085 397 1123 πείθειν
416 1085 480 1122 τὸν
500 1083 666 1122 Πασίων’
687 1085 752 1121 οὐκ
773 1083 924 1121 ἐδύνατο
951 1083 1031 1132 μεθ’
1060 1085 1189 1121 ἑαυτοῦ
1215 1084 1412 1135 γενόμενον
1439 1100 1587 1121 ο-υνεπι-

261 1140 393 1178 θέσθαι
427 1142 478 1190 τῷ
511 1138 611 1190 ξένῳ,
648 1137 704 1176 ἐπ’
735 1138 846 1176 αὐτὸν
876 1138 970 1187 ἦλθε
999 1138 1064 1176 τὸν
1094 1138 1274 1176 Πασίωνα
1302 1138 1461 1187 βλάβης
1492 1139 1589 1188 αὐτῷ

262 1194 507 1243 δικαζόμενος,
542 1194 601 1231 καὶ
639 1192 841 1243 Λυσιθείδῃ
873 1193 916 1231 τὸ
954 1192 1093 1244 πρᾶγμ’
1129 1192 1336 1242 ἐπέτρεψεν,
1372 1192 1475 1232 ὅστις
1508 1195 1588 1230 Πα-
1613 1211 1650 1232 10

223 1268 243 1293 2
263 1249 394 1289 σίωνος
420 1250 553 1295 ζῶντος
578 1248 682 1286 οὐδὲν
710 1247 939 1297 ἀπεφήνατο.
997 1246 1247 1287 ἀποθανόντος
1266 1247 1294 1285 δ’
1316 1247 1463 1292 ἐκείνου,
1487 1246 1589 1287 αὖθις

262 1303 536 1355 Ἀπολλοδώρῳ
574 1303 754 1355 λαγχάνει
795 1302 897 1351 δίκην
939 1304 1003 1339 τοῦ
1046 1301 1221 1354 ἀργυρίου
1262 1301 1492 1341 Κάλλιππος
1530 1302 1590 1339 καὶ

262 1359 366 1408 ἠξίου
394 1359 507 1396 πάλιν
535 1359 726 1409 ἐπιτρέψαι
753 1361 803 1409 τῷ
833 1356 1046 1407 Λυσιθείδῃ.
1105 1358 1125 1394 ὃ
1154 1355 1184 1394 δ’
1212 1356 1498 1405 Ἀπολλόδωρος
1525 1354 1589 1394 τὸν

262 1415 331 1463 μὲν
350 1413 536 1462 διαιτητὴν
557 1412 714 1459 ἐδέξατο,
736 1413 827 1462 πρὸς
848 1411 886 1449 δὲ
908 1411 976 1461 τὴν
1003 1411 1121 1462 ἀρχὴν
1146 1412 1307 1460 τοῦνομα
1332 1413 1398 1449 τοῦ
1417 1411 1590 1448 Λυσιθεί-

264 1468 327 1506 δου
361 1468 577 1520 ἀπήνεγκεν,
610 1468 676 1511 ἵνα,
708 1467 753 1507 ὥς
784 1471 915 1516 φησιν,
950 1467 1092 1515 ὀμόσας
1122 1465 1270 1515 δικάσῃ,
1304 1465 1363 1503 καὶ
1394 1465 1446 1515 μὴ
1479 1465 1590 1516 χωρὶς
1613 1484 1649 1516 ¹5

262 1522 372 1572 ὅρκου
403 1522 546 1560 διαιτῶν
573 1526 623 1574 τῷ
654 1522 870 1573 Καλλίππῳ
904 1521 1116 1572 χαρίσηται.
1173 1521 1192 1557 ὃ
1221 1519 1261 1558 δὲ
1289 1519 1510 1568 Λυσιθείδης
1537 1520 1590 1569 μὴ

262 1577 404 1626 ὀμόσας
433 1577 648 1626 ἀπεφήνατο
678 1577 737 1614 καὶ
768 1574 1009 1627 κατεδιῄτησε
1037 1576 1103 1624 τὴν
1132 1574 1245 1623 δίκην.
1305 1574 1430 1624 διόπερ
1460 1575 1590 1623 ἔφεσιν

262 1632 345 1672 δοὺς
365 1633 384 1670 ὃ
404 1630 691 1681 Ἀπολλόδωρος
712 1633 760 1671 εἷς
779 1631 821 1669 τὸ
843 1631 1080 1679 δικαστήριον
1100 1629 1313 1681 εἰσέρχεται.

332 1742 414 1783 Οὐκ
453 1742 564 1783 ἔστιν
603 1742 885 1796 χαλεπώτερον
927 1740 1052 1787 οὐδέν,
1091 1738 1120 1780 ὦ
1158 1739 1296 1792 ἄνδρες
1332 1740 1527 1785 δικασταί,
1565 1735 1588 1789 ἢ

264 1811 358 1850 ὅταν
396 1809 601 1860 ἄνθρωπος
642 1807 761 1859 δόξαν
800 1808 905 1861 ἔχων
946 1808 1008 1847 καὶ
1047 1806 1261 1858 δυνάμενος
1298 1808 1423 1847 εἰπεῖν
1463 1806 1592 1860 τολμᾷ
1613 1825 1652 1847 20

264 1878 486 1929 ψεύδεσθαι
522 1876 584 1917 καὶ
619 1875 825 1928 μαρτύρων
863 1874 1021 1930 εὐπορῇ.
1092 1873 1241 1926 ἀνάγκη
1279 1873 1353 1926 γάρ
1389 1875 1500 1914 ἐστιν
1535 1876 1588 1927 τῷ

103 1947 246 2002 [1236]
267 1944 457 1997 φεύγοντι
491 1943 629 1995 μηκέτι
665 1943 754 1995 περὶ
789 1945 858 1982 τοῦ
892 1941 1120 1994 πράγματος
1156 1942 1277 1992 μόνον
1307 1940 1456 1992 λέγειν,
1483 1940 1591 1980 ἀλλὰ

267 2011 329 2051 καὶ
365 2011 454 2063 περὶ
489 2010 609 2052 αὐτοῦ
642 2013 711 2051 τοῦ
742 2008 945 2062 λέγοντος,
973 2008 1024 2050 ὣς
1056 2008 1123 2048 οὐκ
1158 2007 1260 2049 εἰκὸς
1293 2007 1394 2062 αὐτῷ
1428 2007 1492 2047 διὰ
1519 2006 1589 2056 τὴν

265 2078 386 2129 δόξαν
412 2077 625 2119 πιστεύειν.
700 2078 733 2118 εἰ
757 2077 832 2129 γὰρ
858 2077 945 2118 ἔθος
971 2074 1241 2127 καταστήσετε
1259 2079 1342 2117 τοῖς
1362 2072 1589 2125 δυναμένοις

309 2188 427 2218 Oratio
445 2188 540 2218 deest
556 2187 590 2217 in
607 2187 638 2217 Λ
651 2197 666 2216 ι·

308 2243 490 2273 TITULusz
515 2243 596 2283 Πρὸς
614 2242 804 2273 Κάλλιππον
821 2240 845 2271 S
863 2252 870 2271 z
894 2240 968 2271 add.
986 2239 1090 2281 χρέως
1109 2239 1149 2277 D,
1169 2239 1262 2281 χρέος
1279 2238 1305 2268 F

314 2308 352 2339 14
374 2300 513 2337 τοῦνομα
532 2299 590 2329 τοῦ
610 2297 795 2329 Λυσιθείδου
822 2295 978 2325 Dobree:
1001 2297 1058 2326 τοῦ
1080 2294 1173 2335 νόμου
1189 2297 1246 2326 τοῦ
1267 2293 1451 2325 Λυσιθείδου
1467 2293 1563 2322 codd.
1581 2302 1589 2322 ε

265 2342 347 2373 κατὰ
363 2342 437 2373 τοὺς
455 2341 567 2380 νόμους
583 2342 640 2372 τὸν
655 2341 844 2377 Λυσιθείδην
861 2338 958 2369 Wolf
968 2338 1045 2369 coll.
1061 2341 1132 2375 §30
1225 2338 1326 2376 16-17
1345 2337 1388 2376 μὴ
1403 2336 1521 2376 ὀμόσας
1537 2335 1566 2364 D
1581 2345 1589 2365 Ξ

263 2385 323 2458 μὲιιι
340 2385 457 2425 ὀμόσας
473 2384 498 2414 F
518 2394 525 2414 ε
550 2384 667 2424 ὀμόσας
685 2383 761 2413 Ald.
779 2394 786 2414 :
811 2385 866 2415 οὐκ
883 2381 1002 2422 ὀμόσας
1017 2381 1117 2412 Wolf
1236 2390 1274 2410 21
1301 2379 1363 2421 γάρ
1380 2380 1403 2409 S
1420 2390 1427 2409 :
1451 2381 1513 2421 γὰρ
1529 2380 1590 2416 ἤδη

264 2439 307 2458 νυ
323 2439 353 2467 g.
