1763 2778
162 113 291 169 mm]
450 118 613 156 RATA
661 118 834 156 OATM
846 120 882 156 Π
895 120 909 156 1
921 120 955 157 O
968 120 1003 156 Δ
1015 121 1051 156 α
1063 120 1090 156 p
1102 120 1182 157 OT
1510 117 1634 171 [1177]

162 217 346 259 ὑπονοίας
371 217 434 258 καὶ
467 217 593 259 αἰτίας
627 219 790 270 ψευδεῖς
826 217 1020 269 ἐπιφέρει,
1048 218 1111 259 καὶ
1147 218 1236 269 περὶ
1261 222 1302 257 τὸ
1330 221 1489 270 πρᾶγμα

162 285 258 326 ὅλον
283 284 415 326 ἄδικός
439 285 550 324 ἐστιν
575 283 793 336 ἄνθρωπος.
852 289 1038 326 πλεῖστοι
1064 287 1105 325 δὲ
1131 285 1248 325 αὐτοῦ
1272 286 1489 335 ἀκηκόασιν
1511 307 1553 341 37

160 351 362 404 λέγοντος,
395 353 431 393 οἱ
462 353 535 403 μὲν
563 352 624 392 ὅτι
659 350 704 392 τὸ
737 351 924 404 παράπαν
958 352 1029 392 οὐκ
1063 352 1190 403 ἔλαβε
1224 351 1269 392 τὸ
1305 352 1489 406 ἀργύριον

163 420 267 472 παρὰ
289 422 358 460 τοῦ
386 419 606 471 ἀνθρώπου·
647 420 807 460 ἐπειδὰν
839 421 880 461 δὲ
907 422 1022 460 τοῦτο
1053 418 1331 474 ἐξελέγχηται,
1367 419 1489 461 πάλιν

123 506 140 537 5
160 485 272 539 λέγει
296 486 358 528 ὅτι
381 488 486 539 παρὰ
509 489 577 526 τοῦ
602 487 720 526 αὑτοῦ
739 486 944 539 ἀνθρώπου
963 488 1048 541 ἔχει
1071 490 1115 527 τό
1132 487 1332 540 ἀργύριον,
1359 487 1421 528 καὶ
1446 486 1490 527 οὐ

160 553 382 605 μεταδώσει
405 553 493 605 ἐμοὶ
516 553 605 594 οὔτε
629 557 698 594 τοῦ
727 554 912 606 ἀργυρίου
939 555 1028 596 οὔτε
1054 558 1131 596 τῶν
1161 554 1301 596 ἄλλων
1331 554 1489 596 οὐδενὸς

161 622 216 662 ὧν
241 620 427 662 κατέλιπε
450 621 609 671 Κόμων.
668 620 829 662 ἐπειδὰν
857 621 902 663 δέ
925 638 984 664 τις
1008 621 1125 663 αὐτὸν
1154 626 1232 663 τῶν
1258 622 1488 674 ἐπιτηδείων
1508 634 1550 678 38

161 692 239 729 τῶν
263 687 402 729 τούτου
428 688 490 729 καὶ
515 691 593 729 τῶν
619 688 722 739 ἐμῶν
748 689 886 744 ἐρωτᾷ,
913 691 976 730 διὰ
1001 690 1042 730 τί
1067 688 1135 730 οὐκ
1160 689 1361 730 ἀποδώσει
1383 690 1484 741 ὀμω-

160 756 290 807 μοκὼς
323 753 596 808 ἰσομοιρήσειν
632 755 694 796 καὶ
729 760 807 797 τῶν
843 759 1050 807 συνθηκῶν
1085 757 1143 798 ἔτι
1169 756 1253 798 νυνὶ
1286 756 1486 808 κειμένων,

103 845 141 867 10
162 824 270 876 φησί
287 840 336 874 με
362 822 688 875 παραβεβηκέναι
704 822 776 866 τὰς
800 823 1010 874 συνθήκας,
1035 824 1096 864 καὶ
1123 826 1231 865 δεινὰ
1251 824 1490 865 πεπονθέναι

160 889 224 931 ὑπ’
243 892 347 942 ἐμοῦ,
367 890 429 931 καὶ
444 889 673 931 διατελέσαι
692 890 741 942 μέ
761 895 889 943 φησιν
908 893 1122 932 ὑπεναντία
1149 893 1210 932 καὶ
1235 891 1408 943 λέγοντα
1427 892 1489 932 καὶ

161 957 382 1009 πράττοντα
416 959 549 1013 ἑαυτῷ.
625 958 689 999 καὶ
717 958 741 998 ἃ
769 960 842 1009 μὲν
880 959 1182 1012 προφασίζεται,
1221 958 1327 999 ταῦτ’
1365 959 1487 1000 ἔστιν.
1513 966 1639 1020 [1178]

161 1025 185 1065 a
207 1026 280 1076 μὲν
304 1026 384 1071 οὖν,
407 1023 436 1065 ὦ
462 1024 598 1077 ἄνδρες
622 1027 818 1073 δικασταί,
835 1025 948 1068 οὗτος
967 1025 1089 1079 λέγει,
1117 1027 1298 1067 ὑπόνοιαι
1313 1025 1492 1067 πλασταί
1512 1039 1554 1074 39

161 1093 264 1133 εἰσιν
290 1093 352 1134 καὶ
375 1091 601 1145 προφάσεις
626 1092 751 1134 ἄδικοι
776 1093 837 1133 καὶ
871 1095 1056 1146 πονηρίαι
1088 1094 1152 1135 ἐπὶ
1188 1098 1239 1148 τῷ
1266 1094 1486 1145 ἀποστερῆ-

103 1181 139 1212 15
161 1177 230 1200 σαι
255 1160 279 1201 ἃ
304 1158 496 1213 προσήκει
520 1159 639 1201 αὐτὸν
663 1161 878 1201 ἀποδοῦναι
907 1162 1004 1212 ἐμοί.
1076 1161 1100 1201 δι
1125 1163 1166 1202 δὲ
1191 1162 1268 1213 ἐγὼ
1295 1162 1367 1213 ἐρῶ
1393 1160 1489 1213 πρὸς

159 1228 268 1278 ὑμᾶς,
297 1228 356 1268 ὅτι
381 1227 493 1270 οὗτος
515 1227 717 1280 ψεύδεται,
750 1232 871 1268 ταῦτα
900 1230 943 1269 δὲ
974 1229 1140 1269 ὑπόνοια
1177 1228 1335 1279 οὐδεμία
1359 1228 1486 1274 ἔσται,

161 1298 343 1348 φανερῶς
382 1297 425 1336 δὲ
462 1293 642 1345 ἐπιδείξω
681 1294 754 1345 τὴν
787 1296 926 1336 τούτου
963 1297 1265 1349 ἀναισχυντίαν,
1303 1294 1490 1347 τεκμήρια

159 1361 292 1414 λέγων
314 1362 485 1412 ἀληθινὰ
509 1362 572 1402 καὶ
597 1365 696 1403 πᾶσι
712 1362 900 1415 γνώριμα,
930 1363 991 1403 καὶ
1008 1362 1205 1415 μάρτυρας
1219 1363 1489 1417 παρεχόμενος

161 1430 249 1481 περὶ
274 1429 472 1471 ἁπάντων.
543 1433 699 1481 πρῶτον
722 1432 795 1481 μὲν
832 1431 912 1477 οὖν,
941 1429 970 1470 ὦ
1002 1430 1138 1483 ἄνδρες
1164 1431 1357 1477 δικασταί,
1382 1429 1488 1482 λέγω
1510 1450 1555 1483 40

101 1516 140 1538 20
161 1497 220 1536 ὅτι
249 1496 362 1539 οὗτος
397 1498 461 1537 διὰ
485 1500 599 1537 τοῦτο
630 1500 713 1539 τοῖς
745 1498 904 1540 οἰκείοις
930 1497 991 1538 καὶ
1028 1502 1110 1540 τοῖς
1143 1498 1376 1548 ἐπιτηδείοις
1408 1501 1489 1539 τοῖς

161 1565 300 1605 ἑαυτοῦ
330 1563 396 1605 καὶ
430 1567 511 1606 τοῖς
525 1556 662 1622 ἶέμοῖς,
689 1568 770 1607 τοῖς
797 1565 946 1606 εἰδόσιν
979 1566 1154 1617 ἀκριβῶς
1184 1565 1339 1606 ἅπαντα
1370 1568 1490 1605 ταῦτα

159 1629 208 1671 τὰ
232 1630 443 1684 πράγματα
469 1631 520 1674 ὡς
551 1631 637 1685 ἔχει
662 1632 724 1672 καὶ
758 1633 1150 1685 παρηκολουθηκόσιν
1183 1631 1229 1683 ἐξ
1258 1633 1394 1685 ἀρχῆς,
1420 1632 1488 1672 οὐκ

159 1697 358 1749 ἠθέλησεν
378 1697 602 1751 ἐπιτρέψαι·
642 1699 814 1752 ἀκριβῶς
832 1696 937 1752 [γὰρ]
949 1699 1033 1757 ᾔδει
1047 1701 1108 1740 ὅτι
1125 1699 1236 1741 εὐθὺς
1252 1701 1490 1752 παραχρῆμα

160 1765 223 1806 ὑπ’
250 1765 376 1807 αὐτῶν
403 1765 755 1820 ἐξελεγχθήσεται,
791 1766 859 1807 ἐάν
887 1785 925 1807 τι
955 1767 1162 1820 ψεύδηται·
1206 1767 1289 1807 νυνὶ
1325 1766 1358 1807 δ’
1393 1768 1489 1807 ἴσως

102 1853 140 1884 25
160 1832 314 1885 ἡγεῖται
343 1834 589 1886 ψευδόμενος
623 1835 665 1874 ἐν
694 1835 783 1885 ὑμῖν
815 1833 972 1885 λήσειν.
1043 1835 1165 1876 πάλιν
1189 1834 1296 1887 λέγω
1326 1835 1387 1874 ὅτι
1421 1833 1489 1874 οὐκ
1509 1849 1549 1881 41

160 1900 380 1942 ἀκόλουθόν
403 1902 516 1942 ἐστιν
540 1902 754 1943 ὑπεναντία
781 1904 852 1952 μὲν
879 1901 1064 1954 πράττειν
1101 1920 1178 1948 σοι,
1207 1900 1237 1942 ὦ
1268 1900 1486 1953 Ὀλυμπιό-

161 1970 273 2021 δωρε,
302 1967 382 2020 ε’μέ,
411 1975 519 2026 κοινῇ
555 1971 597 2011 δὲ
625 1970 858 2011 ἀναλίσκειν
890 1968 989 2021 μετὰ
1016 1973 1088 2010 σοῦ
1114 1971 1168 2011 εἰς
1199 1970 1221 2010 ὅ
1244 1986 1281 2009 τι
1307 1968 1366 2010 ἀεὶ
1392 1968 1487 2015 δέοι,

207 2088 221 2108 1
247 2079 314 2119 περὶ
333 2088 398 2110 om.
418 2077 468 2118 Sl,
487 2078 563 2109 add.
585 2079 617 2109 in
637 2089 701 2120 mg.
719 2079 791 2111 ead.
810 2090 853 2111 m.
998 2089 1018 2119 5
1044 2081 1138 2111 αὑτοῦ
1157 2079 1180 2110 S
1199 2091 1206 2110 :
1232 2080 1344 2110 ἑαυτοῦ
1361 2076 1414 2109 A:
1438 2079 1490 2110 αὐ-

159 2123 216 2153 τοῦ
235 2121 265 2151 D
281 2126 316 2153 et
334 2122 420 2163 [sine
436 2122 562 2162 spiritu>
592 2123 659 2162 FQ
814 2123 993 2165 ἀνθρώπου]
1013 2123 1206 2165 ἀνδραπόδου
1225 2123 1328 2161 Wolf,
1351 2121 1488 2152 Dobree

162 2174 180 2204 7
203 2164 372 2197 κατέλειπε
385 2165 409 2196 S
479 2177 500 2205 9
524 2167 588 2198 νυνὶ
606 2166 630 2197 S
648 2166 672 2196 F
685 2166 714 2205 Q
728 2167 776 2197 D:
801 2169 850 2199 καὶ
866 2167 965 2199 νῦνΑ
979 2173 1012 2198 ut
1028 2170 1096 2206 §32
1169 2178 1207 2197 10
1232 2165 1489 2208 παραβεβηκέναι

159 2222 198 2249 με
214 2208 246 2238 Α
374 2219 412 2247 13
436 2209 504 2251 οὖν’]1
522 2210 630 2242 τοίνυν
648 2210 677 2249 Q
694 2224 744 2252 γρ.
762 2210 788 2240 F
804 2222 870 2250 mg.
991 2221 1028 2250 15
1054 2211 1073 2243 ἃ
1089 2210 1138 2251 δὲ]
1158 2210 1208 2242 οἷα
1225 2210 1259 2242 δὲ
1276 2210 1301 2240 F
1319 2224 1371 2250 γρ.
1387 2209 1417 2248 Q
1435 2222 1485 2249 γρ.

164 2253 203 2282 16
227 2252 262 2284 δὲ
277 2263 341 2284 om.
359 2252 391 2282 A
404 2253 434 2282 D
449 2253 494 2292 Ql
595 2254 683 2286 πάνθ’
701 2259 780 2286 ante
798 2255 927 2287 ὑπόνοια
941 2255 1018 2286 add.
1034 2254 1066 2284 A
1170 2259 1249 2294 post
1266 2253 1395 2285 ὑπόνοια
1411 2253 1486 2283 add.

161 2295 220 2335 μὲν
234 2295 266 2325 Α
408 2307 446 2326 21
475 2297 575 2338 ἐμοῖς]
597 2301 671 2337 ἐμοῦ
689 2298 719 2336 Q
738 2311 789 2339 γρ.
891 2299 1029 2339 ἅπαντα]
1049 2298 1170 2330 ἕκαστα
1187 2297 1217 2336 Q
1234 2311 1285 2338 γρ.
1304 2301 1394 2327 recte
1411 2296 1487 2327 sort.

162 2349 268 2369 21-22
290 2340 332 2371 τὰ
348 2354 398 2378 πρ.
414 2343 516 2373 ταῦτα
533 2341 557 2371 S
577 2352 649 2372 cum
668 2342 772 2381 signis
789 2342 1034 2382 transponendi
1130 2352 1171 2380 23
1196 2343 1256 2381 γὰρ
1272 2352 1334 2371 om.
1357 2341 1379 2369 S
1397 2339 1489 2369 solus

161 2393 202 2421 24
226 2386 344 2415 δισσως
363 2383 386 2414 S
544 2386 586 2415 26
608 2385 777 2427 πράττειν]
796 2386 953 2418 πλάττειν
968 2385 1001 2415 Α
1155 2395 1195 2424 27
1221 2386 1266 2416 ἀεὶ
1287 2384 1351 2416 δέοι
1368 2383 1464 2413 BlaSS
1481 2394 1488 2412 :

162 2427 209 2458 ἀεὶ
226 2426 280 2470 δέῃ
293 2427 318 2458 S
333 2427 399 2466 FQ
413 2427 467 2459 D:
492 2428 530 2460 ἂν
544 2429 590 2460 ἀεὶ
608 2428 673 2460 δέοι
688 2428 721 2459 Α
