<?xml version="1.0" encoding="UTF-8"?>
<!DOCTYPE html PUBLIC "-//W3C//DTD XHTML 1.0 Transitional//EN"
    "http://www.w3.org/TR/xhtml1/DTD/xhtml1-transitional.dtd">
<html xmlns="http://www.w3.org/1999/xhtml" xml:lang="en" lang="en">
 <head>
  <title>
</title>
<meta http-equiv="Content-Type" content="text/html;charset=utf-8" />
  <meta name='ocr-system' content='tesseract 3.04.00' />
  <meta name='ocr-capabilities' content='ocr_page ocr_carea ocr_par ocr_line ocrx_word'/>
</head>
<body>
  <div class='ocr_page' id='page_1' title='image "./orationesrecog03demouoft_0040.png"; bbox 0 0 1742 2774; ppageno 0'>
   <div class='ocr_carea' id='block_1_1' title="bbox 119 144 263 200">
    <p class='ocr_par' dir='ltr' id='par_1_1' title="bbox 119 144 263 200">
     <span class='ocr_line' id='line_1_1' title="bbox 119 144 263 200; baseline 0.014 -2"><span class='ocrx_word' id='word_1_1' title='bbox 119 144 263 200; x_wconf 55' lang='grc' dir='ltr'>[που]</span> 
     </span>
    </p>
   </div>
   <div class='ocr_carea' id='block_1_2' title="bbox 118 462 262 569">
    <p class='ocr_par' dir='ltr' id='par_1_2' title="bbox 118 462 262 569">
     <span class='ocr_line' id='line_1_2' title="bbox 218 462 262 497; baseline 0 0"><span class='ocrx_word' id='word_1_2' title='bbox 218 462 262 497; x_wconf 82' lang='grc'>29</span> 
     </span>
     <span class='ocr_line' id='line_1_3' title="bbox 118 514 262 569; baseline 0.007 -16"><span class='ocrx_word' id='word_1_3' title='bbox 118 514 262 569; x_wconf 79' lang='lat'><em>[1048]</em></span> 
     </span>
    </p>
   </div>
   <div class='ocr_carea' id='block_1_3' title="bbox 216 1096 263 1130">
    <p class='ocr_par' dir='ltr' id='par_1_3' title="bbox 216 1096 263 1130">
     <span class='ocr_line' id='line_1_4' title="bbox 216 1096 263 1130; baseline 0 -10"><span class='ocrx_word' id='word_1_4' title='bbox 216 1096 263 1130; x_wconf 82' lang='lat'>30</span> 
     </span>
    </p>
   </div>
   <div class='ocr_carea' id='block_1_4' title="bbox 217 1829 257 1865">
    <p class='ocr_par' dir='ltr' id='par_1_4' title="bbox 217 1829 257 1865">
     <span class='ocr_line' id='line_1_5' title="bbox 217 1829 257 1865; baseline 0 -10"><span class='ocrx_word' id='word_1_5' title='bbox 217 1829 257 1865; x_wconf 83' lang='lat'>31</span> 
     </span>
    </p>
   </div>
   <div class='ocr_carea' id='block_1_5' title="bbox 115 2199 258 2311">
    <p class='ocr_par' dir='ltr' id='par_1_5' title="bbox 115 2199 258 2311">
     <span class='ocr_line' id='line_1_6' title="bbox 115 2199 258 2255; baseline 0.021 -6"><span class='ocrx_word' id='word_1_6' title='bbox 115 2199 258 2255; x_wconf 75' lang='lat'>[1049]</span> 
     </span>
     <span class='ocr_line' id='line_1_7' title="bbox 214 2278 258 2311; baseline 0 -9"><span class='ocrx_word' id='word_1_7' title='bbox 214 2278 258 2311; x_wconf 90' lang='lat'>32</span> 
     </span>
    </p>
   </div>
   <div class='ocr_carea' id='block_1_6' title="bbox 682 131 1609 190">
    <p class='ocr_par' dir='ltr' id='par_1_6' title="bbox 682 131 1609 190">
     <span class='ocr_line' id='line_1_8' title="bbox 682 131 1609 190; baseline -0.009 -12"><span class='ocrx_word' id='word_1_8' title='bbox 682 133 1208 190; x_wconf 72' lang='grc' dir='ltr'>[ΔΙΙΜΟΣΘΕΝΟΎΣ]</span> <span class='ocrx_word' id='word_1_9' title='bbox 1517 131 1609 185; x_wconf 80' lang='lat' dir='ltr'>[xm</span> 
     </span>
    </p>
   </div>
   <div class='ocr_carea' id='block_1_7' title="bbox 279 236 1672 964">
    <p class='ocr_par' dir='ltr' id='par_1_7' title="bbox 279 236 1672 964">
     <span class='ocr_line' id='line_1_9' title="bbox 283 236 1610 293; baseline -0.004 -11"><span class='ocrx_word' id='word_1_10' title='bbox 283 244 355 292; x_wconf 82' lang='grc' dir='ltr'>μὲν</span> <span class='ocrx_word' id='word_1_11' title='bbox 378 242 491 282; x_wconf 80' lang='grc' dir='ltr'>οὐδὲν</span> <span class='ocrx_word' id='word_1_12' title='bbox 512 239 722 293; x_wconf 74' lang='grc' dir='ltr'>ἀπέφηνας</span> <span class='ocrx_word' id='word_1_13' title='bbox 744 243 822 280; x_wconf 88' lang='grc' dir='ltr'>τῶν</span> <span class='ocrx_word' id='word_1_14' title='bbox 842 243 983 293; x_wconf 84' lang='grc' dir='ltr'>χρεῶν,</span> <span class='ocrx_word' id='word_1_15' title='bbox 1006 238 1138 288; x_wconf 76' lang='grc' dir='ltr'>ἐπειδὴ</span> <span class='ocrx_word' id='word_1_16' title='bbox 1165 240 1206 278; x_wconf 80' lang='grc' dir='ltr'>δὲ</span> <span class='ocrx_word' id='word_1_17' title='bbox 1232 237 1398 292; x_wconf 81' lang='grc' dir='ltr'>δευτέρῳ</span> <span class='ocrx_word' id='word_1_18' title='bbox 1423 237 1514 289; x_wconf 87' lang='grc' dir='ltr'>μηνὶ</span> <span class='ocrx_word' id='word_1_19' title='bbox 1538 236 1610 287; x_wconf 78' lang='grc' dir='ltr'>τὴν</span> 
     </span>
     <span class='ocr_line' id='line_1_10' title="bbox 284 304 1609 361; baseline -0.003 -12"><span class='ocrx_word' id='word_1_20' title='bbox 284 309 494 361; x_wconf 83' lang='grc' dir='ltr'>ἀπόφασιν</span> <span class='ocrx_word' id='word_1_21' title='bbox 519 308 666 350; x_wconf 83' lang='grc' dir='ltr'>ἔδωκάς</span> <span class='ocrx_word' id='word_1_22' title='bbox 690 324 769 359; x_wconf 91' lang='grc' dir='ltr'>μοι,</span> <span class='ocrx_word' id='word_1_23' title='bbox 795 311 863 347; x_wconf 84' lang='grc' dir='ltr'>τοῦ</span> <span class='ocrx_word' id='word_1_24' title='bbox 888 307 1010 357; x_wconf 86' lang='grc' dir='ltr'>νόμου</span> <span class='ocrx_word' id='word_1_25' title='bbox 1042 305 1272 346; x_wconf 87' lang='grc' dir='ltr'>κελεύοντος</span> <span class='ocrx_word' id='word_1_26' title='bbox 1300 308 1417 356; x_wconf 90' lang='grc' dir='ltr'>τριῶν</span> <span class='ocrx_word' id='word_1_27' title='bbox 1442 304 1609 356; x_wconf 83' lang='grc' dir='ltr'>ἡμερῶν,</span> 
     </span>
     <span class='ocr_line' id='line_1_11' title="bbox 283 368 1611 426; baseline -0.004 -10"><span class='ocrx_word' id='word_1_28' title='bbox 283 379 352 417; x_wconf 84' lang='grc' dir='ltr'>νῦν</span> <span class='ocrx_word' id='word_1_29' title='bbox 380 376 520 426; x_wconf 84' lang='grc' dir='ltr'>ἥκουσι</span> <span class='ocrx_word' id='word_1_30' title='bbox 556 374 760 416; x_wconf 84' lang='grc' dir='ltr'>δανεισταὶ</span> <span class='ocrx_word' id='word_1_31' title='bbox 793 374 854 414; x_wconf 82' lang='grc' dir='ltr'>καὶ</span> <span class='ocrx_word' id='word_1_32' title='bbox 890 371 1142 426; x_wconf 80' lang='grc' dir='ltr'>ὀφειλήματα</span> <span class='ocrx_word' id='word_1_33' title='bbox 1177 372 1300 413; x_wconf 87' lang='grc' dir='ltr'>πλεόν</span> <span class='ocrx_word' id='word_1_34' title='bbox 1336 368 1359 421; x_wconf 79' lang='grc' dir='ltr'>ἣ</span> <span class='ocrx_word' id='word_1_35' title='bbox 1395 375 1512 423; x_wconf 85' lang='grc' dir='ltr'>τριῶν</span> <span class='ocrx_word' id='word_1_36' title='bbox 1546 389 1611 412; x_wconf 87' lang='grc' dir='ltr'>τα·-</span> 
     </span>
     <span class='ocr_line' id='line_1_12' title="bbox 283 435 1610 493; baseline -0.002 -10"><span class='ocrx_word' id='word_1_37' title='bbox 283 443 460 489; x_wconf 85' lang='grc' dir='ltr'>λάντων;</span> <span class='ocrx_word' id='word_1_38' title='bbox 517 443 590 488; x_wconf 83' lang='grc' dir='ltr'>ὅτι,</span> <span class='ocrx_word' id='word_1_39' title='bbox 634 440 664 482; x_wconf 72' lang='grc' dir='ltr'><em>ὦ</em></span> <span class='ocrx_word' id='word_1_40' title='bbox 702 441 910 493; x_wconf 81' lang='grc' dir='ltr'>βέλτιστε,</span> <span class='ocrx_word' id='word_1_41' title='bbox 953 439 1067 480; x_wconf 83' lang='grc' dir='ltr'>οὐδὲν</span> <span class='ocrx_word' id='word_1_42' title='bbox 1104 439 1207 479; x_wconf 83' lang='grc' dir='ltr'>ἄλλο</span> <span class='ocrx_word' id='word_1_43' title='bbox 1246 438 1548 489; x_wconf 80' lang='grc' dir='ltr'>κατασκευάζεις</span> <span class='ocrx_word' id='word_1_44' title='bbox 1585 435 1610 488; x_wconf 78' lang='grc' dir='ltr'>ἦ</span> 
     </span>
     <span class='ocr_line' id='line_1_13' title="bbox 283 506 1666 566; baseline -0.004 -16"><span class='ocrx_word' id='word_1_45' title='bbox 283 510 456 562; x_wconf 86' lang='grc' dir='ltr'>ὅσονπερ</span> <span class='ocrx_word' id='word_1_46' title='bbox 483 514 591 566; x_wconf 82' lang='grc' dir='ltr'>κοινῇ</span> <span class='ocrx_word' id='word_1_47' title='bbox 615 507 758 561; x_wconf 88' lang='grc' dir='ltr'>γέγονέ</span> <span class='ocrx_word' id='word_1_48' title='bbox 781 525 847 559; x_wconf 92' lang='grc' dir='ltr'>μοι</span> <span class='ocrx_word' id='word_1_49' title='bbox 873 506 970 559; x_wconf 82' lang='grc' dir='ltr'>πρὸς</span> <span class='ocrx_word' id='word_1_50' title='bbox 996 506 1067 558; x_wconf 70' lang='grc' dir='ltr'>τὴν</span> <span class='ocrx_word' id='word_1_51' title='bbox 1091 507 1211 547; x_wconf 87' lang='grc' dir='ltr'>πόλιν</span> <span class='ocrx_word' id='word_1_52' title='bbox 1240 508 1418 558; x_wconf 80' lang='grc' dir='ltr'>ὄφλημα,</span> <span class='ocrx_word' id='word_1_53' title='bbox 1443 508 1610 545; x_wconf 81' lang='grc' dir='ltr'>τοσοῦτο</span> <span class='ocrx_word' id='word_1_54' title='bbox 1629 516 1666 549; x_wconf 85' lang='grc'>5-</span> 
     </span>
     <span class='ocr_line' id='line_1_14' title="bbox 283 571 1610 629; baseline -0.003 -12"><span class='ocrx_word' id='word_1_55' title='bbox 283 577 346 617; x_wconf 87' lang='grc' dir='ltr'>καὶ</span> <span class='ocrx_word' id='word_1_56' title='bbox 383 577 447 616; x_wconf 82' lang='grc' dir='ltr'>σοὶ</span> <span class='ocrx_word' id='word_1_57' title='bbox 483 577 560 629; x_wconf 83' lang='grc' dir='ltr'>ἰδίᾳ</span> <span class='ocrx_word' id='word_1_58' title='bbox 592 579 661 616; x_wconf 82' lang='grc' dir='ltr'>νῦν</span> <span class='ocrx_word' id='word_1_59' title='bbox 697 574 809 616; x_wconf 80' lang='grc' dir='ltr'>εἶναι.</span> <span class='ocrx_word' id='word_1_60' title='bbox 880 576 939 614; x_wconf 83' lang='grc' dir='ltr'>ὅτι</span> <span class='ocrx_word' id='word_1_61' title='bbox 975 572 1020 621; x_wconf 90' lang='grc' dir='ltr'>δ’,</span> <span class='ocrx_word' id='word_1_62' title='bbox 1058 571 1089 614; x_wconf 73' lang='grc' dir='ltr'><em>ὦ</em></span> <span class='ocrx_word' id='word_1_63' title='bbox 1123 573 1338 619; x_wconf 88' lang='grc' dir='ltr'>Φαίνιππε,</span> <span class='ocrx_word' id='word_1_64' title='bbox 1375 574 1516 625; x_wconf 77' lang='grc' dir='ltr'>ψεύδει</span> <span class='ocrx_word' id='word_1_65' title='bbox 1548 573 1610 613; x_wconf 86' lang='grc' dir='ltr'>καὶ</span> 
     </span>
     <span class='ocr_line' id='line_1_15' title="bbox 281 637 1612 695; baseline -0.003 -11"><span class='ocrx_word' id='word_1_66' title='bbox 281 643 532 695; x_wconf 82' lang='grc' dir='ltr'>ἐπιωρκηκὼς</span> <span class='ocrx_word' id='word_1_67' title='bbox 555 642 662 693; x_wconf 84' lang='grc' dir='ltr'>ἥκεις</span> <span class='ocrx_word' id='word_1_68' title='bbox 677 641 773 694; x_wconf 83' lang='grc' dir='ltr'>πρὸς</span> <span class='ocrx_word' id='word_1_69' title='bbox 790 641 963 687; x_wconf 85' lang='grc' dir='ltr'>τούτους,</span> <span class='ocrx_word' id='word_1_70' title='bbox 982 640 1053 692; x_wconf 89' lang='grc' dir='ltr'>ἤδη</span> <span class='ocrx_word' id='word_1_71' title='bbox 1073 644 1256 693; x_wconf 82' lang='grc' dir='ltr'>φανερῶς</span> <span class='ocrx_word' id='word_1_72' title='bbox 1281 638 1447 692; x_wconf 79' lang='grc' dir='ltr'>ἐλέγξω.</span> <span class='ocrx_word' id='word_1_73' title='bbox 1504 637 1612 690; x_wconf 86' lang='grc' dir='ltr'>λαβέ</span> 
     </span>
     <span class='ocr_line' id='line_1_16' title="bbox 279 706 1609 763; baseline -0.003 -12"><span class='ocrx_word' id='word_1_74' title='bbox 279 727 360 761; x_wconf 92' lang='grc' dir='ltr'>μοι,</span> <span class='ocrx_word' id='word_1_75' title='bbox 386 713 626 763; x_wconf 80' lang='grc' dir='ltr'>γραμματεῦ,</span> <span class='ocrx_word' id='word_1_76' title='bbox 644 709 716 759; x_wconf 74' lang='grc' dir='ltr'>τὴν</span> <span class='ocrx_word' id='word_1_77' title='bbox 740 711 809 749; x_wconf 84' lang='grc' dir='ltr'>τοῦ</span> <span class='ocrx_word' id='word_1_78' title='bbox 828 709 1038 749; x_wconf 82' lang='grc' dir='ltr'>Αἰαντίδου</span> <span class='ocrx_word' id='word_1_79' title='bbox 1062 708 1125 748; x_wconf 90' lang='grc' dir='ltr'>καὶ</span> <span class='ocrx_word' id='word_1_80' title='bbox 1141 706 1365 749; x_wconf 88' lang='grc' dir='ltr'>Θεοτέλους</span> <span class='ocrx_word' id='word_1_81' title='bbox 1382 707 1609 759; x_wconf 81' lang='grc' dir='ltr'>μαρτυρίαν,</span> 
     </span>
     <span class='ocr_line' id='line_1_17' title="bbox 280 774 1611 829; baseline -0.002 -12"><span class='ocrx_word' id='word_1_82' title='bbox 280 778 338 819; x_wconf 78' lang='grc' dir='ltr'>οἷς</span> <span class='ocrx_word' id='word_1_83' title='bbox 380 777 491 819; x_wconf 79' lang='grc' dir='ltr'>οὗτος</span> <span class='ocrx_word' id='word_1_84' title='bbox 541 775 823 829; x_wconf 80' lang='grc' dir='ltr'>ἀπογέγραφεν</span> <span class='ocrx_word' id='word_1_85' title='bbox 870 774 1075 828; x_wconf 79' lang='grc' dir='ltr'>ὀφείλονθ’</span> <span class='ocrx_word' id='word_1_86' title='bbox 1123 776 1243 815; x_wconf 83' lang='grc' dir='ltr'>αὑτὸν</span> <span class='ocrx_word' id='word_1_87' title='bbox 1288 774 1611 828; x_wconf 80' lang='grc' dir='ltr'>τετρακισχιλίας</span> 
     </span>
     <span class='ocr_line' id='line_1_18' title="bbox 281 841 1672 897; baseline -0.001 -14"><span class='ocrx_word' id='word_1_88' title='bbox 281 846 457 897; x_wconf 78' lang='grc' dir='ltr'>δραχμὰς</span> <span class='ocrx_word' id='word_1_89' title='bbox 483 844 726 896; x_wconf 85' lang='grc' dir='ltr'>ψευδόμενος</span> <span class='ocrx_word' id='word_1_90' title='bbox 752 842 814 883; x_wconf 86' lang='grc' dir='ltr'>καὶ</span> <span class='ocrx_word' id='word_1_91' title='bbox 837 841 963 883; x_wconf 84' lang='grc' dir='ltr'>πάλαι</span> <span class='ocrx_word' id='word_1_92' title='bbox 987 842 1257 888; x_wconf 83' lang='grc' dir='ltr'>ἀποδεδωκώς,</span> <span class='ocrx_word' id='word_1_93' title='bbox 1275 841 1348 895; x_wconf 81' lang='grc' dir='ltr'>οὐχ</span> <span class='ocrx_word' id='word_1_94' title='bbox 1374 841 1485 888; x_wconf 82' lang='grc' dir='ltr'>ἑκών,</span> <span class='ocrx_word' id='word_1_95' title='bbox 1504 842 1611 882; x_wconf 80' lang='grc' dir='ltr'>ἀλλὰ</span> <span class='ocrx_word' id='word_1_96' title='bbox 1632 864 1672 887; x_wconf 90' lang='lat'>10</span> 
     </span>
     <span class='ocr_line' id='line_1_19' title="bbox 281 910 741 964; baseline 0 -13"><span class='ocrx_word' id='word_1_97' title='bbox 281 913 391 962; x_wconf 88' lang='grc' dir='ltr'>δίκην</span> <span class='ocrx_word' id='word_1_98' title='bbox 415 911 565 964; x_wconf 84' lang='grc' dir='ltr'>ὀφλών.</span> <span class='ocrx_word' id='word_1_99' title='bbox 633 910 741 963; x_wconf 85' lang='grc' dir='ltr'>λέγε.</span> 
     </span>
    </p>
   </div>
   <div class='ocr_carea' id='block_1_8' title="bbox 842 1015 1056 1043">
    <p class='ocr_par' dir='ltr' id='par_1_8' title="bbox 842 1015 1056 1043">
     <span class='ocr_line' id='line_1_20' title="bbox 842 1015 1056 1043; baseline 0 -1"><span class='ocrx_word' id='word_1_100' title='bbox 842 1015 1056 1043; x_wconf 82' lang='grc' dir='ltr'>ΜΑΡΊῪΡῙΑ.</span> 
     </span>
    </p>
   </div>
   <div class='ocr_carea' id='block_1_9' title="bbox 277 1075 1673 2273">
    <p class='ocr_par' dir='ltr' id='par_1_9' title="bbox 277 1075 1673 2273">
     <span class='ocr_line' id='line_1_21' title="bbox 360 1075 1611 1131; baseline -0.001 -12"><span class='ocrx_word' id='word_1_101' title='bbox 360 1078 509 1125; x_wconf 86' lang='grc' dir='ltr'>Επειτ’,</span> <span class='ocrx_word' id='word_1_102' title='bbox 535 1078 674 1131; x_wconf 82' lang='grc' dir='ltr'>ἄνδρες</span> <span class='ocrx_word' id='word_1_103' title='bbox 699 1079 897 1127; x_wconf 86' lang='grc' dir='ltr'>δικασταί,</span> <span class='ocrx_word' id='word_1_104' title='bbox 914 1078 985 1120; x_wconf 82' lang='grc' dir='ltr'>τὸν</span> <span class='ocrx_word' id='word_1_105' title='bbox 1009 1079 1109 1119; x_wconf 79' lang='grc' dir='ltr'>οὕτω</span> <span class='ocrx_word' id='word_1_106' title='bbox 1131 1081 1368 1130; x_wconf 87' lang='grc' dir='ltr'>καταφανῶς</span> <span class='ocrx_word' id='word_1_107' title='bbox 1393 1078 1436 1118; x_wconf 87' lang='grc' dir='ltr'>ἐν</span> <span class='ocrx_word' id='word_1_108' title='bbox 1460 1075 1611 1118; x_wconf 80' lang='grc' dir='ltr'>ἅπασιν</span> 
     </span>
     <span class='ocr_line' id='line_1_22' title="bbox 281 1144 1611 1198; baseline -0.001 -12"><span class='ocrx_word' id='word_1_109' title='bbox 281 1146 424 1188; x_wconf 79' lang='grc' dir='ltr'>ἀδίκως</span> <span class='ocrx_word' id='word_1_110' title='bbox 458 1145 724 1197; x_wconf 86' lang='grc' dir='ltr'>πεποιημένον</span> <span class='ocrx_word' id='word_1_111' title='bbox 760 1145 831 1196; x_wconf 74' lang='grc' dir='ltr'>τὴν</span> <span class='ocrx_word' id='word_1_112' title='bbox 868 1146 1088 1198; x_wconf 84' lang='grc' dir='ltr'>ἀπόφασιν,</span> <span class='ocrx_word' id='word_1_113' title='bbox 1128 1145 1192 1186; x_wconf 87' lang='grc' dir='ltr'>καὶ</span> <span class='ocrx_word' id='word_1_114' title='bbox 1227 1144 1327 1197; x_wconf 88' lang='grc' dir='ltr'>μήτε</span> <span class='ocrx_word' id='word_1_115' title='bbox 1362 1148 1441 1186; x_wconf 87' lang='grc' dir='ltr'>τῶν</span> <span class='ocrx_word' id='word_1_116' title='bbox 1479 1145 1611 1195; x_wconf 89' lang='grc' dir='ltr'>νόμων</span> 
     </span>
     <span class='ocr_line' id='line_1_23' title="bbox 281 1211 1671 1266; baseline -0.002 -12"><span class='ocrx_word' id='word_1_117' title='bbox 281 1214 553 1266; x_wconf 86' lang='grc' dir='ltr'>φροντίσαντα</span> <span class='ocrx_word' id='word_1_118' title='bbox 576 1212 712 1264; x_wconf 87' lang='grc' dir='ltr'>μηδέν,</span> <span class='ocrx_word' id='word_1_119' title='bbox 739 1213 776 1254; x_wconf 79' lang='grc' dir='ltr'>οἳ</span> <span class='ocrx_word' id='word_1_120' title='bbox 802 1214 1032 1264; x_wconf 86' lang='grc' dir='ltr'>διωρίκασιν</span> <span class='ocrx_word' id='word_1_121' title='bbox 1067 1214 1109 1254; x_wconf 85' lang='grc' dir='ltr'>ἐν</span> <span class='ocrx_word' id='word_1_122' title='bbox 1132 1213 1192 1255; x_wconf 72' lang='grc' dir='ltr'>οἷς</span> <span class='ocrx_word' id='word_1_123' title='bbox 1216 1214 1279 1253; x_wconf 80' lang='grc' dir='ltr'>δεῖ</span> <span class='ocrx_word' id='word_1_124' title='bbox 1306 1211 1378 1262; x_wconf 73' lang='grc' dir='ltr'>τὴν</span> <span class='ocrx_word' id='word_1_125' title='bbox 1403 1212 1611 1264; x_wconf 81' lang='grc' dir='ltr'>ἀπόφασιν</span> <span class='ocrx_word' id='word_1_126' title='bbox 1634 1229 1671 1262; x_wconf 87' lang='lat'>15</span> 
     </span>
     <span class='ocr_line' id='line_1_24' title="bbox 279 1279 1612 1334; baseline 0 -13"><span class='ocrx_word' id='word_1_127' title='bbox 279 1283 481 1321; x_wconf 87' lang='grc' dir='ltr'>ποιεῖσθαι</span> <span class='ocrx_word' id='word_1_128' title='bbox 516 1281 686 1334; x_wconf 81' lang='grc' dir='ltr'>χρόνοις,</span> <span class='ocrx_word' id='word_1_129' title='bbox 723 1279 823 1331; x_wconf 84' lang='grc' dir='ltr'>μήτε</span> <span class='ocrx_word' id='word_1_130' title='bbox 858 1284 935 1321; x_wconf 88' lang='grc' dir='ltr'>τῶν</span> <span class='ocrx_word' id='word_1_131' title='bbox 970 1281 1079 1321; x_wconf 81' lang='grc' dir='ltr'>ἰδίων</span> <span class='ocrx_word' id='word_1_132' title='bbox 1115 1280 1349 1332; x_wconf 85' lang='grc' dir='ltr'>ὁμολογιῶν,</span> <span class='ocrx_word' id='word_1_133' title='bbox 1388 1279 1433 1321; x_wconf 73' lang='grc' dir='ltr'>ἃς</span> <span class='ocrx_word' id='word_1_134' title='bbox 1469 1280 1612 1330; x_wconf 85' lang='grc' dir='ltr'>ὁμοίως</span> 
     </span>
     <span class='ocr_line' id='line_1_25' title="bbox 278 1346 1612 1401; baseline -0.001 -14"><span class='ocrx_word' id='word_1_135' title='bbox 278 1346 618 1399; x_wconf 81' lang='grc' dir='ltr'>ὑπολαμβάνομεν</span> <span class='ocrx_word' id='word_1_136' title='bbox 660 1346 838 1401; x_wconf 82' lang='grc' dir='ltr'>ἰσχυράς,</span> <span class='ocrx_word' id='word_1_137' title='bbox 877 1347 997 1401; x_wconf 82' lang='grc' dir='ltr'>χωρὶς</span> <span class='ocrx_word' id='word_1_138' title='bbox 1041 1348 1081 1387; x_wconf 82' lang='grc' dir='ltr'>δὲ</span> <span class='ocrx_word' id='word_1_139' title='bbox 1129 1346 1278 1387; x_wconf 84' lang='grc' dir='ltr'>τούτων</span> <span class='ocrx_word' id='word_1_140' title='bbox 1318 1346 1524 1401; x_wconf 80' lang='grc' dir='ltr'>ἀνεῳχότα</span> <span class='ocrx_word' id='word_1_141' title='bbox 1563 1348 1612 1386; x_wconf 81' lang='grc' dir='ltr'>τὰ</span> 
     </span>
     <span class='ocr_line' id='line_1_26' title="bbox 281 1412 1611 1467; baseline -0.001 -13"><span class='ocrx_word' id='word_1_142' title='bbox 281 1418 426 1466; x_wconf 86' lang='grc' dir='ltr'>σημεῖα</span> <span class='ocrx_word' id='word_1_143' title='bbox 450 1418 528 1455; x_wconf 90' lang='grc' dir='ltr'>τῶν</span> <span class='ocrx_word' id='word_1_144' title='bbox 552 1414 774 1465; x_wconf 83' lang='grc' dir='ltr'>οἰκημάτων</span> <span class='ocrx_word' id='word_1_145' title='bbox 801 1414 863 1454; x_wconf 89' lang='grc' dir='ltr'>καὶ</span> <span class='ocrx_word' id='word_1_146' title='bbox 888 1414 1188 1467; x_wconf 82' lang='grc' dir='ltr'>ἐκπεφορηκότα</span> <span class='ocrx_word' id='word_1_147' title='bbox 1216 1413 1286 1454; x_wconf 83' lang='grc' dir='ltr'>τὸν</span> <span class='ocrx_word' id='word_1_148' title='bbox 1314 1417 1429 1454; x_wconf 85' lang='grc' dir='ltr'>σῖτον</span> <span class='ocrx_word' id='word_1_149' title='bbox 1455 1414 1518 1455; x_wconf 87' lang='grc' dir='ltr'>καὶ</span> <span class='ocrx_word' id='word_1_150' title='bbox 1543 1412 1611 1454; x_wconf 81' lang='grc' dir='ltr'>τὸν</span> 
     </span>
     <span class='ocr_line' id='line_1_27' title="bbox 278 1480 1611 1533; baseline -0.002 -11"><span class='ocrx_word' id='word_1_151' title='bbox 278 1481 387 1523; x_wconf 70' lang='grc' dir='ltr'>οἶνον</span> <span class='ocrx_word' id='word_1_152' title='bbox 416 1482 588 1529; x_wconf 85' lang='grc' dir='ltr'>ἔνδοθεν,</span> <span class='ocrx_word' id='word_1_153' title='bbox 625 1481 721 1532; x_wconf 86' lang='grc' dir='ltr'>πρὸς</span> <span class='ocrx_word' id='word_1_154' title='bbox 754 1483 795 1522; x_wconf 83' lang='grc' dir='ltr'>δὲ</span> <span class='ocrx_word' id='word_1_155' title='bbox 831 1481 984 1523; x_wconf 84' lang='grc' dir='ltr'>τούτοις</span> <span class='ocrx_word' id='word_1_156' title='bbox 1019 1480 1090 1531; x_wconf 77' lang='grc' dir='ltr'>τὴν</span> <span class='ocrx_word' id='word_1_157' title='bbox 1124 1482 1223 1532; x_wconf 80' lang='grc' dir='ltr'>ὕλην</span> <span class='ocrx_word' id='word_1_158' title='bbox 1257 1480 1331 1531; x_wconf 77' lang='grc' dir='ltr'>τὴν</span> <span class='ocrx_word' id='word_1_159' title='bbox 1366 1480 1611 1533; x_wconf 86' lang='grc' dir='ltr'>τετμημένην</span> 
     </span>
     <span class='ocr_line' id='line_1_28' title="bbox 279 1545 1673 1601; baseline -0.001 -12"><span class='ocrx_word' id='word_1_160' title='bbox 279 1550 505 1601; x_wconf 90' lang='grc' dir='ltr'>πεπρακότα</span> <span class='ocrx_word' id='word_1_161' title='bbox 539 1550 638 1600; x_wconf 80' lang='grc' dir='ltr'>μετὰ</span> <span class='ocrx_word' id='word_1_162' title='bbox 673 1548 744 1599; x_wconf 77' lang='grc' dir='ltr'>τὴν</span> <span class='ocrx_word' id='word_1_163' title='bbox 780 1549 996 1595; x_wconf 79' lang='grc' dir='ltr'>ἀντίδοσιν,</span> <span class='ocrx_word' id='word_1_164' title='bbox 1038 1546 1163 1589; x_wconf 87' lang='grc' dir='ltr'>πλέον</span> <span class='ocrx_word' id='word_1_165' title='bbox 1199 1545 1223 1599; x_wconf 79' lang='grc' dir='ltr'>ἢ</span> <span class='ocrx_word' id='word_1_166' title='bbox 1260 1546 1471 1601; x_wconf 85' lang='grc' dir='ltr'>τριάκοντα</span> <span class='ocrx_word' id='word_1_167' title='bbox 1504 1552 1612 1600; x_wconf 87' lang='grc' dir='ltr'>μνῶν</span> <span class='ocrx_word' id='word_1_168' title='bbox 1634 1567 1673 1588; x_wconf 86' lang='lat'>20</span> 
     </span>
     <span class='ocr_line' id='line_1_29' title="bbox 281 1614 1608 1669; baseline 0 -13"><span class='ocrx_word' id='word_1_169' title='bbox 281 1616 404 1657; x_wconf 71' lang='grc' dir='ltr'>οὖσαν</span> <span class='ocrx_word' id='word_1_170' title='bbox 434 1616 561 1667; x_wconf 77' lang='grc' dir='ltr'>ἀξίαν,</span> <span class='ocrx_word' id='word_1_171' title='bbox 592 1616 656 1657; x_wconf 79' lang='grc' dir='ltr'>καὶ</span> <span class='ocrx_word' id='word_1_172' title='bbox 684 1615 727 1657; x_wconf 87' lang='grc' dir='ltr'>τὸ</span> <span class='ocrx_word' id='word_1_173' title='bbox 763 1614 921 1656; x_wconf 89' lang='grc' dir='ltr'>πάντων</span> <span class='ocrx_word' id='word_1_174' title='bbox 956 1615 1160 1668; x_wconf 88' lang='grc' dir='ltr'>μέγιστον,</span> <span class='ocrx_word' id='word_1_175' title='bbox 1198 1614 1299 1669; x_wconf 84' lang='grc' dir='ltr'>χρέα</span> <span class='ocrx_word' id='word_1_176' title='bbox 1333 1617 1460 1668; x_wconf 77' lang='grc' dir='ltr'>ψευδῆ</span> <span class='ocrx_word' id='word_1_177' title='bbox 1499 1633 1608 1656; x_wconf 88' lang='grc' dir='ltr'>κατε-</span> 
     </span>
     <span class='ocr_line' id='line_1_30' title="bbox 281 1683 1610 1735; baseline 0 -13"><span class='ocrx_word' id='word_1_178' title='bbox 281 1683 501 1724; x_wconf 88' lang='grc' dir='ltr'>σκευακότα</span> <span class='ocrx_word' id='word_1_179' title='bbox 523 1685 594 1734; x_wconf 85' lang='grc' dir='ltr'>τῆς</span> <span class='ocrx_word' id='word_1_180' title='bbox 623 1683 862 1725; x_wconf 82' lang='grc' dir='ltr'>ἀντιδόσεως</span> <span class='ocrx_word' id='word_1_181' title='bbox 888 1683 1014 1729; x_wconf 86' lang='grc' dir='ltr'>ἕνεκα,</span> <span class='ocrx_word' id='word_1_182' title='bbox 1040 1686 1179 1724; x_wconf 81' lang='grc' dir='ltr'>τοῦτον</span> <span class='ocrx_word' id='word_1_183' title='bbox 1203 1683 1362 1724; x_wconf 87' lang='grc' dir='ltr'>δικαίως</span> <span class='ocrx_word' id='word_1_184' title='bbox 1386 1685 1610 1735; x_wconf 82' lang='grc' dir='ltr'>ψηφιεῖσθε</span> 
     </span>
     <span class='ocr_line' id='line_1_31' title="bbox 281 1748 1609 1802; baseline -0.001 -11"><span class='ocrx_word' id='word_1_185' title='bbox 281 1752 523 1801; x_wconf 83' lang='grc' dir='ltr'>πεποιῆσθαι</span> <span class='ocrx_word' id='word_1_186' title='bbox 557 1749 630 1800; x_wconf 79' lang='grc' dir='ltr'>τὴν</span> <span class='ocrx_word' id='word_1_187' title='bbox 665 1750 894 1802; x_wconf 82' lang='grc' dir='ltr'>ἀπόφασιν;</span> <span class='ocrx_word' id='word_1_188' title='bbox 942 1753 1140 1801; x_wconf 80' lang='grc' dir='ltr'>μηδαμῶς,</span> <span class='ocrx_word' id='word_1_189' title='bbox 1174 1748 1205 1790; x_wconf 68' lang='grc' dir='ltr'><em>ὦ</em></span> <span class='ocrx_word' id='word_1_190' title='bbox 1242 1749 1379 1802; x_wconf 83' lang='grc' dir='ltr'>ἄνδρες</span> <span class='ocrx_word' id='word_1_191' title='bbox 1415 1751 1609 1791; x_wconf 85' lang='grc' dir='ltr'>δικασταί.</span> 
     </span>
     <span class='ocr_line' id='line_1_32' title="bbox 282 1815 1608 1870; baseline 0.001 -12"><span class='ocrx_word' id='word_1_192' title='bbox 282 1821 351 1858; x_wconf 83' lang='grc' dir='ltr'>ποῖ</span> <span class='ocrx_word' id='word_1_193' title='bbox 373 1819 449 1870; x_wconf 78' lang='grc' dir='ltr'>γὰρ</span> <span class='ocrx_word' id='word_1_194' title='bbox 464 1816 684 1869; x_wconf 85' lang='grc' dir='ltr'>τραπέσθαι</span> <span class='ocrx_word' id='word_1_195' title='bbox 703 1815 838 1867; x_wconf 84' lang='grc' dir='ltr'>δεήσει</span> <span class='ocrx_word' id='word_1_196' title='bbox 863 1818 1126 1869; x_wconf 86' lang='grc' dir='ltr'>διαμαρτόντα</span> <span class='ocrx_word' id='word_1_197' title='bbox 1141 1818 1210 1867; x_wconf 83' lang='grc' dir='ltr'>τῆς</span> <span class='ocrx_word' id='word_1_198' title='bbox 1224 1816 1413 1869; x_wconf 85' lang='grc' dir='ltr'>ὑμετέρας</span> <span class='ocrx_word' id='word_1_199' title='bbox 1435 1817 1608 1870; x_wconf 85' lang='grc' dir='ltr'>γνώμης,</span> 
     </span>
     <span class='ocr_line' id='line_1_33' title="bbox 280 1883 1670 1938; baseline 0.002 -14"><span class='ocrx_word' id='word_1_200' title='bbox 280 1885 374 1924; x_wconf 84' lang='grc' dir='ltr'>ὅταν</span> <span class='ocrx_word' id='word_1_201' title='bbox 400 1885 437 1926; x_wconf 77' lang='grc' dir='ltr'>οἱ</span> <span class='ocrx_word' id='word_1_202' title='bbox 460 1884 647 1924; x_wconf 86' lang='grc' dir='ltr'>πλούσιοι</span> <span class='ocrx_word' id='word_1_203' title='bbox 677 1883 739 1923; x_wconf 87' lang='grc' dir='ltr'>καὶ</span> <span class='ocrx_word' id='word_1_204' title='bbox 770 1885 892 1935; x_wconf 86' lang='grc' dir='ltr'>μηδὲν</span> <span class='ocrx_word' id='word_1_205' title='bbox 915 1885 1008 1935; x_wconf 84' lang='grc' dir='ltr'>ὑμῖν</span> <span class='ocrx_word' id='word_1_206' title='bbox 1035 1884 1195 1925; x_wconf 84' lang='grc' dir='ltr'>πώποτε</span> <span class='ocrx_word' id='word_1_207' title='bbox 1223 1883 1416 1938; x_wconf 85' lang='grc' dir='ltr'>χρήσιμοι</span> <span class='ocrx_word' id='word_1_208' title='bbox 1443 1901 1607 1937; x_wconf 87' lang='grc' dir='ltr'>γεγενη-</span> <span class='ocrx_word' id='word_1_209' title='bbox 1632 1905 1670 1937; x_wconf 86' lang='lat'>²5</span> 
     </span>
     <span class='ocr_line' id='line_1_34' title="bbox 278 1950 1607 2005; baseline 0 -13"><span class='ocrx_word' id='word_1_210' title='bbox 278 1951 403 2003; x_wconf 90' lang='grc' dir='ltr'>μένοι,</span> <span class='ocrx_word' id='word_1_211' title='bbox 429 1951 557 1992; x_wconf 87' lang='grc' dir='ltr'>πολὺν</span> <span class='ocrx_word' id='word_1_212' title='bbox 583 1951 646 1992; x_wconf 85' lang='grc' dir='ltr'>καὶ</span> <span class='ocrx_word' id='word_1_213' title='bbox 671 1954 783 1991; x_wconf 86' lang='grc' dir='ltr'>σῖτον</span> <span class='ocrx_word' id='word_1_214' title='bbox 808 1950 872 1991; x_wconf 87' lang='grc' dir='ltr'>καὶ</span> <span class='ocrx_word' id='word_1_215' title='bbox 896 1950 1004 1991; x_wconf 80' lang='grc' dir='ltr'>οἶνον</span> <span class='ocrx_word' id='word_1_216' title='bbox 1037 1953 1242 1993; x_wconf 84' lang='grc' dir='ltr'>ποιοῦντες</span> <span class='ocrx_word' id='word_1_217' title='bbox 1278 1951 1339 1991; x_wconf 87' lang='grc' dir='ltr'>καὶ</span> <span class='ocrx_word' id='word_1_218' title='bbox 1363 1954 1502 1992; x_wconf 82' lang='grc' dir='ltr'>τοῦτον</span> <span class='ocrx_word' id='word_1_219' title='bbox 1526 1969 1607 2005; x_wconf 93' lang='grc' dir='ltr'>τρι-</span> 
     </span>
     <span class='ocr_line' id='line_1_35' title="bbox 278 2014 1609 2071; baseline -0.001 -12"><span class='ocrx_word' id='word_1_220' title='bbox 278 2019 456 2060; x_wconf 88' lang='grc' dir='ltr'>πλασίας</span> <span class='ocrx_word' id='word_1_221' title='bbox 479 2020 594 2069; x_wconf 88' lang='grc' dir='ltr'>τιμῆς</span> <span class='ocrx_word' id='word_1_222' title='bbox 621 2014 646 2068; x_wconf 85' lang='grc' dir='ltr'>ἢ</span> <span class='ocrx_word' id='word_1_223' title='bbox 671 2018 863 2070; x_wconf 87' lang='grc' dir='ltr'>πρότερον</span> <span class='ocrx_word' id='word_1_224' title='bbox 890 2016 1164 2069; x_wconf 87' lang='grc' dir='ltr'>διατιθέμενοι,</span> <span class='ocrx_word' id='word_1_225' title='bbox 1193 2021 1489 2059; x_wconf 86' lang='grc' dir='ltr'>πλεονεκτῶσιν</span> <span class='ocrx_word' id='word_1_226' title='bbox 1518 2018 1609 2071; x_wconf 87' lang='grc' dir='ltr'>παρ’</span> 
     </span>
     <span class='ocr_line' id='line_1_36' title="bbox 277 2083 1610 2143; baseline 0 -17"><span class='ocrx_word' id='word_1_227' title='bbox 277 2086 388 2137; x_wconf 82' lang='grc' dir='ltr'>ὑμῖν,·</span> <span class='ocrx_word' id='word_1_228' title='bbox 423 2084 443 2125; x_wconf 82' lang='grc' dir='ltr'>ὃ</span> <span class='ocrx_word' id='word_1_229' title='bbox 461 2087 649 2137; x_wconf 87' lang='grc' dir='ltr'>μηδαμῶς</span> <span class='ocrx_word' id='word_1_230' title='bbox 674 2085 757 2126; x_wconf 82' lang='grc' dir='ltr'>νυνὶ</span> <span class='ocrx_word' id='word_1_231' title='bbox 782 2083 974 2137; x_wconf 88' lang='grc' dir='ltr'>γενέσθω,</span> <span class='ocrx_word' id='word_1_232' title='bbox 995 2084 1086 2125; x_wconf 81' lang='grc' dir='ltr'>ἀλλ’</span> <span class='ocrx_word' id='word_1_233' title='bbox 1113 2085 1248 2137; x_wconf 84' lang='grc' dir='ltr'>ὥσπερ</span> <span class='ocrx_word' id='word_1_234' title='bbox 1268 2084 1331 2125; x_wconf 88' lang='grc' dir='ltr'>καὶ</span> <span class='ocrx_word' id='word_1_235' title='bbox 1355 2086 1464 2143; x_wconf 83' lang='grc' dir='ltr'>κοινῇ</span> <span class='ocrx_word' id='word_1_236' title='bbox 1486 2088 1610 2127; x_wconf 80' lang='grc' dir='ltr'>πᾶσιν</span> 
     </span>
     <span class='ocr_line' id='line_1_37' title="bbox 278 2151 1610 2208; baseline 0 -15"><span class='ocrx_word' id='word_1_237' title='bbox 278 2151 559 2204; x_wconf 84' lang='grc' dir='ltr'>βεβοηθήκατε</span> <span class='ocrx_word' id='word_1_238' title='bbox 583 2154 665 2193; x_wconf 83' lang='grc' dir='ltr'>τοῖς</span> <span class='ocrx_word' id='word_1_239' title='bbox 680 2153 725 2193; x_wconf 86' lang='grc' dir='ltr'>ἐν</span> <span class='ocrx_word' id='word_1_240' title='bbox 747 2155 830 2194; x_wconf 84' lang='grc' dir='ltr'>τοῖς</span> <span class='ocrx_word' id='word_1_241' title='bbox 855 2153 984 2205; x_wconf 86' lang='grc' dir='ltr'>ἔργοις</span> <span class='ocrx_word' id='word_1_242' title='bbox 1009 2151 1297 2204; x_wconf 81' lang='grc' dir='ltr'>ἐργαζομένοις,</span> <span class='ocrx_word' id='word_1_243' title='bbox 1317 2153 1415 2193; x_wconf 79' lang='grc' dir='ltr'>οὕτω</span> <span class='ocrx_word' id='word_1_244' title='bbox 1443 2153 1505 2193; x_wconf 87' lang='grc' dir='ltr'>καὶ</span> <span class='ocrx_word' id='word_1_245' title='bbox 1531 2154 1610 2208; x_wconf 81' lang='grc' dir='ltr'>ἰδίᾳ</span> 
     </span>
     <span class='ocr_line' id='line_1_38' title="bbox 279 2218 1672 2273; baseline 0.002 -13"><span class='ocrx_word' id='word_1_246' title='bbox 279 2218 511 2271; x_wconf 88' lang='grc' dir='ltr'>βοηθήσατέ</span> <span class='ocrx_word' id='word_1_247' title='bbox 534 2236 601 2271; x_wconf 92' lang='grc' dir='ltr'>μοι</span> <span class='ocrx_word' id='word_1_248' title='bbox 625 2222 704 2260; x_wconf 81' lang='grc' dir='ltr'>νῦν.</span> <span class='ocrx_word' id='word_1_249' title='bbox 777 2220 839 2260; x_wconf 87' lang='grc' dir='ltr'>καὶ</span> <span class='ocrx_word' id='word_1_250' title='bbox 870 2221 947 2272; x_wconf 76' lang='grc' dir='ltr'>γὰρ</span> <span class='ocrx_word' id='word_1_251' title='bbox 978 2220 1012 2260; x_wconf 89' lang='grc' dir='ltr'>εἰ</span> <span class='ocrx_word' id='word_1_252' title='bbox 1037 2219 1189 2270; x_wconf 85' lang='grc' dir='ltr'>οἰκέτης</span> <span class='ocrx_word' id='word_1_253' title='bbox 1212 2220 1332 2270; x_wconf 79' lang='grc' dir='ltr'>ὑμῶν,</span> <span class='ocrx_word' id='word_1_254' title='bbox 1357 2219 1410 2271; x_wconf 73' lang='grc' dir='ltr'>μὴ</span> <span class='ocrx_word' id='word_1_255' title='bbox 1443 2221 1610 2271; x_wconf 83' lang='grc' dir='ltr'>πολίτης</span> <span class='ocrx_word' id='word_1_256' title='bbox 1630 2241 1672 2273; x_wconf 83' lang='lat'>30</span> 
     </span>
    </p>
   </div>
   <div class='ocr_carea' id='block_1_10' title="bbox 277 2328 1608 2459">
    <p class='ocr_par' dir='ltr' id='par_1_10' title="bbox 277 2328 1608 2459">
     <span class='ocr_line' id='line_1_39' title="bbox 320 2328 1605 2370; baseline -0.001 -8"><span class='ocrx_word' id='word_1_257' title='bbox 320 2340 342 2370; x_wconf 88' lang='lat'><strong>3</strong></span> <span class='ocrx_word' id='word_1_258' title='bbox 373 2328 549 2370; x_wconf 77' lang='grc' dir='ltr'>ὀφλήματα</span> <span class='ocrx_word' id='word_1_259' title='bbox 572 2328 604 2360; x_wconf 90' lang='grc' dir='ltr'><strong>Α</strong></span> <span class='ocrx_word' id='word_1_260' title='bbox 787 2330 809 2360; x_wconf 89' lang='grc'>6</span> <span class='ocrx_word' id='word_1_261' title='bbox 841 2329 948 2370; x_wconf 80' lang='grc' dir='ltr'>ψεύδει</span> <span class='ocrx_word' id='word_1_262' title='bbox 977 2329 1142 2361; x_wconf 78' lang='lat' dir='ltr'>Dindors:</span> <span class='ocrx_word' id='word_1_263' title='bbox 1176 2329 1277 2370; x_wconf 80' lang='grc' dir='ltr'>ψεύδη</span> <span class='ocrx_word' id='word_1_264' title='bbox 1301 2329 1353 2359; x_wconf 84' lang='lat' dir='ltr'>vel</span> <span class='ocrx_word' id='word_1_265' title='bbox 1381 2332 1481 2370; x_wconf 77' lang='grc' dir='ltr'>ψευδῆ</span> <span class='ocrx_word' id='word_1_266' title='bbox 1508 2330 1605 2361; x_wconf 86' lang='lat' dir='ltr'>codd.</span> 
     </span>
     <span class='ocr_line' id='line_1_40' title="bbox 279 2372 1608 2415; baseline -0.001 -10"><span class='ocrx_word' id='word_1_267' title='bbox 279 2384 297 2414; x_wconf 96' lang='lat'><strong>7</strong></span> <span class='ocrx_word' id='word_1_268' title='bbox 323 2375 515 2415; x_wconf 85' lang='grc' dir='ltr'>ἐπιορκηκὼς</span> <span class='ocrx_word' id='word_1_269' title='bbox 534 2373 558 2404; x_wconf 87' lang='lat' dir='ltr'>S</span> <span class='ocrx_word' id='word_1_270' title='bbox 663 2372 800 2414; x_wconf 78' lang='grc' dir='ltr'>ἐλέγξω]</span> <span class='ocrx_word' id='word_1_271' title='bbox 818 2375 855 2414; x_wconf 86' lang='grc' dir='ltr'>γ’</span> <span class='ocrx_word' id='word_1_272' title='bbox 872 2372 1028 2414; x_wconf 78' lang='grc' dir='ltr'>ἐξελέγξω</span> <span class='ocrx_word' id='word_1_273' title='bbox 1043 2372 1075 2402; x_wconf 87' lang='grc' dir='ltr'>Α</span> <span class='ocrx_word' id='word_1_274' title='bbox 1225 2383 1247 2412; x_wconf 90' lang='grc'>9</span> <span class='ocrx_word' id='word_1_275' title='bbox 1271 2373 1431 2413; x_wconf 77' lang='grc' dir='ltr'>ὀφείλονθ’</span> <span class='ocrx_word' id='word_1_276' title='bbox 1447 2375 1544 2406; x_wconf 80' lang='grc' dir='ltr'>αὑτὸν</span> <span class='ocrx_word' id='word_1_277' title='bbox 1561 2373 1585 2404; x_wconf 90' lang='lat' dir='ltr'>S</span> <span class='ocrx_word' id='word_1_278' title='bbox 1601 2386 1608 2404; x_wconf 90' lang='lat'>:</span> 
     </span>
     <span class='ocr_line' id='line_1_41' title="bbox 277 2416 1607 2459; baseline -0.001 -10"><span class='ocrx_word' id='word_1_279' title='bbox 277 2418 452 2458; x_wconf 80' lang='grc' dir='ltr'>ὀφείλοντα</span> <span class='ocrx_word' id='word_1_280' title='bbox 468 2418 565 2448; x_wconf 77' lang='grc' dir='ltr'>αὐτὸν</span> <span class='ocrx_word' id='word_1_281' title='bbox 581 2416 671 2455; x_wconf 83' lang='lat' dir='ltr'>vulg.</span> <span class='ocrx_word' id='word_1_282' title='bbox 818 2426 856 2456; x_wconf 92' lang='lat'>17</span> <span class='ocrx_word' id='word_1_283' title='bbox 881 2417 1152 2457; x_wconf 77' lang='grc' dir='ltr'>ἀπολαμβάνομεν</span> <span class='ocrx_word' id='word_1_284' title='bbox 1169 2416 1193 2448; x_wconf 92' lang='lat' dir='ltr'>S</span> <span class='ocrx_word' id='word_1_285' title='bbox 1290 2416 1456 2458; x_wconf 81' lang='grc' dir='ltr'>ἀνεῳγότα</span> <span class='ocrx_word' id='word_1_286' title='bbox 1470 2417 1502 2447; x_wconf 84' lang='grc' dir='ltr'>Α</span> <span class='ocrx_word' id='word_1_287' title='bbox 1521 2418 1558 2459; x_wconf 87' lang='grc' dir='ltr'>(γ</span> <span class='ocrx_word' id='word_1_288' title='bbox 1574 2418 1607 2448; x_wconf 86' lang='lat' dir='ltr'>in</span> 
     </span>
    </p>
   </div>
   <div class='ocr_carea' id='block_1_11' title="bbox 278 2459 846 2502">
    <p class='ocr_par' dir='ltr' id='par_1_11' title="bbox 278 2459 846 2502">
     <span class='ocr_line' id='line_1_42' title="bbox 278 2459 846 2502; baseline -0.002 -11"><span class='ocrx_word' id='word_1_289' title='bbox 278 2461 358 2502; x_wconf 86' lang='lat' dir='ltr'>ras.)</span> <span class='ocrx_word' id='word_1_290' title='bbox 493 2469 531 2490; x_wconf 89' lang='lat'>21</span> <span class='ocrx_word' id='word_1_291' title='bbox 559 2462 609 2492; x_wconf 77' lang='grc' dir='ltr'>καὶ</span> <span class='ocrx_word' id='word_1_292' title='bbox 627 2460 681 2501; x_wconf 82' lang='grc' dir='ltr'>τὸ]</span> <span class='ocrx_word' id='word_1_293' title='bbox 701 2460 803 2492; x_wconf 77' lang='grc' dir='ltr'>καίτοι</span> <span class='ocrx_word' id='word_1_294' title='bbox 821 2459 846 2490; x_wconf 86' lang='lat' dir='ltr'>S</span> 
     </span>
    </p>
   </div>
  </div>
 </body>
</html>
