1721 2762
744 246 840 284 XLI

274 323 436 371 ΠΡΟΣ
473 322 794 371 ΣΠΟΤΔΙΑΝ
832 329 993 369 TIIEP
1026 322 1306 372 ,ΠΡΟΙΚΟΣ

669 415 886 444 ΤΠΟΘΕΣΙΣ·

178 477 462 523 Πολύευκτος,
443 477 534 527 ανὴρ
553 476 760 526 Αθηναῖος,
783 478 846 515 διο
869 479 1076 528 θυγατέρων
1095 478 1218 527 πατὴρ
1236 477 1385 529 γίνεται,
1404 477 1452 516 ὧν
1472 478 1609 534 [1027]

123 530 192 580 τὴν
209 533 277 581 μὲν
296 532 473 581 νεωτέραν
490 533 698 582 Λεωκράτει
717 533 894 582 πρότερον
914 533 1073 578 δίδωσιν,
1097 533 1173 570 εἶτα
1194 532 1369 583 Σπουδίᾳ,
1387 549 1454 581 την

123 586 384 636 πρεσβυτέραν
402 584 477 638 <8ὲ>
494 590 543 638 τῷ
567 587 658 636 πρὸς
683 586 747 625 τὸν
768 587 953 627 Σπουδίαν
973 587 1207 638 δικαζομέιω
1266 588 1284 625 ὁ
1305 589 1372 636 μὲν
1391 587 1454 625 οἰν

126 641 362 681 Πολύευκτος
381 641 602 690 ἐτελεύτησε
620 644 699 682 ταῖς
720 641 928 693 θυγατράσι
950 643 1162 680 καταλιπὼν
1182 642 1246 679 τὸν
1262 643 1400 691 κλῆρον
1417 641 1457 686 ἐξ

89 707 106 738 5
126 695 221 743 ἴσου,
245 697 264 734 ὃ
284 695 322 733 δὲ
339 697 406 746 τὴν
424 696 686 746 πρεσβυτέραν
704 697 826 748 γήμας
846 697 945 745 φησὶ
966 697 1235 745 τετταράκοντα
1255 700 1347 745 μνᾶς
1368 698 1454 746 ὁμο-

125 750 332 802 λογηθῆναι
359 750 428 800 τὴν
454 753 599 800 προῖκα,
630 753 672 788 οὗ
700 751 774 800 μὴν
803 751 895 800 ὅλην
927 751 1029 791 εὐθὺς
1054 751 1214 800 δοθῆναι,
1243 752 1344 789 ἀλλὰ
1370 751 1456 789 δέκα

123 807 223 855 μνῶν
241 805 540 854 ὑπολειφθεισῶν
556 806 673 852 ζῶντά
694 804 725 844 θ’
742 806 942 857 ὁμολογεῖν
955 806 1020 844 τὸν
1039 806 1275 844 Πολύευκτον
1291 806 1456 854 ὀφείλειν

124 860 246 906 αὐτάς,
270 860 329 898 καὶ
348 861 395 900 ὡς
413 860 558 909 ἤμελλε
576 863 762 906 τελευτᾶν,
786 860 854 908 τὴν
878 861 995 898 οἰκίαν
1018 862 1082 909 τῆς
1106 861 1226 909 ἄλλης
1253 861 1380 900 οὐσίας
1405 860 1456 904 ἐξ·

124 915 231 960 ελεῖν,
255 915 314 952 καὶ
333 915 471 963 ταύτην
490 917 539 954 εἷς
558 915 600 953 τὸ
621 915 730 965 χρέος
752 915 887 953 δοῦναι.
948 916 967 953 ὅ
996 915 1034 953 δὲ
1061 914 1247 954 Σπουδίας
1273 915 1370 959 ἀξιοῖ
1397 915 1456 952 καὶ

68 985 106 1008 10
123 969 261 1018 ταύτην
276 968 366 1008 εἶναι
381 970 504 1018 κοινὴν
519 969 646 1018 ὥσπερ
667 970 727 1006 καὶ
748 970 794 1007 τὰ
816 971 917 1006 ἄλλα
937 970 1067 1008 πάντα.
1128 970 1187 1007 καὶ
1206 970 1248 1007 τὸ
1267 971 1334 1019 μὲν
1352 970 1454 1021 μέγι-

123 1040 216 1062 στον
237 1026 309 1062 τῶν
328 1024 683 1074 ἀμφισβητημάτων
709 1027 781 1062 τῶν
807 1027 845 1062 ἐν
873 1027 922 1076 τῷ
948 1025 1049 1076 λόγῳ
1069 1025 1165 1062 τοὺ)
1187 1025 1276 1062 ἔστι.
1334 1041 1454 1072 προσ-
1476 1036 1495 1060 2

123 1080 276 1130 εγκαλεῖ
304 1078 342 1117 δὲ
373 1082 423 1130 τῷ
457 1077 623 1129 Σπουδία
659 1080 716 1117 καὶ
758 1079 874 1128 ἔτερα·
914 1080 1014 1128 φησὶ
1051 1080 1124 1130 γὰρ
1162 1077 1270 1117 αὐτὸν
1302 1079 1360 1115 καὶ
1391 1081 1455 1116 τοῦ

123 1133 361 1171 Πολυεύκτου
388 1133 447 1171 καὶ
474 1135 540 1182 τῆς
561 1134 823 1183 πρεσβυτέρας
852 1134 1052 1181 ὀφείλοντα
1077 1134 1251 1184 χρήματα
1273 1133 1324 1183 μὴ
1350 1150 1455 1171 κατα-

122 1188 260 1236 βαλεῖν
279 1190 328 1228 εἷς
346 1188 388 1226 τὸ
407 1188 539 1237 μέσον,
555 1188 636 1226 δέον
657 1191 765 1227 τοῦτο
788 1191 915 1226 ποιεῖν.
973 1191 1039 1226 τοῦ
1059 1188 1096 1225 δὲ
1113 1187 1295 1227 Σπουδίου
1312 1189 1454 1225 κάκεῖνο

67 1257 104 1289 15
123 1243 308 1294 λέγοντος,
330 1244 377 1283 ὡς
398 1243 508 1283 αὐτὸς
532 1244 729 1293 τριάκοντα
754 1246 847 1294 μνᾶς
875 1242 994 1293 προῖκ’
1022 1243 1164 1291 εἴληφε,
1191 1243 1359 1292 μάλιστα
1388 1243 1454 1291 μὲν

124 1295 254 1341 ἐξεῖναι
268 1300 318 1347 τῷ
336 1299 558 1349 Πολυεύκτῳ
574 1299 705 1347 φησίν,
727 1300 756 1335 εἷ
772 1299 821 1349 τῇ
839 1298 942 1349 ἑτέρᾳ
957 1301 1028 1335 τῶν
1045 1297 1252 1349 θυγατέρων
1267 1298 1454 1345 ἠβούλετο

122 1351 238 1389 πλείω
257 1353 393 1401 προῖκα
415 1352 539 1390 δοῦναι
563 1353 624 1390 καὶ
646 1370 699 1402 μη
719 1370 788 1401 την
817 1369 904 1401 ισην
924 1352 1160 1401 ἀμφοτέραις,
1184 1353 1308 1389 ἔπειτα
1332 1351 1360 1388 δ’
1383 1354 1455 1388 ἐπι-

123 1405 344 1444 δείκνυσινε
324 1423 371 1447 ως
390 1407 450 1444 καὶ
468 1410 578 1446 τοῦτο
599 1407 786 1447 Σπουδίας
807 1407 992 1457 ψευδεται·
1008 1407 1073 1446 τὰς
1095 1408 1159 1449 μὲν
1174 1407 1246 1457 γὰρ
1261 1406 1455 1455 τριάκοντα

121 1463 214 1510 μνᾶς
233 1461 342 1499 αὐτὸν
362 1464 400 1499 ἐν
423 1462 569 1514 ἀργύρῳ
594 1462 694 1531 φησι
719 1463 864 1511 λαβεῖν,
891 1462 957 1501 τὰς
984 1461 1022 1499 δὲ
1048 1461 1120 1499 δέκ’
1147 1464 1184 1499 ἐν
1213 1461 1367 1511 ἱματίοις
1397 1477 1456 1497 και

64 1535 104 1558 20
121 1516 299 1566 χρυσίοις,
322 1534 346 1553 α
366 1516 426 1554 καὶ
444 1516 656 1557 πλείονος’
638 1535 660 1566 η
683 1516 769 1554 δέκα
788 1519 888 1566 μνῶν
909 1516 999 1554 εἶναι
1020 1517 1112 1563 ἄξια.

189 1598 392 1652 Ἀδελφὰς
417 1599 575 1654 ἔχομεν,
603 1598 632 1640 ὦ
663 1599 802 1651 ἄνδρες
834 1600 1030 1645 δικασταί,
1066 1602 1252 1651 γυναῖκας
1286 1598 1362 1650 ἐγὼ
1394 1598 1454 1638 καὶ
1474 1606 1620 1661 [1028]

1299 1665 1329 1679 ‚

123 1666 318 1709 Σπουδίας
342 1667 493 1713 οὑτοσί,
521 1666 780 1708 Πολυεύκτου
806 1666 1036 1718 θυγατέρας
1107 1665 1316 1707 ἄπαιδοςὸ
1355 1666 1452 1705 ἐκεί-

124 1749 192 1774 νου
215 1732 526 1784 τελευτησαντος
553 1752 670 1787 αρρει
674 1751 729 1775 ων
760 1735 924 1779 παίδων,
953 1732 1221 1785 αναγκάςομαι
1246 1732 1341 1784 πρὸς
1366 1749 1453 1771 του-

123 1799 206 1840 τονὶ
230 1800 319 1853 περὶ
343 1805 422 1842 τῶν
452 1801 801 1855 καταλειφθέντων
837 1801 1078 1850 δικαζεσθαι.
1151 1800 1214 1840 καὶ
1245 1800 1279 1840 εἰ
1312 1798 1397 1850 μεί,
1425 1816 1454 1838 ω

67 1878 104 1910 25
125 1866 261 1918 ἄνδρες
289 1870 486 1915 δικασταί,
517 1869 569 1920 μὴ
596 1871 730 1910 πᾶσαν
765 1868 938 1918 σπουδην
975 1867 1036 1908 καὶ
1074 1867 1290 1919 προθυμίαν
1318 1868 1452 1916 ἐποιη-

125 1933 258 1985 σάμην
285 1937 534 1987 βουλόμενος
563 1936 798 1977 διαλύεσθαι
831 1935 895 1976 καὶ
925 1938 1008 1976 τοῖς
1047 1936 1181 1987 φίλοις
1215 1932 1452 1985 ἐπιτρέπειν,

126 2000 293 2052 ἐμαυτὸν
316 2001 365 2043 ἂν
388 2002 574 2060 ᾐτιώμην,
603 2005 635 2044 εἰ
661 2006 818 2054 μᾶλλον
842 2002 1018 2058 ἠρούμην
1045 2002 1152 2043 δίκας
1173 2001 1235 2041 καὶ
1261 1998 1455 2052 πράγματ’

166 2104 348 2137 Tamus:
381 2107 463 2149 Πρὸς
480 2108 637 2141 Σπουδίαν
654 2107 749 2137 codd
769 2112 802 2137 et
828 2107 1012 2137 identidem
1033 2106 1222 2145 Harpocm
1250 2105 1337 2136 Κατὰ
1355 2109 1455 2137 Σπου-

123 2148 364 2188 Bt'ouHarpocr.
377 2160 404 2181 S.
412 2161 444 2182 V.
454 2150 602 2191 νεμέσεια
659 2151 734 2192 ὑπὲρ
748 2150 875 2192 προικός
896 2150 967 2180 iure
981 2155 1186 2188 suspectum.
1213 2148 1341 2186 βλάβης
1354 2147 1452 2178 actio-

122 2201 201 2222 nem
216 2192 320 2223 suisse
336 2194 468 2225 censuit
485 2194 684 2233 'lhalhei1n;
706 2204 746 2224 ea
760 2199 873 2224 tamen
886 2194 975 2224 actio
990 2194 1077 2224 Κατὰ
1090 2193 1242 2226 Σπουδίου
1255 2191 1452 2230 requir.eret

172 2252 187 2273 1
211 2244 337 2284 ’γίνεται
356 2245 382 2276 F
395 2246 447 2277 D:
472 2245 606 2286 λέγεται
623 2245 648 2277 S
780 2256 800 2285 3
826 2245 859 2277 δὲ
876 2246 951 2276 add.
973 2244 1080 2274 Reisk
1084 2255 1102 2274 e
1256 2253 1277 2282 9
1301 2244 1455 2276 Σπουδίας

121 2285 285 2319 Voemel·
308 2289 494 2332 Λεωκράτης
511 2290 632 2320 codd.:
657 2289 736 2320 secl.
752 2289 863 2332 Blass·
982 2299 1021 2318 10
1044 2289 1082 2319 τι)
1094 2287 1152 2328 μὲν
1165 2287 1189 2318 S
1204 2287 1234 2317 D
1248 2287 1455 2326 <coniecerat

124 2329 260 2371 Blass)·
253 2354 260 2362 .
282 2333 323 2365 τὸ
339 2333 366 2363 F
444 2343 483 2372 14
507 2334 659 2366 Σπουδίου
676 2333 826 2364 Reiske:
853 2333 990 2365 Σπουδία
1004 2332 1030 2362 F
1048 2332 1127 2371 (una
1144 2330 1205 2361 litt.
1219 2335 1296 2370 post
1313 2344 1331 2361 α
1344 2329 1453 2369 erasa)

125 2373 155 2403 D
169 2373 194 2404 S
282 2386 321 2406 21
349 2377 412 2418 ἐγώ
428 2390 466 2408 τε
484 2378 535 2408 καὶ
553 2376 803 2415 Hermog.227.
826 2385 863 2414 14
883 2375 1007 2416 (Rabe)
1100 2384 1140 2412 23
1163 2376 1278 2405 τοῦτον
1293 2373 1325 2402 Α
1414 2374 1456 2401 26

123 2417 334 2452 διαλύσασθαι
350 2420 382 2450 Α
513 2430 553 2458 27
578 2421 618 2451 ἂν
632 2430 697 2450 om.
714 2419 746 2448 A
877 2418 1058 2460 ῃρούμηυ]ε
1044 2431 1124 2458 τγγοι
1125 2430 1187 2457 μην
1205 2416 1243 2447 Sl

173 2483 223 2503 ιιι
227 2483 256 2504 44
1350 2470 1365 2499 1
