1763 2778
165 125 267 180 Lvm]
532 130 691 167 ΚΑΤΑ
741 128 1112 168 ΘΕΟΚΡΙΝΟΎ
1512 123 1652 179 [1323]

750 243 907 271 ΝΟΜΟΣ-

231 307 279 348 ‘O
305 308 424 358 νόμος
449 308 596 353 οὑτοσί,
624 305 653 346 ὦ
679 306 815 358 ἄνδρες
840 307 1035 353 δικασταί,
1064 311 1143 347 τοῖς
1170 306 1491 358 προαιρουμένοις
1511 319 1532 352 6

164 371 188 426 ἢ
223 374 452 428 γράφεσθαι
486 375 642 427 γραφὰς
679 370 702 424 ἢ
739 373 896 425 φαίνειν
927 370 950 423 ἢ
984 371 1086 413 ἄλλο
1113 390 1152 414 τι
1181 377 1308 414 ποιεῖν
1337 378 1415 414 τῶν
1449 377 1491 415 ἐν

164 445 217 497 τῷ
253 442 358 497 νόμῳ
395 441 518 496 τούτῳ
551 440 833 493 γεγραμμένων
863 439 1052 492 προλέγει
1080 439 1302 493 διαρρήδην,
1334 441 1401 494 ἐφ’
1434 443 1491 483 οἷς

126 523 144 555 5
166 509 334 550 ἕκαστόν
373 511 485 550 ἐστιν
525 508 675 548 τούτων
712 506 908 557 ποιητέον.
981 508 1067 547 ἔστι
1106 510 1147 548 δὲ
1185 511 1317 555 ταῦτα,
1356 509 1491 562 ὥσπερ

163 576 359 627 ἠκούσατε
383 574 431 626 ἐξ
450 576 570 617 αὐτοῦ
593 579 662 615 τοῦ
681 575 812 626 νόμου,
835 576 905 615 ἐὰν
929 574 1098 624 ἐπεξιών
1121 592 1179 617 τις
1203 574 1254 626 μὴ
1280 575 1490 633 μεταλάβῃ

165 643 209 684 τὸ
246 642 423 694 πέμπτου
457 643 575 696 μέρος
609 646 689 683 τῶν
722 641 889 695 ψήφων,
927 643 1062 696 χιλίας
1094 643 1309 689 ἀποτίνειν,
1338 643 1409 684 κᾶν
1438 643 1490 694 μὴ

165 709 302 767 ἐπεξίῃ
317 708 404 763 (γ’),
422 708 452 751 ὦ
473 710 686 761 Θεοκρίνη,
712 709 849 763 χιλίας
875 708 1023 762 ἑτέρας,
1042 710 1106 750 ἵνα
1130 708 1229 760 μήτε
1258 716 1492 768 συκοφαντῇ

165 779 311 830 μηδείς,
349 777 447 829 μήτε
484 777 618 818 ἄδειαν
654 777 759 831 ἔχων
795 779 1002 834 ἐργολαβῇ
1041 777 1102 817 καὶ
1137 780 1309 834 καθυφιῇ
1340 779 1389 818 τὰ
1423 780 1492 828 τῆς

109 866 147 888 10
166 845 333 887 πόλεως.
404 844 504 898 φημὶ
530 844 575 894 δὴ
602 845 700 884 κατὰ
727 843 873 894 ταύτην
905 843 977 894 τὴν
1010 843 1176 894 ἔνδειξιν
1213 845 1355 898 ἔνοχον
1394 843 1493 885 εἶναι

167 913 389 965 Θεοκρίνην
411 916 464 967 τῷ
496 910 678 964 φήναντα
708 911 874 951 Μίκωνα
910 909 1124 967 Χολλῄδην
1160 911 1213 962 μὴ
1249 911 1490 962 ἐπεξελθεῖν,

166 977 259 1020 ἀλλ’
283 979 470 1032 ἀργύριον
495 979 680 1029 λαβόντα
709 978 932 1018 ἀποδόσθαι
963 978 1007 1018 τὸ
1040 982 1214 1031 πρᾶγμα.
1287 979 1349 1019 καὶ
1381 983 1492 1019 τοῦτο
1513 988 1532 1022 7

166 1045 361 1097 ἀποδείξω
394 1050 550 1098 σαφῶς,
585 1045 636 1088 ὡς
673 1045 752 1097 ἐγὼ
786 1046 942 1096 νομίζω.
1016 1047 1142 1086 καίτοι
1176 1048 1397 1097 Θεοκρίνης
1430 1063 1490 1099 γε,

166 1112 195 1154 ὦ
215 1112 355 1164 ἄνδρες
374 1114 569 1160 δικασταί,
590 1113 653 1154 καὶ
671 1114 707 1154 οἱ
731 1115 831 1164 μετὰ
849 1113 988 1154 τούτου
1012 1113 1124 1154 οὐδὲν
1149 1113 1172 1153 ὅ
1195 1130 1231 1154 τι
1258 1113 1303 1154 οὐ
1327 1113 1490 1164 πεποιή-

108 1203 145 1235 15
168 1198 260 1221 κασι
303 1181 532 1234 προσιόντες
581 1184 665 1223 τοῖς
710 1179 883 1232 μάρτυσι
930 1181 992 1221 καὶ
1034 1183 1083 1220 τὰ
1128 1182 1201 1232 μὲν
1238 1181 1492 1221 ἀπειλοῦντες

166 1248 313 1298 αὐτοῖς,
354 1249 405 1288 τὰ
441 1250 483 1289 δὲ
521 1249 724 1290 πείθοντες
761 1247 814 1299 μὴ
852 1250 1073 1300 μαρτυρεῖν.
1145 1246 1236 1288 ἀλλ’
1279 1249 1383 1299 ὅμως
1424 1249 1493 1288 ἐὰν
1515 1248 1652 1302 [1324]

165 1316 275 1366 ὑμεῖς
302 1315 510 1367 βούλησθε
535 1317 584 1356 τὰ
608 1316 738 1356 δίκαια
755 1317 922 1366 βοηθεῖν
946 1332 1023 1366 μοι,
1048 1314 1112 1355 καὶ
1137 1315 1320 1365 κελεύητε
1340 1315 1491 1361 αὐτούς,

165 1386 323 1434 μᾶλλον
345 1385 388 1423 δὲ
418 1382 708 1435 ἀναγκάζοντος
737 1384 831 1433 ἐμοῦ
865 1381 1198 1435 συναναγκάζητε,
1233 1381 1320 1432 ἤτοι
1351 1400 1494 1434 μαρτυ-

164 1453 248 1502 ρεῖν
270 1445 295 1500 ἢ
321 1448 572 1501 ἐξόμνυσθαι,
597 1450 659 1490 καὶ
688 1449 740 1500 μὴ
771 1451 860 1490 ἐᾶτε
888 1450 1032 1502 λόγους
1063 1449 1212 1502 λέγειν,
1240 1449 1493 1502 εὑρεθήσεται

106 1541 147 1564 20
165 1516 347 1567 τάληθές.
418 1516 514 1569 λέγε
561 1517 630 1557 οὖν
677 1521 831 1569 πρῶτον
878 1519 951 1568 μὲν
997 1516 1069 1568 τὴν
1119 1517 1259 1569 φάσιν,
1300 1518 1386 1558 εἶτα
1424 1519 1493 1559 τὰς

164 1584 386 1637 μαρτυρίας.

763 1683 894 1712 ΦΑΣΙΣ.

233 1745 391 1796 Ταύτην
433 1745 505 1796 τὴν
551 1745 693 1799 φασιν,
736 1744 764 1785 ὦ
811 1746 949 1797 ἄνδρες
991 1748 1186 1793 δικασταί,
1231 1747 1374 1787 ἔδωκεν
1421 1749 1534 1797 μὲνὸ

167 1812 304 1853 οὑτοσὶ
340 1812 720 1866 προσκαλεσάμενος
755 1813 825 1854 τὸν
861 1813 1042 1860 Μίκωνα,
1077 1814 1228 1864 ἔλαβεν
1261 1816 1303 1854 δὲ
1328 1815 1347 1853 ὁ
1373 1831 1494 1866 γραμ-

106 1899 146 1933 25
167 1879 311 1931 ματεὺς
335 1880 357 1920 ὁ
379 1885 458 1921 τῶν
481 1884 550 1921 τοῦ
579 1882 766 1932 ἐμπορίου
796 1881 1056 1931 ἐπιμελητῶν,
1086 1880 1339 1933 Εὐθύφημος.
1411 1880 1494 1931 ἐξέ-

170 1964 273 1988 κειτο
309 1949 352 1989 δὲ
387 1947 514 1988 πολὺν
548 1948 695 2001 χρόνον
728 1948 953 2000 ἔμπροσθεν
984 1951 1053 1988 τοῦ
1078 1949 1281 2000 συνεδρίου
1306 1948 1328 1999 ἡ
1356 1947 1493 2000 φάσις,

217 2067 231 2088 1
256 2062 402 2092 ΝοΜοΣ
419 2057 473 2089 A:
496 2063 642 2092 ΝοΜοΣ
659 2063 779 2092 ΦΑΣΙΣ
805 2058 867 2089 SF
882 2059 912 2088 D
1066 2069 1085 2088 ρ
1110 2060 1219 2091 οὑτοσί
1236 2059 1282 2090 S:
1307 2057 1398 2091 οὗτος
1415 2063 1494 2091 cett.

168 2100 337 2141 Ἀθηναῖοι,
353 2103 427 2134 τοὺς
438 2102 696 2143 προαιρουμένους
713 2102 744 2132 A
832 2112 851 2141 5
875 2102 1011 2143 τούτων]
1029 2116 1133 2134 τουτω
1151 2102 1175 2133 S
1266 2113 1282 2141 7
1308 2101 1383 2144 κᾶν]
1401 2104 1420 2141 ἢ
1442 2104 1499 2135 ἐὰν

166 2143 199 2174 Α
287 2147 307 2176 8
329 2148 362 2186 ’γ’
378 2146 451 2176 add.
470 2146 566 2176 Blass
675 2157 697 2186 9
720 2149 854 2189 καθυφιῇ
872 2146 1027 2177 Dobree:
1052 2148 1205 2187 καθυφείη
1229 2147 1350 2177 codd.:
1383 2151 1496 2186 καθυφι

167 2188 202 2218 in
213 2188 236 2219 S
250 2189 432 2228 scripserat
445 2188 601 2220 librarius
616 2201 623 2227 ;
647 2194 715 2221 turn
732 2204 740 2222 ι
755 2191 787 2220 in
806 2204 832 2222 ει
846 2195 982 2228 mutato,
998 2204 1017 2228 η
1031 2191 1159 2221 addidit
1296 2201 1334 2220 10
1357 2200 1399 2220 an
1417 2192 1496 2222 κατὰ

167 2233 260 2264 ταυτὶ
277 2235 317 2274 τῇ
333 2234 460 2274 ἐνδείξει
475 2234 486 2266 2
612 2243 646 2263 11
675 2235 819 2274 φήναντα
836 2245 900 2273 mg.
920 2235 997 2265 edit.
1018 2234 1121 2265 Paris.
1137 2245 1144 2265 ι
1169 2235 1304 2275 φήναντι
1327 2233 1350 2264 S
1363 2233 1387 2263 F
1402 2233 1431 2271 Q
1447 2234 1475 2263 D
1490 2245 1496 2263 :

168 2276 309 2315 φήσαντι
331 2275 365 2306 Α
443 2277 616 2320 Χολλῄδην
639 2278 779 2318 scripsi:
804 2279 969 2316 Χολλίδην
992 2279 1086 2309 codd.
1194 2288 1230 2315 14
1254 2277 1323 2317 μετ’
1349 2279 1444 2309 αὐτοῦ
1466 2276 1497 2306 Λ

171 2328 210 2357 15
234 2321 284 2351 καὶ
301 2330 365 2351 om.
383 2318 415 2349 A
526 2330 564 2359 19
590 2321 775 2361 ἐξόμνυσθαι
790 2321 822 2350 Α
836 2321 958 2352 Fcorr.
974 2332 981 2352 ε
1008 2322 1210 2362 ἐξομνύεσθαι
1227 2320 1250 2351 S
1263 2321 1287 2351 F
1309 2321 1376 2361 (me
1393 2321 1496 2359 teste)

169 2361 201 2400 Q
265 2364 309 2402 μὴ
319 2362 350 2392 Α
366 2374 373 2394 :
395 2363 468 2404 μηδ’
482 2363 506 2394 S
518 2364 542 2394 F
556 2364 586 2403 Q
600 2365 629 2394 D
700 2364 824 2404 λέγειν]
839 2367 950 2397 αὐτοὺς
961 2364 1112 2405 λέγεινΑ
1227 2373 1329 2403 19-20
1345 2364 1497 2404 εὑρήσετε

168 2406 293 2445 τάληθῆ
310 2405 342 2436 Α
473 2417 515 2445 24
539 2408 631 2440 οὗτος
648 2421 737 2448 προκ.
749 2407 781 2437 Α
921 2418 962 2446 25
987 2421 1151 2448 εμπορειου
1165 2407 1202 2446 S,
1229 2408 1344 2438 itidem
1361 2410 1396 2445 ἓξ
1409 2418 1440 2446 9,
1456 2408 1499 2437 26

1352 2451 1411 2482 18*
