1763 2778
491 108 529 144 Π
543 107 656 145 POO
668 108 682 144 Ῑ
694 107 735 144 Μ
747 108 761 144 Ι
773 107 820 145 Α.
889 110 1106 146 XL-XLII
1482 103 1624 158 [1449]

3 226 7 241 x
137 205 492 258 συμβουλευόντων
517 210 706 252 τοιοῦτον,
733 204 776 247 ὃς
801 204 1011 255 δυνήσεται
1045 209 1175 260 σῷσαι
1208 203 1255 245 τὰ
1288 205 1464 256 παρόντα

135 272 302 324 μηδενὸς
337 274 442 323 ὑμῶν
472 275 595 324 μηδὲν
627 272 913 325 συναραμένου·
947 273 991 313 οὐ
1022 271 1095 325 γὰρ
1124 272 1172 312 ἂν
1197 273 1330 324 λόγος,
1357 273 1463 311 ἀλλὰ

137 341 224 382 θεός
248 356 305 381 τις
330 341 350 379 ὁ
374 343 550 382 τοιοῦτος
577 342 648 391 εἴη.
718 340 740 390 ἡ
767 342 839 391 μὲν
864 340 933 380 οὖν
966 339 1069 393 ἀρχὴ
1103 343 1171 379 τοῦ
1202 338 1308 379 ταῦθ’
1342 340 1462 380 οὕτως
1483 353 1504 377 2

136 407 245 461 ἔχειν
282 408 430 447 ἐκεῖθεν
463 407 639 458 ἤρτηται,
679 408 721 447 ἐκ
757 410 825 447 τοῦ
856 409 926 457 τῆς
962 409 1201 460 παραχρῆμα
1237 406 1333 458 πρὸς
1366 407 1463 457 ὑμᾶς

97 488 114 520 5
136 475 251 515 ἕνεκα
274 473 435 527 χάριτος
461 475 587 516 ἐνίους
612 478 690 514 τῶν
713 475 915 526 λεγόντων
943 475 1125 514 ἐνταυθοῖ
1142 477 1390 526 δημηγορεῖν,
1413 472 1462 513 ὡς

136 539 216 581 οὔτ’
251 540 455 594 εἰσφέρειν
491 541 580 581 οὔτε
617 540 906 593 στρατεύεσθαι
942 543 1011 587 δεῖ,
1044 540 1173 581 πάντα
1209 540 1241 581 δ’
1278 538 1463 592 αὐτόματ’

135 609 260 649 ἔσται.
332 608 506 659 ἔδειμεν
533 608 600 648 οὗν
632 607 739 647 ταῦθ’
772 606 837 648 ὑπ’
871 608 998 648 ἄλλου
1033 608 1137 648 τινὸς
1176 606 1463 660 ἐξελέγχεσθαι

133 677 231 727 μετὰ
265 679 333 716 τοῦ
367 678 675 716 λυσιτελοῦντος
711 670 912 728 [ἐλέγχου]
948 681 996 732 τῇ
1029 676 1157 715 πόλει·
1192 678 1300 715 δοκεῖ
1330 674 1372 715 δέ
1396 692 1462 725 μοι

134 743 279 795 τρόπον
304 744 391 783 τινὰ
416 742 478 783 καὶ
505 746 574 783 νῦν
599 743 768 793 ἀμείνων
793 742 815 793 ἡ
841 743 939 795 τύχη
961 743 1049 794 περὶ
1068 743 1166 793 ὑμᾶς
1185 746 1262 782 τῶν
1288 744 1460 794 ἐφεστη-

77 823 114 845 10
135 810 258 850 κότων
283 809 395 850 εῖναι.
466 809 509 849 τὸ
534 812 606 861 μὲν
636 811 713 862 γὰρ
743 808 878 850 ἕκαστ’
904 810 1158 850 ἀπόλλυσθαι
1184 812 1249 860 τῆς
1275 813 1351 849 τῶν
1377 810 1459 849 ἐπι-
1482 828 1503 864 3

132 876 385 928 μελουμένων
421 878 555 917 κακίας
590 881 755 928 σημεῖον
792 876 983 928 προσήκει
1018 879 1230 917 ποιεῖσθαι·
1263 880 1305 917 τὸ
1336 878 1376 916 δὲ
1409 875 1461 927 μὴ

133 943 257 984 πάλαι
298 942 412 985 πάντ’
453 944 707 985 ἀπολωλέναι
745 946 813 994 τῆς
853 943 1042 996 ὑμετέρας
1079 944 1200 997 τύχης
1237 941 1461 996 εὐεργέτημ’

134 1012 260 1064 ἔγωγε
303 1012 432 1063 κρίνω.
505 1013 546 1051 ἐν
588 1010 617 1066 ᾧ
653 1012 784 1051 τοίνυν
826 1011 848 1062 ἡ
890 1011 989 1064 τύχη
1031 1013 1227 1052 διαλείπει
1269 1012 1332 1051 καὶ
1371 1010 1462 1052 τοὺς

135 1078 299 1131 ἐχθροὺς
324 1077 471 1131 ἀνέχει,
499 1082 576 1119 τῶν
602 1082 753 1120 λοιπῶν
785 1077 1062 1129 ἐπιμελήθητε.
1134 1080 1166 1119 εἶ
1200 1081 1239 1119 δὲ
1270 1077 1336 1129 μή,
1364 1095 1457 1117 σκο-
1483 1082 1625 1139 [1450]

73 1158 110 1190 15
133 1144 235 1186 πεῖθ’
259 1146 366 1188 ὅπως
389 1145 440 1197 μὴ
466 1145 546 1197 ἅμα
570 1146 660 1187 τούς
689 1145 722 1186 τ’
750 1147 980 1197 ἐφεστῶτας
1017 1144 1200 1187 ἑκάστοις
1235 1147 1344 1197 ὑμεῖς
1381 1162 1459 1197 κρι-

132 1216 248 1259 νεῖτε,
286 1212 351 1253 καὶ
385 1214 434 1253 τὰ
468 1212 666 1265 πράγμαθ’
700 1214 818 1263 ὑμῶν,
854 1211 883 1252 ὦ
917 1212 1054 1264 ἄνδρες
1079 1213 1295 1263 Ἀθηναῖοι,
1323 1216 1460 1252 κλινεῖ.

132 1279 176 1319 οὐ
201 1281 276 1332 γὰρ
300 1278 386 1320 ἔσθ’
405 1280 510 1321 ὅπως
534 1279 641 1320 ταῦτ’
659 1280 751 1321 ἄνευ
780 1279 957 1333 μεγάλου
987 1279 1094 1322 τινὸς
1126 1278 1281 1333 (κακοῦ)
1314 1278 1460 1330 στήσε-

132 1363 209 1398 ται,
236 1346 401 1398 μηδενὸς
426 1347 836 1399 ἀντιλαμβανομένου.

761 1457 839 1494 ΜΒ

73 1549 113 1572 20
199 1537 328 1578 Οὐδέν
352 1539 474 1584 ἐστιν,
503 1535 540 1577 ὦ
562 1537 699 1590 ἄνδρες
725 1538 941 1589 Ἀθηναῖοι,
968 1538 1071 1578 τοῦτ’
1098 1538 1259 1591 ἄλογον,
1287 1538 1376 1580 τοὺς
1401 1540 1460 1579 ἀεὶ

134 1605 196 1646 καὶ
220 1609 398 1658 συνεχῶς
423 1606 518 1657 ὑπὲρ
548 1609 625 1645 τῶν
658 1606 901 1658 ὀλιγαρχιῶν
933 1605 1261 1657 πολιτευομένους
1294 1606 1357 1646 καὶ
1394 1610 1461 1647 νῦν

132 1675 260 1714 ταῦτα
278 1676 485 1714 ποιοῦντας
511 1670 812 1726 ἐξελέγχεσθαι.
884 1672 975 1713 ἀλλ’
1002 1675 1127 1713 ἐκεῖνο
1151 1677 1308 1724 μᾶλλον
1332 1672 1379 1713 ἄν
1404 1690 1462 1714 τις

134 1739 291 1781 εἰκότως
330 1738 540 1791 θαυμάσαι,
579 1739 624 1779 τὸ
662 1739 752 1782 τοὺς
788 1740 940 1782 εἰδότας
976 1741 1074 1791 ὑμᾶς
1109 1744 1230 1780 ταῦτα
1267 1739 1461 1782 πολλάκις

133 1806 243 1856 ἥδιον
268 1807 415 1847 τούτων
448 1806 603 1848 ἀκούειν
634 1803 659 1858 ἢ
692 1811 770 1847 τῶν
805 1808 902 1859 ὑπὲρ
937 1808 1044 1858 ὑμῶν
1079 1808 1294 1860 λεγόντων.
1364 1809 1461 1849 ἴσως

74 1895 111 1927 25
131 1876 205 1924 μὲν
238 1873 305 1914 οὖν
337 1874 472 1926 ὥσπερ
504 1874 583 1914 οὐδ’
618 1875 695 1928 ἰδίᾳ
723 1872 858 1929 ῥᾴδιόν
888 1876 1000 1915 ἐστιν
1025 1874 1165 1915 ἅπαντ’
1191 1876 1315 1926 ὀρθῶς
1340 1874 1458 1927 πράτ-

132 1957 227 1987 τειν,
248 1941 370 1983 οὕτως
390 1941 479 1981 οὐδὲ
505 1947 628 1998 κοινῇ·
656 1941 747 1981 ἀλλ’
767 1942 811 1982 οὐ
831 1941 875 1991 δὴ
902 1944 948 1981 τὰ
973 1941 1144 1993 μέγιστά
1169 1959 1214 1993 γε
1239 1941 1313 1995 χρὴ
1341 1959 1459 1993 παρο-
1483 1961 1502 1984 2

131 2010 218 2060 ρᾶν.
286 2010 335 2048 τὰ
366 2010 437 2060 μὲν
471 2008 538 2049 οὖν
571 2008 677 2048 ἄλλα
710 2008 824 2049 πάντ’
855 2009 965 2049 ἐστὶν
997 2008 1161 2048 ἐλάττω·
1188 2009 1283 2048 ὅταν
1308 2008 1340 2048 δ’
1366 2010 1462 2061 ὑπὲρ

134 2076 336 2117 πολιτείας
383 2076 446 2116 καὶ
493 2079 664 2128 σφαγῶν
713 2076 775 2115 καὶ
822 2074 942 2126 δήμου
992 2076 1245 2118 καταλύσεως
1293 2075 1462 2128 εὐχερῶς

180 2184 913 2226 3θεόςτιςῩΓΕΡγρ.Ωγρ.τθεὺςΞΓῼ
1067 2196 1085 2223 4
1112 2184 1354 2225 buffesSrFC:
1380 2185 1461 2225 ἡμᾶς

133 2228 220 2267 vulg.
329 2238 345 2267 7
373 2227 419 2260 ἐπ’
438 2229 539 2260 ἄλλον
557 2228 694 2268 Sauppe
794 2230 814 2259 8
838 2229 982 2269 ἐλέγχου
1007 2229 1070 2259 del.
1099 2229 1233 2259 Dobree
1336 2239 1356 2267 9
1381 2230 1461 2269 ἡμᾶς

135 2271 159 2301 5
174 2271 240 2302 FY
254 2271 284 2301 D
428 2281 466 2310 13
489 2271 566 2315 (μὴ)
582 2272 735 2304 διαλείπει
754 2271 926 2303 Swoboda
1070 2282 1107 2311 15
1132 2272 1176 2313 τ’]
1196 2273 1266 2304 τότ’
1286 2283 1322 2303 1‘:
1346 2283 1410 2303 om.
1431 2272 1461 2302 D

135 2314 284 2347 ἑκάστοις
302 2315 326 2346 S
339 2314 377 2344 1³1
389 2325 428 2346 r:
452 2316 607 2348 ἑκάστους
626 2315 651 2345 F
663 2325 745 2346 corr.
765 2316 856 2355 vulg.
975 2319 1109 2357 κρινεῖτε
1127 2327 1204 2355 app.
1223 2317 1302 2347 edit.
1333 2316 1435 2346 Paris.
1454 2327 1461 2346 :

134 2359 255 2398 κρίνετε
273 2357 311 2389 Sl
328 2358 391 2391 al.:
420 2360 549 2399 κρίνητε
575 2359 598 2390 S
623 2368 709 2390 corr.
739 2359 763 2389 F
779 2370 794 2389 r
811 2360 837 2390 C
975 2369 1012 2398 17
1036 2360 1122 2391 τινὸς
1139 2358 1272 2401 (κακοῦ)
1299 2359 1463 2390 Sehaeser

135 2402 209 2432 coll.
241 2413 262 2432 x
285 2403 352 2441 363
377 2403 579 2442 suffragatur
609 2403 639 2433 D
667 2403 767 2433 etiarn
800 2404 886 2436 τινὸς
916 2403 1043 2434 omisso
1222 2413 1264 2433 20
1286 2404 1324 2435 τὸ
1349 2404 1423 2435 τοὺς
1447 2412 1464 2433 r

135 2446 193 2477 αιέὶ
208 2445 232 2475 S
246 2455 262 2475 1·
275 2446 301 2476 C
435 2447 476 2476 28
496 2447 602 2487 δήμων
618 2446 661 2476 Y¹
681 2446 711 2476 D
730 2446 756 2477 C
