1763 2778
131 114 232 171 mv]
541 117 702 156 ΠΡΟΣ
751 114 1048 154 ΛΕΩΧΑΡΗ
1477 106 1625 163 [1090]

133 219 305 273 ἐγένετο,
332 220 430 259 κατὰ
454 221 569 259 ποῖον
593 218 715 269 νόμον
741 220 926 270 φανεῖται
952 214 1095 268 ἐρήμου
1121 216 1234 256 ὄντος
1259 218 1327 255 τοῦ
1352 216 1459 255 οἴκου

132 287 221 329 τοὺς
246 285 444 339 ἐγγυτάτω
470 284 607 339 γένους
631 285 731 336 ἡμᾶς
756 283 964 336 ἐξαγαγὼν
991 283 1032 322 ἐκ
1057 284 1126 332 τῆς
1146 281 1302 329 οὖσίαςς
1329 282 1388 321 ὅτι
1413 281 1458 331 νὴ

134 355 213 395 Δία
237 353 363 405 πατὴρ
388 352 436 404 ἦν
460 356 529 393 τοῦ
550 351 888 402 τετελευτηκότος.
959 349 1218 399 ἀπεληλυθώς
1242 348 1278 401 γ’
1305 350 1360 391 εἰς
1391 347 1459 388 τὸν

132 425 314 477 πατρῷον
338 420 446 462 οῖκον
472 420 533 461 καὶ
558 418 686 460 οὐκέτι
711 421 780 469 τῆς
804 418 943 460 οὐσίας
967 416 1032 469 ἐφ’
1056 415 1083 473 ᾗ
1106 415 1367 469 ἐγκατέλιπεν
1391 414 1460 455 τὸν

94 509 111 541 5
133 489 229 535 υἱόν,
258 488 385 541 κύριος
410 488 475 529 ὥν·
513 488 546 528 εἰ
573 489 614 528 δὲ
638 485 705 538 μή,
733 486 772 526 τί
793 489 871 526 τῶν
896 486 1026 537 νόμων
1046 486 1214 536 ὄφελος;
1247 482 1461 536 γενομένης
1481 497 1524 531 34

132 556 199 596 οὖν
240 557 309 607 τῆς
350 553 566 608 ἐξαγωγῆς,
604 555 668 595 ἵνα
708 555 757 594 τὰ
792 556 966 594 πλεῖστα
999 552 1224 604 παραλίπω,
1263 550 1462 603 ἐλάχομεν

132 622 230 675 πρὸς
264 622 333 663 τὸν
369 621 543 675 ἄρχοντα
577 625 646 662 τοῦ
683 620 841 673 κλήρου,
878 620 968 661 οὔτε
1004 620 1120 674 γόνῳ,
1159 618 1293 670 ὥσπερ
1336 618 1459 664 εἶπον,

132 686 271 743 <υἱέος>
310 689 467 731 οὐδενὸς
507 690 620 731 ὄντος
664 692 718 744 τῷ
763 686 1072 738 τετελευτηκότι,
1114 685 1194 726 οὔτ’
1237 687 1463 735 εἰσποιητοῦ

133 756 397 810 γεγενημένου
422 755 520 797 κατὰ
543 756 633 798 τοὺς
652 757 804 807 νόμους.
874 753 973 807 μετὰ
997 756 1179 795 δὲταῦτα
1201 753 1463 804 Λεώστρατος

73 842 112 864 10
136 825 271 866 οὑτοσὶ
295 824 653 877 παρακαταβάλλει
675 823 726 865 ὡς
751 822 832 865 υἱὸς
856 821 1070 876 Ἀρχιάδου
1095 821 1257 866 ἐκείνου,
1284 819 1352 860 οὐκ
1377 820 1460 859 ἐπι-

133 890 402 945 λογισάμενος
434 891 518 933 οὕθ’
555 892 616 932 ὅτι
648 889 937 940 ἐπανεληλύθει
971 890 1026 930 εἷς
1062 888 1152 930 τοὺς
1177 887 1459 932 Ἐλευσινίους,
1484 888 1616 944 [1091]

136 958 218 1000 οὔθ’
251 960 312 999 ὅτι
343 960 380 1000 οἱ
412 957 634 1009 εἰσποιητοὶ
663 958 732 998 οὐκ
756 957 866 998 αὐτοὶ
895 955 966 1009 ὑφ’
994 956 1134 1002 αὑτῶν,
1161 953 1253 995 ἀλλ’
1284 953 1360 994 ὑπὸ
1386 957 1463 993 τῶν

138 1025 446 1077 εἰσποιουμένων
487 1026 757 1067 καθίστανται’
812 1024 919 1065 ἀλλὰ
966 1024 1042 1076 γὰρ
1081 1022 1193 1073 οἶμαι
1232 1023 1386 1061 ἁπλοῦν
1427 1037 1464 1060 τι
1484 1034 1528 1072 35

137 1094 404 1147 διελογίσατο,
431 1096 513 1134 δεῖν
532 1092 650 1134 αὑτὸν
674 1092 738 1133 καὶ
761 1092 918 1133 δικαίως
939 1091 1001 1131 καὶ
1026 1090 1169 1131 ἀδίκως
1188 1089 1464 1141 ἀμφισβητεῖν

81 1179 116 1211 15
137 1164 216 1202 τῶν
250 1161 485 1214 ἀλλοτρίων.
561 1161 623 1201 καὶ
659 1163 814 1212 πρῶτον
850 1160 922 1210 μὲν
959 1157 1088 1198 ἐλθὼν
1119 1156 1200 1198 οἶος
1236 1154 1285 1206 ἦν
1314 1156 1368 1197 εἰς
1397 1154 1464 1195 τὸν

137 1227 357 1280 Ὀτρυνέων
400 1228 547 1269 πίνακα
583 1226 653 1268 τὸν
701 1224 1035 1277 ἐκκλησιαστικὸν
1081 1223 1300 1276 ἐγγράφειν
1345 1221 1465 1262 αὑτὸν

139 1294 389 1337 Ἐλευσίνιος
408 1295 475 1343 ὤν,
504 1295 566 1335 καὶ
591 1297 704 1335 τοῦτο
724 1297 915 1348 διῳκεῖτο,
936 1292 1083 1339 ἔπειτα,
1105 1292 1196 1344 πρὶν
1217 1291 1467 1343 ἐγγραφῆναι

140 1362 202 1403 καὶ
228 1364 270 1404 ἐν
294 1366 346 1418 τῷ
371 1361 616 1418 ληξιαρχικῷ
639 1362 892 1416 γραμματείῳ
916 1363 969 1415 τῷ
996 1363 1073 1400 τῶν
1096 1357 1332 1411 Ὀτρυνέων,
1358 1355 1468 1409 μετέ-

139 1446 227 1484 χειν
263 1433 344 1471 τῶν
380 1434 533 1477 κοινῶν,
582 1428 821 1479 τηλικαύτην
867 1428 1118 1479 παρανομίαν
1161 1424 1467 1477 προαιρούμενος

81 1523 121 1545 20
142 1501 380 1549 παρανομεῖν
406 1497 521 1538 ἕνεκα
538 1495 783 1547 πλεονεξίας.
823 1495 1057 1546 αἰσθόμενοι
1075 1493 1107 1534 δ’
1131 1492 1244 1544 ἡμεῖς
1261 1491 1466 1543 μαρτύρων
1487 1500 1532 1543 36

141 1565 320 1605 ἐναντίον
347 1564 604 1616 ἐκωλύσαμεν
630 1563 674 1604 τὸ
700 1563 950 1615 γιγνόμενον,
971 1562 1034 1602 καὶ
1060 1560 1214 1616 ᾠόμεθα
1233 1562 1314 1600 δεῖν
1335 1559 1465 1610 κριθῆ-

141 1648 207 1672 ναι
237 1635 393 1684 πρῶτον
423 1631 496 1682 τὴν
528 1631 793 1683 κληρονομίαν
826 1628 915 1682 παρ’
940 1629 1043 1680 ὑμῖν,
1070 1628 1162 1680 πρὶν
1186 1626 1250 1667 ἐπὶ
1274 1625 1318 1666 τὸ
1345 1623 1468 1676 ὄνομά

141 1715 230 1739 τινα
270 1697 316 1739 τὸ
352 1702 422 1739 τοῦ
460 1696 676 1752 Ἀρχιάδου
716 1698 1004 1747 εἰσποιηθῆναι.
1080 1693 1267 1736 κωλυθεὶς
1314 1694 1356 1733 δὲ
1405 1691 1468 1732 καὶ

141 1764 395 1820 ἐξελεγχθεὶς
422 1764 521 1818 πρὸς
551 1769 605 1820 τῷ
629 1765 763 1806 πίνακι
790 1763 852 1804 καὶ
870 1764 914 1804 ἐν
941 1769 989 1820 τῇ
1013 1766 1090 1802 τῶν
1115 1762 1319 1815 ἀρχόντων
1343 1759 1469 1813 ἀγορᾷ

84 1850 121 1883 ²5
142 1833 203 1874 ὅτι
226 1833 351 1884 ἠδίκει
373 1837 539 1874 πολλῶν
558 1833 753 1879 ἐναντίον,
771 1830 865 1887 ᾤετο
883 1833 964 1871 δεῖν
981 1831 1102 1881 μηδὲν
1119 1828 1239 1880 ἦττον
1255 1826 1470 1880 βιάζεσθαι

144 1900 207 1941 καὶ
233 1901 417 1953 κρείττων
441 1904 526 1943 ταῖς
550 1903 819 1953 παρασκευαῖς
851 1902 931 1938 τῶν
960 1895 1158 1949 ὑμετέρων
1189 1895 1320 1946 νόμων
1356 1891 1466 1947 γενέ-

144 1970 251 2009 σθαι.
299 1968 340 2009 τί
355 1968 496 2009 τούτου
510 1966 737 2020 τεκμήριον;
769 1964 1006 2018 συναγαγών
1025 1980 1134 2006 τινας
1151 1966 1229 2003 τῶν
1248 1959 1469 2014 Ὀτρυνέων
1491 1977 1532 2012 37

188 2087 207 2116 4
233 2076 428 2118 ἐγκατέλιπε
445 2076 499 2108 A:
528 2076 757 2117 ἐγκατέλειπεν
773 2075 823 2107 S:
848 2074 1126 2116 ἐγκαταλέλοιπεν
1143 2072 1211 2111 FQ
1329 2073 1350 2102 6
1373 2083 1470 2111 παρα.-

145 2122 229 2155 λίπω
245 2121 272 2152 F
290 2131 375 2153 corr.
396 2121 449 2152 D·
471 2121 657 2162 παραλείπω
672 2125 750 2151 cett.
884 2120 904 2149 8
930 2118 1010 2151 υἱέος
1026 2119 1102 2149 add.
1123 2117 1220 2148 Blass
1328 2114 1468 2154 ουδενὸς]

145 2165 285 2197 ουδέτιος
302 2164 326 2195 S
343 2165 441 2203 signo
457 2164 682 2196 adnotationis
699 2163 855 2203 adposito
879 2163 933 2193 cui
951 2161 1033 2193 nihil
1053 2162 1238 2201 respondet
1262 2160 1294 2190 in
1320 2157 1470 2196 margine

144 2218 167 2249 9
188 2208 360 2249 ’γενομένου
375 2208 408 2238 Α
478 2207 705 2249 Λεώστρατος]
724 2216 954 2249 ωλεωστρατος
973 2206 996 2237 S
1091 2216 1150 2236 10-
1156 2215 1191 2235 11
1218 2203 1323 2236 οὐκέτι
1343 2200 1469 2241 λογιζό-

145 2265 239 2292 μενος
252 2252 285 2282 Α
420 2262 459 2282 12
482 2254 539 2284 οὐκ
554 2262 619 2283 om.
636 2251 697 2282 SF
712 2251 742 2290 Q
757 2252 787 2281 D
923 2259 960 2289 15
986 2249 1048 2282 οἶος
1065 2249 1104 2286 ἧν
1121 2248 1282 2279 Dobree:
1306 2246 1368 2278 οἶός
1385 2248 1414 2276 τ’
1430 2245 1471 2282 ἣν

147 2294 279 2334 SFQ:
302 2305 368 2326 om.
397 2294 430 2326 A
586 2297 625 2326 16
650 2295 805 2336 ἐγγράφει
831 2293 1003 2326 ἑαυτὸνΑ
1157 2302 1196 2322 21
1224 2294 1288 2322 δεῖν
1314 2291 1357 2328 μὴ
1385 2301 1413 2319 κ
1439 2286 1471 2317 Α

147 2349 189 2369 22
211 2342 338 2382 πρῶτον
352 2339 408 2370 A.
431 2342 556 2380 πρῶτον
570 2353 630 2378 μεν
646 2343 724 2369 cett.
814 2340 886 2378 παρ’
905 2339 975 2377 ὗμιν
990 2338 1051 2375 τὴν
1068 2350 1096 2367 κ.
1116 2335 1147 2366 Α
1278 2344 1317 2371 24
1343 2334 1470 2372 ἐξελεγ-

147 2384 236 2424 χθεὶς
253 2382 321 2414 SA
337 2394 344 2415 :
370 2382 624 2425 ἐξελεγχόμενος
638 2383 728 2422 vulg.
843 2391 883 2420 27
909 2381 1101 2421 συναγαγὼν
1117 2379 1230 2417 vulg.:
1257 2376 1358 2416 συνάη
1361 2390 1400 2408 ων
1418 2376 1442 2405 S
