1763 2778
123 121 256 177 [1201]
680 120 1206 176 [ΔΠΜΟΣΘΕΝΟὙΣ]
1506 118 1609 176 [xm

281 244 416 281 σχετο,
443 225 524 268 οὔθ’
549 227 600 268 ὡς
626 229 768 267 δοῦλον
793 226 862 267 τὸν
888 227 1120 280 Αἰσχρίωνα
1150 225 1346 278 παραδοὺς
1371 226 1414 266 ε’κ
1437 227 1506 265 τοῦ
1530 225 1608 266 σώ-

280 311 400 346 ματος
437 294 505 335 τὸν
538 294 710 347 ἔλεγχον
745 293 856 344 ἠξίου
890 293 1091 347 γενέσθαι,
1129 294 1394 345 φοβούμενος,
1432 291 1501 332 ἐὰν
1530 294 1609 343 Δμὲν

281 363 492 414 μαρτυρίαν
525 361 782 415 παράσχηται
819 361 870 403 ὡς
908 360 1117 413 ἐλευθέρου
1150 363 1274 406 ὄντος,
1301 359 1353 411 μὴ
1380 358 1607 411 ἐπισκηψά-

281 446 397 481 μενος
433 430 511 482 ἐγὼ
545 433 624 469 τῶν
657 429 1006 481 ψευδομαρτυρίων
1045 429 1106 468 καὶ
1145 426 1356 480 ἐξελέγξας
1394 425 1442 466 τὰ
1479 428 1607 479 ψευδῆ

281 496 601 550 μεμαρτυρηκότα
629 496 697 536 τὸν
731 497 963 549 Αἰσχρίωνα
994 495 1059 536 ἐπὶ
1087 495 1201 535 τόνδε
1236 497 1314 534 τῶν
1346 497 1609 547 κακοτεχνιῶν
1628 508 1646 542 5

281 564 436 615 ἔλθοιμι
469 562 565 604 κατὰ
598 562 667 604 τὸν
700 563 832 614 νόμον,
872 563 904 603 εἰ
941 562 973 603 δ’
1012 563 1059 603 αὗ
1097 562 1332 614 βασανίζειν
1366 561 1606 613 παραδώσει,

222 646 261 682 57
281 630 333 682 μὴ
366 630 435 673 τὰς
471 631 657 681 ἀληθείας
693 631 870 671 κατείποι
906 630 926 669 ὁ
963 630 1182 683 Αἰσχρίων.
1254 630 1378 669 καίτοι
1412 632 1533 669 καλὸν
1560 626 1609 679 ἦν

282 699 394 754 αὐτῷ,
433 699 467 738 εἰ
503 701 581 738 τῶν
612 697 748 738 ἄλλων
782 695 998 748 λημμάτων
1031 699 1100 737 τοῦ
1127 697 1312 751 ἀργυρίου
1337 695 1533 748 μάρτυρας
1556 694 1609 746 μὴ

283 765 390 818 εἶχεν
415 764 708 818 παρασχέσθαι,
735 764 852 804 τοῦτό
875 781 922 817 γε
946 762 1150 817 ἐξελέγξαι
1177 766 1218 804 ἐκ
1250 767 1317 804 τοῦ
1344 764 1607 816 Αἰσχρίωνος,

283 832 333 874 ὡς
358 831 426 872 οὐκ
451 830 689 885 ἐλήφθησαν
713 832 752 872 αἱ
778 830 921 883 φιάλαι
947 830 1026 871 οὐδ’
1051 831 1074 882 ἡ
1099 833 1176 883 μνᾶ
1209 835 1277 871 τοῦ
1302 832 1499 884 ἀργυρίου,
1520 829 1609 870 οὐδὲ
1633 847 1671 869 10

283 899 466 953 ἐπέμφθη
491 899 512 940 ὁ
545 899 749 953 Αἰσχρίων
783 898 860 939 ὑπὸ
882 899 1023 939 τούτου
1059 898 1110 941 ὡς
1133 897 1202 939 τὸν
1227 897 1376 949 πατέρα
1408 897 1476 938 τὸν
1502 898 1608 949 ἐμόν,

284 967 346 1007 καὶ
370 967 562 1022 τεκμηρίῳ
591 966 713 1021 τούτῳ
742 964 1073 1019 καταχρήσασθαι
1105 965 1202 1018 πρὸς
1225 966 1324 1017 ὑμᾶς
1359 965 1420 1005 ὅτι
1443 965 1522 1017 ἐγὼ
1549 964 1610 1005 καὶ

282 1033 412 1075 τᾶλλα
446 1034 645 1086 ψεύδομαι
681 1033 768 1085 περὶ
803 1034 858 1074 ὧν
895 1035 1052 1085 ἐγκαλῶ
1090 1033 1206 1088 αὐτῷ,
1238 1034 1336 1073 ὅπου
1360 1049 1405 1085 γε
1437 1032 1483 1072 ὅν
1509 1037 1610 1085 φημι

282 1104 427 1153 λαβεῖν
459 1100 615 1152 οἰκέτην
651 1102 747 1141 ὄντα
781 1099 921 1141 τούτου
945 1099 1014 1143 τὰς
1043 1100 1192 1153 φιάλας
1230 1099 1292 1140 καὶ
1323 1099 1394 1150 τὴν
1417 1101 1518 1151 μνᾶν
1543 1102 1611 1139 τοῦ

219 1175 262 1219 58
282 1169 479 1222 ἀργυρίου,
518 1167 633 1210 οὗτος
679 1168 996 1219 βασανιζόμενος
1037 1167 1082 1207 οὗ
1123 1168 1307 1220 φαίνεται
1352 1167 1505 1218 λαβών.
1578 1167 1611 1207 εἰ
1634 1182 1672 1214 15

282 1237 413 1277 τοίνυν
437 1239 551 1276 τοῦτο
579 1234 745 1289 ἰσχυρὸν
771 1234 817 1285 ἦν
842 1235 891 1275 ἂν
914 1234 1039 1290 τούτῳ
1065 1234 1158 1287 πρὸς
1191 1235 1291 1286 ὑμᾶς
1319 1233 1527 1287 τεκμήριον
1552 1234 1612 1274 ὅτι

283 1303 456 1354 ἐξεδίδου
490 1302 559 1343 τὸν
596 1303 842 1356 Αἰσχρίωνα,
880 1300 926 1342 ὃν
961 1302 1194 1355 πεμφθῆναί
1226 1307 1328 1354 φημι
1362 1301 1438 1341 ὑπὸ
1473 1300 1612 1341 τούτου

285 1371 347 1411 καὶ
370 1373 516 1421 λαβεῖν
539 1368 609 1411 τὰς
634 1369 783 1422 φιάλας
816 1367 920 1422 παρὰ
957 1372 1024 1409 τοῦ
1059 1368 1206 1420 πατρὸς
1234 1371 1304 1408 τοῦ
1335 1369 1429 1419 ἐμοῦ
1453 1367 1516 1408 καὶ
1540 1367 1612 1417 τὴν

282 1440 384 1489 μνᾶν
419 1441 487 1478 τοῦ
521 1437 708 1489 ἀργυρίου
742 1437 1018 1483 δανείσασθαι,
1052 1437 1167 1487 κάμοὶ
1199 1435 1378 1489 γενέσθω
1403 1433 1612 1486 τεκμήριον

283 1504 379 1558 πρὸς
402 1505 500 1556 ὑμᾶς
526 1505 586 1544 ὅτι
613 1504 802 1546 συνειδώς
825 1521 874 1556 με
898 1504 1026 1555 ἀληθῆ
1053 1504 1298 1557 ἐγκαλοῦντα
1321 1503 1366 1543 οὐ
1390 1502 1520 1557 τολμᾷ
1541 1501 1611 1543 τὸν
1633 1516 1673 1538 20

283 1573 515 1625 Αἰσχρίωνα
540 1574 794 1624 παραδοῦναι.

223 1652 264 1689 59
349 1638 595 1691 Ἀπολογίαν
619 1638 748 1679 τοίνυν
775 1637 983 1689 ποιήσεται
1009 1638 1070 1678 ὅτι
1097 1638 1140 1679 ἐν
1164 1641 1246 1681 τοῖς
1278 1636 1508 1690 γράμμασιν
1531 1640 1613 1679 τοῖς

283 1707 565 1759 τραπεζιτικοῖς
592 1706 656 1747 ἐπὶ
681 1704 966 1747 Ἀλκισθένους
1000 1705 1190 1759 ἄρχοντος
1220 1703 1266 1755 ἦν
1293 1704 1611 1758 ἐγγεγραμμένος

283 1773 331 1813 τό
353 1790 396 1814 τε
420 1777 566 1814 ναῦλον
589 1776 668 1814 τῶν
687 1771 817 1823 ξύλων
843 1773 1017 1826 εἰληφὼς
1044 1774 1106 1813 καὶ
1121 1772 1194 1823 τὴν
1210 1772 1326 1823 τιμὴν
1342 1775 1420 1812 τῶν
1438 1775 1610 1825 φιαλῶν,

284 1840 304 1881 ὃ
330 1839 542 1881 ἀπέτεισεν
560 1839 803 1892 Τιμοσθένει
826 1841 922 1893 ὑπὲρ
948 1840 1087 1880 τούτου
1111 1839 1132 1879 ὁ
1155 1838 1295 1891 πατήρ,
1324 1839 1385 1879 καὶ
1412 1839 1472 1879 ὅτι
1495 1838 1611 1880 αὐτὸς
1633 1851 1672 1884 ²5

125 1906 263 1962 [1202]
285 1910 327 1949 ἐν
362 1907 485 1963 τούτῳ
521 1911 574 1963 τῷ
603 1908 734 1963 χρόνῳ
769 1907 839 1948 οὐκ
869 1906 1068 1958 ἐπεδήμει,
1094 1906 1200 1948 ἀλλὰ
1234 1905 1338 1958 παρὰ
1363 1904 1607 1957 βασιλεῖῆν.

284 1975 373 2028 περὶ
397 1975 444 2026 δὴ
468 1975 608 2016 τούτου
639 1979 782 2028 σαφῶς
809 1976 911 2026 ὑμᾶς
941 1974 1143 2027 βούλομαι
1166 1971 1332 2023 διδάξαι,
1362 1972 1412 2013 ἵν’
1438 1973 1612 2025 ἀκριβῶς

286 2044 413 2093 εἰδῆτε
448 2041 494 2083 ὃν
527 2042 675 2095 τρόπον
711 2042 794 2097 ἔχει
830 2044 878 2083 τὰ
909 2041 1120 2096 γράμματα
1143 2042 1192 2081 τὰ
1217 2040 1297 2082 ἀπὸ
1317 2041 1386 2091 τῆς
1406 2039 1611 2093 τραπέζης.

333 2162 353 2192 3
377 2151 557 2194 παρέχηται
574 2151 606 2182 Α
731 2162 751 2191 4
777 2153 841 2193 ἐγὼ
855 2151 887 2181 Α
901 2162 909 2182 :
935 2153 999 2193 ἐγὼ
1015 2153 1098 2192 αὐτῷ
1117 2150 1140 2181 S
1152 2150 1178 2180 F
1190 2149 1220 2189 Q
1233 2150 1263 2180 D
1381 2159 1401 2189 5
1423 2150 1482 2191 ’τὸν
1497 2159 1561 2180 om.
1580 2147 1613 2179 A

284 2197 307 2227 6
329 2197 508 2238 παραδώσει
525 2195 549 2226 S
561 2194 628 2234 FQ
644 2194 675 2225 D
690 2206 698 2226 t
721 2197 874 2237 παραδοίη
890 2194 921 2224 Α
1025 2205 1042 2234 7
1069 2198 1084 2226 ὁ
1101 2204 1166 2226 om.
1185 2194 1217 2224 A
1329 2202 1368 2223 12
1391 2194 1549 2235 τεκμηρίῳ
1560 2191 1611 2223 A:

286 2240 456 2281 τεκμήριον
472 2243 551 2270 cett.
658 2240 733 2280 πρὸς
749 2249 813 2271 om.
836 2238 885 2277 Sl,
904 2239 981 2270 add.
1000 2239 1032 2268 in
1051 2248 1116 2277 mg.
1134 2239 1206 2268 ead.
1224 2247 1266 2268 m.
1419 2246 1524 2275 12-13
1550 2237 1612 2275 ἐγὼ

287 2283 522 2325 καταψεύδομαι
539 2282 572 2313 Α
742 2293 780 2320 13
805 2296 843 2323 γε
868 2282 919 2323 ὅν]
937 2283 972 2314 ὅν
995 2296 1036 2323 γε
1052 2281 1094 2320 Α,
1114 2281 1250 2312 Dobree
1417 2281 1455 2309 16
1471 2281 1508 2311 ἂν
1525 2279 1565 2317 ἣν
1581 2278 1613 2308 Λ

291 2337 329 2367 19
353 2328 405 2359 καί
419 2340 472 2367 μοι
490 2327 514 2357 S
527 2327 558 2356 D
646 2336 688 2364 23
707 2326 967 2367 ἐγγεγραμμένος
984 2325 1008 2355 S
1022 2326 1112 2364 vulg.
1129 2335 1136 2355 Ξ
1161 2323 1380 2367 γεγραμμένος
1393 2323 1424 2353 Α
1437 2327 1472 2353 ut
1485 2323 1612 2362 passim

287 2380 328 2409 25
344 2372 361 2402 ὃ
376 2370 472 2401 Blass
485 2370 561 2401 coll.
578 2371 615 2407 §§
628 2379 682 2407 32,
697 2372 740 2408 63
756 2380 763 2400 ε
788 2369 831 2401 ὧν
843 2370 942 2399 codd.
960 2379 968 2399 z
992 2370 1030 2406 ἣν
1045 2369 1173 2407 Seager
1247 2368 1379 2400 ἀπέτισε
1399 2366 1429 2395 Α
1444 2366 1473 2396 D
1490 2376 1499 2397 t
1523 2379 1611 2398 απαι-

286 2413 448 2452 ’τησενὲι
473 2414 618 2456 ἀνι-ᾔτησε
638 2413 663 2443 F
675 2413 706 2452 Q
832 2422 872 2452 27
899 2410 954 2452 δὴ]
971 2411 1006 2444 δὲ
1021 2411 1053 2442 Α
1218 2412 1260 2443 28
1279 2412 1348 2454 ἔχει
1365 2410 1418 2441 A:
1444 2410 1505 2453 ἔχῃ
1524 2409 1611 2448 SQ:

287 2457 357 2498 εἶχε
375 2456 401 2488 F
508 2457 587 2498 ἀπὸ]
606 2457 657 2489 ἐπὶ
674 2456 707 2487 Α
