1742 2774
145 128 220 184 xm]
533 131 693 169 ΠΡΟΣ
740 131 1071 169 ΣΠΟὙΔΙΑΝ
1494 130 1631 183 [1029]

146 234 296 273 ἐκεῖνον
327 230 374 282 ἦν
405 248 473 282 μοι
505 233 550 270 τὸ
584 230 848 281 συμβόλαιον·
887 229 1019 280 ἐπειδὴ
1051 229 1083 269 δ’
1118 230 1139 269 ὅ
1163 246 1205 269 τε
1238 229 1470 280 Λεωκράτης

146 297 426 353 ἐξεκεχωρήκει
459 298 481 338 ὅ
511 314 554 339 τε
587 297 838 338 Πολύευκτος
870 299 1080 350 μοχθηρῶς
1109 296 1229 349 εἶχεν,
1258 295 1468 347 τηνικαῦτ’,

146 364 174 406 ὦ
201 366 334 419 ἄνδρες
368 365 562 411 δικασταί,
588 364 661 415 τὴν
692 365 818 405 οἰκίαν
842 363 987 414 ταύτην
1012 364 1259 415 ’ἀποτιμῶμαι
1282 362 1378 415 πρὸς
1401 364 1469 403 τὰς

146 433 238 475 δέκα
271 436 384 485 μνᾶς,
416 431 463 484 ἐξ
490 432 545 489 ἧς·
568 432 776 473 διακωλύει
808 448 857 483 με
888 433 958 473 τὰς
986 431 1205 482 μισθώσεις
1242 431 1471 481 κομίζεσθαι

108 523 125 554 5
146 501 353 543 Σπουδίας.
424 503 579 552 πρῶτον
603 501 676 551 μὲν
706 499 775 540 οὖν
798 500 889 550 ὑμῖν
913 497 1108 550 μάρτυρας
1138 496 1357 549 παρέξομαι
1381 496 1470 539 τοὺς
1489 507 1510 541 6

145 567 487 621 παραγενομένους
526 566 583 607 ὅτ’
624 566 754 619 ἠγγύα
793 583 860 618 μοι
897 566 1149 607 Πολύευκτος
1184 564 1255 615 τὴν
1292 563 1469 617 θυγατέρ’

146 636 211 677 ἐπὶ
256 634 543 687 τετταράκοντα
582 637 710 686 μναῖς·
754 632 877 674 ἔπειθ’
913 632 966 675 ὡς
1001 634 1168 673 ἔλαττον
1203 636 1287 674 ταῖς
1322 632 1471 685 χιλίαις

146 701 405 754 ἐκομισάμην·
444 702 501 742 ἔτι
537 700 570 742 δ’
597 701 648 743 ὡς
684 700 839 742 ἅπαντα
874 699 942 740 τὸν
977 700 1122 753 χρόνον
1159 700 1338 751 ὀφείλειν
1368 698 1468 749 ὡμο-

145 770 259 822 λόγει
285 786 352 821 μοι
381 769 646 815 Πολύευκτος,
675 768 737 809 καὶ
769 768 838 808 τὸν
867 766 1104 819 Λεωκράτην
1137 765 1373 816 συνέστησε,
1409 766 1470 805 καὶ

89 848 127 870 10
147 836 197 879 ὡς
229 840 426 877 τελευτῶν
457 835 598 877 διέθεθ’
627 837 740 888 ὅρους
772 837 986 885 ἐπιστῆσαι
1009 835 1152 888 χιλίων
1175 835 1362 886 δραχμῶν
1385 832 1470 883 ἐμοὶ

144 906 213 955 τῆς
238 903 398 957 προικὸς
424 904 490 946 ἐπὶ
511 902 583 954 τὴν
608 904 746 944 οἰκίαν.
807 902 873 942 καί
892 919 959 954 μοι
986 900 1097 941 κάλει
1122 900 1211 942 τοὺς
1235 899 1443 953 μάρτυρας.

694 1000 913 1028 ΜΑΡΤὙΡΕΣ.
1492 1002 1634 1056 [103οχ

208 1063 288 1106 ΑΕν
326 1066 400 1117 μὲν
439 1064 586 1110 τοίνυν,
632 1062 660 1104 ὦ
703 1064 840 1116 ἄνδρες
884 1063 1080 1109 δικασταί,
1121 1060 1227 1103 τοῦτ’
1267 1060 1378 1101 ἔστιν
1419 1062 1512 1112 ῶνγ

148 1132 301 1185 ἐγκαλῶ
344 1132 531 1186 Σπουδίᾳ.
604 1131 667 1172 καὶ
706 1131 794 1184 περὶ
835 1130 972 1170 τούτου
1013 1131 1055 1170 τί
1092 1128 1139 1169 ἂν
1184 1129 1241 1169 ἔτι
1280 1128 1413 1180 μεῖζον
1447 1123 1472 1178 ἢ

92 1215 126 1247 15
148 1200 407 1253 ἰσχυρότερον
434 1198 539 1253 ἔχων
569 1200 624 1241 εἷς
655 1199 754 1250 ὑμᾶς
787 1197 980 1248 κατέστην
1012 1194 1034 1246 ἦ
1065 1196 1134 1237 τὸν
1164 1196 1299 1247 νόμον,
1329 1194 1373 1237 ὃς
1404 1194 1471 1234 οὐκ

147 1267 195 1323 ἐᾷ
221 1265 444 1319 διαρρήδην,
472 1267 552 1307 ὅσα
578 1283 636 1308 τις
666 1266 923 1317 ἀπετίμησεν,
952 1264 1051 1304 εἶναι
1080 1264 1201 1309 δίκας,
1238 1261 1317 1303 οὔτ’
1339 1261 1472 1303 αὐτοῖς

147 1333 235 1375 οὔτε
271 1338 353 1376 τοῖς
385 1333 664 1386 κληρονόμοις,·
702 1332 794 1373 ἀλλ’
830 1333 935 1383 ὅμως
966 1334 1064 1383 πρὸς
1096 1334 1210 1371 τοῦτο
1246 1332 1290 1370 τὸ
1324 1330 1472 1369 δίκαιον

147 1401 232 1452 ἥκει
248 1402 442 1443 Σπουδίας
461 1398 802 1454 ἀμφισβητήσων.
847 1400 978 1452 ἕτερον
998 1398 1045 1445 δ’,
1066 1396 1095 1438 ὦ
1115 1398 1252 1450 ἄνδρες
1278 1397 1470 1441 δικασταί,
1494 1411 1512 1443 3

149 1468 215 1508 δύο
239 1470 313 1520 μὲν
334 1470 446 1520 μνᾶς,
473 1464 555 1520 (fis)
579 1468 851 1520 ἐμαρτύρησεν
868 1464 1153 1519 Ἀριστογένης
1174 1466 1357 1517 ἐγκαλεῖν
1376 1463 1472 1503 ἀπο-

91 1555 131 1577 20
149 1533 373 1591 θνῄσκοντα
414 1535 668 1576 Πολύευκτον
711 1533 977 1586 ὀφειλομένας
1019 1533 1120 1586 αὑτῷ
1158 1533 1264 1583 παρὰ
1302 1529 1475 1583 Σπουδία

149 1603 212 1643 καὶ
245 1606 315 1643 τὸν
345 1603 461 1642 τόκον
492 1601 622 1653 (τοῦτο
650 1600 683 1641 δ’
711 1601 820 1641 ἐστὶν
854 1599 1005 1640 οἰκέτου
1035 1597 1140 1649 τιμή,
1176 1597 1220 1638 ὃν
1257 1596 1474 1648 ἐωνημένος

149 1669 262 1713 οὗτος
285 1671 391 1722 παρὰ
415 1672 482 1709 τοῦ
508 1668 773 1714 Πολυεύκτου,
801 1667 872 1717 τὴν
896 1666 1011 1718 τιμὴν
1037 1665 1116 1706 οὔτ’
1136 1666 1270 1719 ἐκείνῳ
1292 1663 1474 1704 διέλυσεν

147 1737 239 1779 οὔτε
274 1740 345 1778 νῦν
386 1737 441 1777 εἰς
479 1735 526 1776 τὸ
568 1734 699 1776 κοινὸν
740 1733 1009 1787 ἀνενήνοχεν),
1049 1732 1284 1772 ὀκτακοσίας
1326 1733 1369 1771 δὲ
1412 1729 1474 1770 καὶ

147 1802 294 1858 χιλίας,
320 1803 409 1856 περὶ
434 1804 490 1844 ῶν
513 1802 594 1843 οὐδ’
620 1800 738 1855 ἔγωγ’
761 1802 850 1842 οἶδα
873 1802 914 1842 τί
934 1800 1022 1841 ποθ’
1049 1797 1128 1849 ἕξει
1152 1799 1302 1839 δίκαιον
1326 1797 1473 1850 λέγειν.

91 1895 127 1926 ²5
148 1869 196 1922 ἧν
231 1872 305 1923 μὲν
346 1872 425 1924 γὰρ
462 1869 508 1911 τὸ
545 1870 728 1923 ἀργύριον
765 1869 871 1922 παρὰ
904 1869 973 1918 τῆς
1011 1866 1266 1907 Πολυεύκτου
1299 1867 1472 1905 δεδανει-
1493 1881 1515 1916 9

150 1937 295 1990 σμένος
325 1938 523 1991 γυναικός,
555 1937 768 1990 γράμματα
795 1935 828 1976 δ’
860 1935 974 1976 ἔστιν
1001 1933 1029 1976 ἃ
1062 1932 1273 1973 κατέλιπεν
1302 1929 1473 1986 ἀποθνῄ-

149 2004 288 2045 σκουσ’
314 2005 455 2056 ἐκείνη,
481 2004 670 2058 μάρτυρες
690 2003 723 2044 δ’
743 2004 782 2045 οἱ
805 2005 875 2054 τῆς
892 2000 1075 2056 γυναικὸς
1095 1999 1264 2052 ἀδελφοὶ
1283 1999 1475 2050 παρόντες

147 2071 298 2113 ἅπασιν
328 2072 394 2114 καὶ
422 2071 507 2113 καθ’
537 2072 709 2113 ἕκαστον
736 2071 1021 2123 ἐπερωτῶντες,
1049 2069 1113 2109 ἵνα
1139 2070 1260 2119 μηδὲν
1284 2066 1474 2118 δυσχερὲς

198 2191 212 2212 1
238 2194 274 2213 τε
291 2191 354 2212 om.
372 2180 404 2211 A
590 2191 609 2211 2
636 2180 881 2221 ἐξεκεχωρήκειν
897 2179 1006 2216 Blass,
1026 2177 1066 2208 cf.
1088 2176 1193 2207 Bekk.
1212 2174 1339 2205 Anecd.
1361 2184 1392 2214 p.
1411 2183 1474 2212 422

149 2233 169 2264 5
191 2224 349 2266 μάρτυρας
366 2226 436 2263 ὑμῖν
455 2224 522 2263 FQ
538 2223 568 2254 D
722 2225 744 2254 6
768 2223 910 2264 ἐνηγγύα
928 2223 974 2253 F:
999 2221 1114 2261 ἐνεγύα
1129 2224 1207 2251 cett.
1365 2228 1381 2257 7
1406 2220 1474 2248 ταῖς

149 2269 271 2309 χιλίαις
286 2267 317 2298 Α
330 2267 408 2307 FQ,
431 2268 594 2300 Priscian.
611 2267 693 2297 xviii
710 2276 773 2306 205
789 2278 797 2297 τ
820 2268 878 2299 τὰς
895 2267 1007 2308 χιλίας
1025 2264 1085 2296 SF
1099 2277 1149 2305 γρ.
1166 2263 1196 2302 Q
1213 2275 1263 2303 γρ.
1372 2270 1411 2290 10
1434 2261 1474 2291 ὡς

149 2321 215 2343 om.
235 2311 260 2342 F
273 2311 303 2350 Q
476 2322 511 2342 11
536 2325 587 2352 μοι
604 2310 696 2343 κάλει
711 2325 763 2352 μοι
781 2310 806 2341 S
982 2319 1019 2347 14
1043 2308 1158 2340 τούτου
1174 2307 1262 2344 vulg.
1280 2317 1285 2335 :
1310 2304 1433 2336 τούτων
1450 2302 1475 2333 S

152 2356 191 2385 16
214 2355 274 2387 ὅσα
291 2355 315 2386 S
328 2354 359 2384 A
374 2365 383 2386 t
407 2356 451 2388 εἷς
468 2355 487 2388 ἃ
501 2354 527 2385 F
539 2355 570 2394 Q
585 2354 616 2385 D
703 2355 907 2394 ἀπετίμωσεν
924 2352 948 2384 S
1064 2362 1104 2391 19
1129 2351 1164 2382 ἃς
1180 2349 1321 2380 inseruit
1339 2347 1474 2386 Lipsius

149 2408 188 2428 21
213 2398 310 2430 τόκον
324 2398 410 2429 SA:
434 2399 511 2430 add.
530 2401 613 2439 αὐτῷ
633 2395 711 2437 FQ,
732 2400 836 2429 αὐτῶν
854 2397 883 2427 D
966 2405 1007 2426 22
1031 2398 1087 2427 τοῦ
1102 2404 1168 2424 om.
1189 2392 1254 2431 FQ
1269 2392 1298 2421 D
1369 2390 1474 2430 ἐκείνῳ

149 2450 214 2474 om.
232 2443 265 2472 A
394 2451 500 2481 23-24
525 2443 575 2474 καὶ
592 2442 702 2484 χιλίας
719 2451 784 2473 om.
803 2441 828 2471 S
840 2441 871 2471 A
1004 2448 1045 2478 25
1068 2437 1123 2478 ἦν]
1140 2452 1159 2476 η
1178 2436 1203 2467 S
1348 2476 1386 2507 l*
