1763 2778
105 126 241 181 [1358]
664 121 717 176 [Δ
731 126 764 163 [1
778 126 818 163 M
831 117 1189 172 οΣΘΕΝοΎΣ]
1510 117 1587 171 [ux

198 250 238 282 41
332 229 623 279 Διεγγυηθεῖσα
649 223 682 265 δ’
706 223 781 264 ὑπὸ
802 221 1007 275 Στεφάνου
1033 221 1094 261 καὶ
1120 220 1221 260 οὖσα
1243 221 1350 271 παρὰ
1374 220 1496 274 τούτῳ
1515 219 1587 270 τὴν

101 302 241 356 [1359]
262 297 334 346 μὲν
357 293 477 343 αὐτὴν
503 292 692 345 ἐργασίαν
718 291 831 331 οὐδὲν
854 290 971 341 ἧττον
994 284 1018 338 ἢ
1051 288 1241 339 πρότερον
1271 286 1472 339 ἠργάζετο,
1497 285 1587 329 τοὺς

230 354 234 356 ’
263 364 303 402 δὲ
327 360 492 412 μισθοὺς
525 360 677 410 μείζους
701 357 911 410 ἐπράττετο
943 354 1031 397 τοὺς
1056 353 1328 406 βουλομένους
1362 353 1459 411 αὐτῇ
1483 359 1584 404 πλη-

263 427 425 478 σιάζειν,
447 427 497 469 ὡς
514 427 576 466 ἐπὶ
602 424 886 478 προσχήματος
904 423 975 474 ἤδη
1002 425 1108 463 τινὸς
1128 421 1230 462 οὖσα
1246 421 1308 461 καὶ
1324 421 1434 473 ἀνδρὶ
1453 437 1585 461 συνοι-

263 499 398 535 κοῦσα.
453 491 794 544 συνεσυκοφάντει
819 493 858 531 δὲ
887 491 948 531 καὶ
973 489 1098 536 οὗτος,
1125 490 1163 530 εἴ
1183 505 1272 529 τινα
1291 487 1405 538 ξένον
1431 488 1588 540 ἀγνῶτα
1607 507 1625 539 5

262 562 458 602 πλούσιον
481 560 606 611 λάβοι
631 558 802 611 ἐραστὴν
835 558 966 607 αὐτῆς,
1001 556 1052 598 ὡς
1077 558 1219 610 μοιχὸν
1256 554 1317 596 ἐπ’
1346 555 1443 612 αὐτῇ
1475 555 1588 596 ἔνδον

199 642 241 674 42
263 629 483 669 ἀποκλείων
509 628 570 667 καὶ
603 626 788 678 ἀργύριον
817 625 1082 677 πραττόμενος
1114 623 1231 670 πολύ,
1257 622 1430 664 εἰκότως·
1471 621 1590 662 οὐσία

261 698 334 746 μὲν
359 697 433 747 γὰρ
458 694 531 746 οὐχ
556 695 732 746 ὑπῆρχεν
758 691 949 746 Στεφάνῳ
982 690 1071 732 οὐδὲ
1105 690 1268 744 Νεαίρᾳ,
1296 689 1400 731 ὥστε
1428 690 1479 730 τὰ
1505 687 1589 729 καθ’

261 761 410 813 ἡμέραν
424 761 664 811 ἀναλώματα
683 761 875 800 δύνασθαι
889 757 1118 811 ὑποφέρειν,
1136 757 1159 808 ἡ
1177 759 1218 798 δὲ
1237 758 1430 806 διοίκησις
1445 754 1586 809 συχνή,

263 827 372 869 ὁπότ’
397 827 474 868 ἔδει
498 827 636 867 τοῦτόν
661 844 702 867 τε
729 826 790 866 καὶ
824 825 945 875 αὐτὴν
973 824 1136 877 τρέφειν
1169 824 1233 864 καὶ
1265 823 1451 875 παιδάρια
1485 823 1586 875 τρία,
1613 839 1651 861 10

262 896 287 936 ἃ
310 894 430 945 ἦλθεν
456 895 607 947 ἔχουσα
632 893 682 935 ὡς
707 893 836 939 αὐτόν,
867 893 929 933 καὶ
966 890 1203 945 θεραπαίνας
1237 890 1303 931 δύο
1337 890 1400 930 καὶ
1435 889 1590 940 οἰκέτην

261 961 456 1008 διάκονον,
483 960 617 1003 ἄλλως
642 978 682 1001 τε
710 960 771 1000 καὶ
795 962 1038 1010 μεμαθηκυῖα
1062 958 1115 1010 μὴ
1142 961 1268 999 κακῶς
1293 957 1401 1012 ἔχειν
1424 959 1474 998 τὰ
1503 958 1587 998 ἐπι-

196 1043 241 1078 43
261 1027 393 1079 τήδεια
428 1027 571 1080 ἑτέρων
600 1027 901 1068 ἀναλισκόντων
933 1026 1028 1083 αὐτῇ
1053 1025 1098 1066 τὸ
1126 1026 1333 1077 πρότερον.
1391 1025 1482 1065 οὔτε
1513 1026 1590 1077 γὰρ

263 1095 341 1136 ἀπὸ
363 1098 433 1146 τῆς
456 1096 659 1136 πολιτείας
679 1092 844 1150 προσῄει
861 1093 1052 1148 Στεφάνῳ
1078 1093 1217 1148 τουτῳὶ
1237 1091 1348 1143 ἄξιον
1372 1092 1509 1144 λόγου·
1547 1090 1592 1132 οὗ

262 1162 337 1215 γάρ
362 1180 421 1203 πω
447 1161 494 1213 ἦν
522 1161 663 1214 ῥήτωρ,
691 1161 783 1201 ἀλλ’
808 1161 866 1202 ἔτι
899 1160 1152 1213 συκοφάντης
1186 1164 1265 1218 τῶν
1294 1159 1590 1211 παραβοώντων
1613 1171 1650 1203 15

263 1231 367 1281 παρὰ
403 1228 448 1269 τὸ
479 1231 592 1281 βῆμα
626 1228 687 1269 καὶ
716 1227 979 1281 γραφομένων
1011 1230 1157 1279 μισθοῦ
1183 1227 1245 1267 καὶ
1277 1227 1502 1280 φαινόντων
1528 1226 1592 1267 καὶ

262 1296 590 1349 ἐπιγραφομένων
614 1299 698 1337 ταῖς
722 1296 952 1348 ἀλλοτρίαις
974 1295 1160 1348 γνώμαις,
1187 1295 1261 1336 ἕως
1278 1293 1456 1334 ὑπέπεσε
1479 1296 1590 1334 Καλ-

261 1363 459 1418 λιστράτῳ
484 1367 536 1418 τῷ
557 1363 790 1417 Ἀφιδναίῳ·
829 1362 874 1414 ἐξ
896 1364 987 1403 ὅτου
1011 1365 1051 1403 δὲ
1064 1363 1210 1415 τρόπου
1231 1362 1292 1402 καὶ
1317 1360 1365 1401 δι’
1384 1359 1433 1412 ἣν
1447 1362 1589 1407 αἰτίαν,

262 1431 339 1482 ἐγὼ
375 1431 464 1481 ὑμῖν
502 1430 564 1470 καὶ
599 1430 686 1482 περὶ
722 1430 860 1470 τούτου
897 1429 1072 1481 διέξειμι,
1111 1428 1269 1470 ἐπειδὰν
1300 1428 1390 1480 περὶ
1424 1427 1592 1478 ταυτησὶ

263 1498 435 1549 Νεαίρας
461 1496 640 1548 ἐπιδείξω
668 1497 718 1539 ὡς
742 1497 830 1538 ἔστι
856 1497 946 1548 ξένη
963 1498 1026 1538 καὶ
1046 1497 1097 1538 ὡς
1112 1495 1270 1548 μεγάλα
1293 1497 1391 1546 ὑμᾶς
1409 1495 1591 1546 ἠδίκηκεν
1612 1509 1652 1531 20

197 1578 242 1611 44
264 1564 325 1604 καὶ
358 1564 408 1606 ὡς
440 1564 643 1615 ἠσέβηκεν
673 1566 727 1606 εἰς
755 1564 846 1606 τοὺς
881 1565 1005 1611 θεούς,
1045 1563 1094 1604 ἵν’
1128 1565 1255 1614 εἰδῆτε
1291 1564 1351 1603 ὅτι
1383 1563 1446 1603 καὶ
1475 1561 1591 1605 αὐτὸς

261 1631 373 1673 οὗτος
408 1630 514 1682 ἄξιός
551 1633 662 1672 ἐστιν
693 1631 761 1671 οὐκ
788 1631 936 1672 ἐλάττω
973 1635 1105 1672 δοῦναι
1140 1631 1250 1681 δίκην
1286 1626 1310 1680 ἢ
1344 1630 1405 1670 καὶ
1438 1628 1592 1682 Νέαιρα

262 1699 388 1748 αὑτηί,
418 1699 524 1739 ἀλλὰ
561 1699 623 1739 καὶ
652 1700 793 1753 πολλῷ
828 1700 945 1750 μείζω
973 1699 1035 1739 καὶ
1065 1701 1235 1750 μᾶλλον,
1266 1698 1348 1752 ὅσῳ
1381 1696 1590 1747 Ἀθηναῖος

263 1764 431 1817 φάσκων
462 1765 560 1806 εἶναι
594 1767 692 1806 οὕτω
723 1766 826 1806 πολὺ
861 1770 938 1806 τῶν
974 1766 1104 1817 νόμων
1141 1764 1491 1817 καταπεφρόνηκεν
1528 1763 1590 1803 καὶ

262 1832 367 1882 ὑμῶν
395 1832 457 1872 καὶ
479 1836 556 1873 τῶν
581 1835 694 1879 θεῶν,
721 1832 817 1873 ὥστ’
842 1833 921 1873 οὐδ’
946 1834 1043 1885 ὑπὲρ
1071 1836 1149 1873 τῶν
1179 1830 1460 1884 ἡμαρτημένων
1486 1832 1589 1885 αὑτῷ
1612 1844 1650 1877 25

263 1900 550 1952 αἰσχυνόμενος
565 1905 691 1955 τολμᾷ
707 1900 879 1953 ἡσυχίαν
896 1900 1019 1952 ἄγειν,
1039 1899 1146 1940 ἀλλὰ
1166 1901 1427 1951 συκοφαντῶν
1444 1897 1591 1939 ἄλλους

96 1964 240 2020 [1360]
262 1983 305 2006 τε
331 1966 393 2006 καὶ
410 1966 490 2017 ἐμέ,
512 1967 665 2007 τουτονὶ
682 1968 896 2017 πεποίηκεν
921 1966 1039 2008 αὐτὸν
1064 1967 1127 2007 καὶ
1155 1966 1300 2016 ταύτην
1325 1967 1380 2007 εἰς
1407 1967 1586 2015 τηλικοῦ-

307 2085 326 2105 2
349 2074 384 2115 ἢ]
411 2075 430 2112 ἢ
452 2076 490 2107 τὸ
516 2075 581 2114 FQ
685 2075 843 2117 ἠργάζετο
869 2076 917 2107 S:
943 2077 1020 2117 εἶργ.
1047 2075 1136 2115 vulg.
1283 2075 1304 2104 8
1328 2074 1399 2106 οὐδὲ
1433 2073 1589 2104 Bekker:

263 2121 337 2150 οὔτε
355 2119 451 2149 codd.
624 2129 662 2150 10
686 2118 775 2150 ὁπότ’
801 2121 862 2151 ἔδει
890 2120 1071 2158 Lon-tzing:
1100 2118 1196 2152 ὁπότε
1217 2118 1280 2150 δέοι
1303 2119 1423 2157 codd.;
1447 2128 1487 2147 an
1513 2118 1590 2149 ὅπου

262 2163 294 2202 ’γ’
313 2163 400 2193 ἔδειῗ)
531 2163 630 2200 αὑτὴν
646 2163 770 2202 Taylor
785 2173 792 2193 :
818 2165 917 2201 αὐτὴν
933 2164 1030 2193 codd.
1052 2163 1140 2203 (Sine
1157 2162 1276 2202 spiritu
1288 2161 1327 2203 S)
1413 2162 1519 2193 παιδία
1531 2170 1547 2190 r
1559 2160 1590 2190 D

266 2216 304 2236 12
327 2208 542 2245 μεμαθηκυῖαν
565 2206 594 2235 D
717 2216 753 2243 ¹3
779 2208 856 2248 αὐτῃ
873 2206 903 2244 Q
917 2216 1000 2237 corr.
1019 2207 1048 2237 D
1065 2218 1072 2236 :
1097 2208 1195 2244 αὐτὴν
1212 2205 1300 2244 vulg.
1415 2206 1489 2237 οὔτε
1511 2203 1588 2244 γὰρ]

264 2248 336 2280 οὐδὲ
363 2250 425 2289 ’γὰρ
455 2249 568 2287 Hude,
596 2250 655 2279 sed
684 2250 722 2279 cs.
752 2260 821 2279 xxv
852 2260 889 2288 14
1048 2260 1085 2288 14
1109 2250 1212 2290 τούτῳ
1240 2249 1350 2286 codd.‚
1379 2258 1464 2278 corr.
1491 2247 1589 2278 Blass

263 2297 341 2332 post
357 2293 442 2333 ἄξιον
455 2292 556 2332 λόγου
572 2293 648 2323 add.
665 2292 754 2324 οὐδέν
772 2293 801 2322 D
950 2303 992 2323 20
1017 2295 1094 2332 ὑμᾶς
1113 2293 1142 2322 D
1162 2292 1353 2332 1xSchaefcr)
1370 2303 1377 2322 :
1403 2292 1483 2329 ἡμᾶς
1499 2290 1588 2329 vulg.

262 2337 412 2374 ἠδίκηκεν
435 2336 535 2366 etiam
564 2335 589 2366 F
619 2336 685 2375 (me
711 2337 812 2373 teste)
947 2347 987 2375 23
1012 2338 1102 2375 αὑτηὶ
1128 2336 1247 2367 Blass:
1279 2337 1359 2374 αὕτη
1383 2334 1473 2373 vulg.
1501 2334 1589 2374 (sine

263 2379 383 2419 spiritu
399 2378 440 2421 S)
458 2390 466 2410 z
489 2379 570 2417 αὐτή
587 2389 602 2410 1·
616 2379 645 2409 D
786 2389 896 2419 24-25
920 2382 970 2412 καὶ
992 2382 1075 2420 ὑμῶν
1093 2389 1156 2412 om.
1174 2379 1213 2410 F¹
1347 2388 1386 2418 27
1412 2379 1507 2410 αὑτὸν
1524 2377 1589 2408 SY
