1763 2778
98 120 239 174 [1206]
643 114 1160 169 [ΔΙΙΜΟΣΘΕΝΟΎΣ]
1543 113 1586 169 [L

258 218 507 271 ἀδολεσχεῖν,
537 217 606 258 ἐὰν
632 217 694 258 διὰ
719 217 971 270 μακροτέρων
997 221 1187 270 διηγῶμαι
1210 216 1257 258 τά
1283 235 1324 259 τε
1343 218 1583 269 ἀναλώματα

259 285 321 325 καὶ
350 287 420 327 τὰς
450 284 622 337 πράξεις,
659 285 708 327 ὡς
738 287 779 325 ἐν
814 289 931 340 καιρῷ
961 302 1004 326 τε
1037 285 1202 326 ἕκασται
1232 285 1294 326 καὶ
1323 285 1512 338 χρήσιμοι
1536 291 1582 343 τῇ

257 352 374 393 πόλει
399 351 723 402 ἐδιακονήθησαν.
795 353 828 393 εἰ
851 355 923 404 μὲν
949 351 1022 405 γάρ
1042 369 1100 394 τις
1126 352 1211 406 ἔχει
1233 369 1283 403 με
1307 351 1497 403 ἐπιδεῖξαι
1531 352 1582 394 ὡς

258 419 469 471 ψεύδομαι,
502 420 678 461 ἀναστὰς
710 421 753 460 ἐν
785 423 836 473 τῷ
871 420 950 474 ἐμῷ
980 420 1092 460 ὕδατι
1124 418 1384 472 ἐξελεγξάτω,
1412 420 1434 459 ὅ
1468 437 1506 460 τι
1534 419 1582 460 ἂν

257 485 308 537 μὴ
344 482 401 544 φῇ
424 504 472 538 με
505 487 634 537 ἀληθῆ
670 485 805 538 λέγειν
831 486 927 538 πρὸς
954 487 1065 537 ὑμᾶς·
1104 487 1138 527 εἰ
1162 486 1195 527 δ’
1221 486 1332 527 ἐστὶν
1364 487 1493 538 ἀληθῆ
1520 488 1582 528 καὶ

100 584 193 640 [120
222 585 235 638 ]
256 553 390 604 μηδεὶς
416 553 461 593 ἄν
485 570 552 604 μοι
577 553 754 594 ἀντείποι
778 553 901 595 ἄλλος
920 549 942 604 ἢ
962 553 1088 600 οὗτος,
1111 553 1248 605 δέομαι
1265 555 1373 605 ὑμῶν
1398 553 1583 595 ἁπάντων

197 596 236 685 73
258 621 410 661 δικαίαν
436 620 587 671 δέησιν·
623 621 714 660 ὅσοι
738 622 812 672 μὲν
834 624 910 660 τῶν
939 624 1190 673 στρατιωτῶν
1221 622 1313 661 ἐστε
1343 622 1404 661 καὶ
1435 623 1583 674 παρῆτε

257 689 349 734 ἐκεῖ,
376 687 489 728 αὐτοί
510 705 554 728 τε
573 686 853 738 ἀναμνήσθητε
872 688 935 728 καὶ
952 691 1036 729 τοῖς
1056 687 1396 740 παρακαθημένοις
1413 688 1582 741 φράζετε

258 753 330 804 τήν
361 754 393 793 τ’
419 754 516 805 ἐμὴν
548 756 767 807 προθυμίαν
800 754 862 795 καὶ
891 757 940 795 τὰ
964 753 1179 806 συμβάντα
1205 756 1247 796 ἐν
1272 759 1324 810 τῷ
1351 755 1439 796 τότε
1466 759 1583 810 καιρῷ

258 826 306 878 τῇ
330 821 446 861 πόλει
471 821 682 874 πράγματα
711 822 775 863 καὶ
802 823 874 865 τὰς
905 822 1084 875 ἀπορίας,
1111 823 1177 863 ἵνα
1210 823 1251 863 ἐκ
1280 821 1431 862 τούτων
1456 823 1582 872 εἰδῆτε

258 889 389 929 ὁποῖός
415 890 473 930 τίς
503 889 580 939 εἰμι
606 888 694 941 περὶ
728 889 752 929 ἃ
776 888 824 929 ἂν
858 888 1106 941 προστάξητε
1129 890 1251 941 ὑμεῖς·
1289 889 1378 929 ὅσοι
1402 891 1444 930 δὲ
1469 889 1585 929 αὐτοῦ

258 956 498 1006 ἐπεδημεῖτε,
543 961 638 1013 σιγῇ
679 972 755 1007 μου
797 956 965 996 ἀκοῦσαι
1001 956 1258 1008 διηγουμένου
1293 954 1446 997 ἅπαντα
1486 958 1583 1008 πρὸς

256 1023 367 1073 ὑμᾶς,
395 1023 457 1062 καὶ
491 1022 554 1062 ἐπὶ
579 1023 729 1063 τούτων
760 1022 928 1078 ἑκάστῳ,
956 1023 1013 1065 οἷς
1042 1022 1091 1063 ἂν
1113 1023 1235 1076 λέγω,
1262 1023 1351 1065 τούς
1374 1040 1418 1064 τε
1440 1024 1584 1075 νόμους

256 1088 530 1143 παρεχομένου
567 1090 628 1130 καὶ
669 1091 718 1130 τὰ
753 1090 1012 1143 ψηφίσματα,
1054 1088 1103 1130 τά
1140 1107 1183 1133 τε
1222 1093 1290 1142 τῆς
1325 1092 1479 1142 βουλῆς
1521 1090 1584 1132 καὶ

256 1158 304 1196 τὰ
328 1160 396 1196 τοῦ
421 1155 556 1208 δήμου,
583 1157 647 1198 καὶ
670 1159 742 1200 τὰς
764 1158 990 1210 μαρτυρίας.

215 1240 237 1273 4
323 1222 503 1280 Ἑβδόμῃ
528 1226 604 1276 γὰρ
630 1225 842 1276 φθίνοντος
859 1228 1185 1278 μεταγειτνιῶνος
1202 1224 1326 1277 μηνὸς
1345 1225 1408 1267 ἐπὶ
1436 1225 1581 1265 Μόλω-

257 1307 323 1332 νος
364 1290 570 1344 ἄρχοντος,
614 1292 831 1342 ἐκκλησίας
871 1292 1088 1345 γενομένης
1132 1294 1195 1334 καὶ
1241 1291 1584 1345 εἰσαγγελθέντων

255 1358 347 1408 ὑμῖν
383 1362 547 1398 πολλῶν
584 1358 646 1398 καὶ
687 1358 875 1411 μεγάλων
914 1358 1167 1412 πραγμάτων,
1206 1360 1472 1412 ἐψηφίσασθε
1514 1361 1584 1402 τὰς

257 1428 350 1467 ναῦς
375 1423 580 1465 καθέλκειν
605 1425 696 1467 τοὺς
721 1425 995 1479 τριηράρχους·
1033 1427 1087 1466 ὧν
1112 1427 1176 1467 καὶ
1201 1427 1279 1479 ἐγὼ
1306 1426 1366 1478 ἦν.
1430 1427 1492 1467 καὶ
1515 1425 1584 1467 τὸν

257 1494 330 1543 μὲν
367 1491 501 1543 καιρὸν
536 1491 606 1532 τὸν
642 1494 934 1544 συμβεβηκότα
968 1499 1016 1550 τῇ
1052 1494 1167 1534 πόλει
1191 1493 1281 1535 τότε
1317 1493 1386 1534 οὐκ
1423 1495 1490 1544 ἐμὲ
1525 1497 1587 1534 δεῖ

258 1557 488 1609 διεξελθεῖν,
515 1559 607 1599 ἀλλ’
633 1560 732 1610 ὑμᾶς
758 1559 896 1602 αὐτοὺς
929 1561 1239 1611 ἀναμνησθῆναι,
1268 1561 1328 1602 ὅτι
1353 1563 1482 1611 Τῆνος
1512 1563 1584 1612 μὲν

218 1640 235 1677 5
259 1628 560 1678 καταληφθεῖσα
583 1625 648 1667 ὑπ’
673 1625 937 1680 Ἀλεξάνδρου
958 1625 1309 1679 ἐξηνδραποδίσθη,
1333 1628 1585 1678 Μιλτοκύθης

257 1695 300 1734 δὲ
336 1692 571 1746 ἀφειστήκει
607 1692 685 1734 ἀπὸ
723 1694 872 1736 Κότυος
907 1694 970 1735 καὶ
1006 1693 1202 1746 πρέσβεις
1239 1695 1462 1748 ἐπεπόμφει
1497 1695 1584 1747 περὶ

257 1761 497 1813 συμμαχίας,
518 1763 684 1811 βοηθεῖν
704 1760 875 1801 κελεύων
901 1761 963 1801 καὶ
987 1761 1059 1812 τὴν
1078 1763 1335 1814 Χερρόνησον
1360 1762 1582 1808 ἀποδιδούς,

259 1826 552 1879 Προκοννήσιοι
577 1829 619 1867 δὲ
643 1827 848 1881 σύμμαχοι
871 1830 981 1870 ὄντες
1007 1828 1180 1869 ἱκέτευον
1205 1830 1302 1880 ὑμᾶς
1328 1831 1370 1870 ἐν
1392 1832 1445 1884 τῷ
1477 1827 1584 1884 δήμῳ

257 1896 460 1945 βοηθῆσαι
496 1895 639 1940 αὑτοῖς,
673 1894 861 1947 λέγοντες
892 1896 953 1936 ὅτι
977 1895 1053 1936 ὑπὸ
1086 1896 1313 1946 Κυζικηνῶν
1350 1895 1585 1950 κατέχονται

257 1960 310 2016 τῷ
340 1960 499 2015 πολέμῳ
535 1961 595 2000 καὶ
623 1963 719 2001 κατὰ
747 1965 821 2014 γῆν
849 1962 911 2003 καὶ
941 1965 1038 2003 κατὰ
1069 1962 1282 2009 θάλατταν,
1311 1964 1373 2004 καὶ
1397 1963 1450 2015 μὴ
1475 1980 1582 2015 περι-

309 2075 322 2095 Ῑ
348 2064 541 2107 μικροτέρων
558 2063 596 2095 Sl
757 2076 776 2095 2
801 2065 934 2098 ἕκασται
950 2066 980 2096 Λ
996 2078 1002 2097 :
1028 2067 1152 2099 ἕκαστα
1168 2071 1244 2099 cett.
1371 2067 1522 2108 χρήσιμοι
1540 2066 1583 2099 S:

256 2108 411 2150 χρήσιμαι
429 2108 460 2139 Α
475 2119 482 2140 :
506 2109 651 2150 χρήσιμα.
667 2108 756 2148 vulg.
814 2110 817 2113 ⁴
899 2119 919 2148 3
944 2110 1207 2152 ἐδιακονήθησαν]
1229 2113 1255 2143 δ’
1272 2112 1520 2149 εδιακονήθησαν
1537 2110 1562 2140 S
1578 2121 1585 2141 :

257 2152 486 2190 διεκονήθησαν
501 2153 533 2182 Α
701 2161 720 2191 5
745 2154 847 2191 ἀληθῆ
865 2153 976 2194 λέγειν
992 2153 1028 2191 S,
1047 2154 1088 2186 cf.
1107 2154 1149 2184 vii
1167 2164 1220 2193 43,
1235 2153 1319 2185 Isae.
1333 2155 1367 2184 xi
1384 2164 1420 2193 ¹7
1435 2165 1442 2185 :
1468 2153 1585 2192 ἀληθὲς

257 2194 368 2236 λέγειν
378 2200 455 2227 cett.
546 2197 567 2226 6
583 2194 674 2227 οὗτος
691 2197 710 2234 ἢ
726 2197 827 2228 ἄλλος
843 2196 869 2228 S
958 2207 976 2237 7
1004 2199 1081 2229 ἐστε
1099 2197 1195 2229 codd.
1209 2210 1216 2229 t
1241 2197 1323 2236 ἦστε
1340 2197 1458 2229 Cobet.
1483 2197 1584 2228 immo

256 2238 316 2278 ἣτε
422 2241 443 2270 8
466 2238 735 2280 παρακαθημένοις
745 2240 836 2278 vulg.
854 2251 862 2271 :
885 2239 1187 2282 παρακαθεζομένου
1204 2240 1228 2272 S
1324 2250 1361 2271 12
1383 2240 1459 2281 μου]
1471 2239 1511 2272 τέ
1524 2253 1584 2280 μου

256 2282 289 2312 Α
420 2292 458 2322 15
481 2284 521 2314 τὰ
535 2285 592 2315 τοῦ
610 2281 634 2311 S
651 2293 659 2312 t
680 2286 738 2315 τοῦ
754 2288 833 2315 cett.
909 2285 968 2316 τὰς
982 2285 1153 2326 μαρτυρίας
1171 2284 1216 2315 S:
1240 2285 1314 2317 τοὺς
1329 2284 1487 2326 μάρτυρας
1503 2288 1581 2315 cett.

260 2326 300 2356 16
323 2339 591 2368 μεταγιτνιωντος
608 2324 634 2356 S
726 2332 877 2360 Μωλονος
894 2327 931 2358 S¹
1069 2329 1107 2358 18
1132 2331 1263 2360 πολλῶν
1279 2329 1329 2360 καὶ
1346 2327 1513 2368 μεγάλων]
1532 2327 1582 2359 καὶ

256 2373 390 2402 πολλῶν
405 2371 455 2402 καὶ
472 2373 582 2402 δεινῶν
597 2370 628 2400 Α
696 2381 734 2401 21
762 2374 839 2412 ὑμᾶς
857 2372 970 2404 αὐτοὺς
987 2371 1011 2402 S
1025 2382 1033 2403 τ
1057 2373 1169 2404 αὐτοὺς
1187 2374 1263 2412 ὑμᾶς
1280 2376 1357 2402 cett.
1449 2372 1491 2401 26
1506 2373 1584 2411 post

257 2417 416 2453 βοηθῆσαι
432 2415 507 2446 add.
527 2416 632 2447 αὑτοῖς
648 2415 701 2447 vel
718 2417 825 2448 αὐτοῖς
840 2414 865 2446 S
881 2415 968 2455 vulg.
984 2424 992 2446 :
1018 2425 1083 2448 om.
1100 2416 1131 2445 A
