1763 2778
743 429 901 466 XLVII

243 541 408 583 ΚΑΤΑ
463 541 738 582 ΕΤΕΡΓΟΤ
786 539 894 582 ΚΑΙ
944 535 1400 582 ΜΝΗΣΙΒΟΤΛΟΤ

537 619 1105 660 ΨΕΤΔΟΜΑΡΤΤΡΙΩΝ
1512 625 1643 679 [1138]

714 733 931 763 ὙΠΟΘΕΣΙΣ·

213 806 486 860 Ἐπειγομένων
503 805 709 857 Ἀθηναίων
737 809 786 848 εἷς
811 824 1008 857 στρατειαν
1035 806 1207 856 ναυτικὴν
1237 805 1347 844 ἐνέδει
1376 806 1492 855 σκεύη

159 864 338 913 τριηρικά.
397 863 456 901 καὶ
484 864 670 931 γράφεται
690 863 875 912 ψήφισμα
894 862 987 900 κατὰ
999 862 1123 931 J‘iXOE
1151 862 1385 909 εἰσπράττειν
1408 859 1493 900 τοὺς

162 918 383 966 ὄφειλοντας
408 918 524 967 σκεύη
552 918 722 968 τριηρικό.
745 917 796 968 τῇ
821 918 943 955 πόλει·
974 933 1075 954 ουτοι
1095 916 1124 953 δ’
1144 916 1242 965 ἠσαν
1260 918 1332 953 τῶν
1349 931 1489 964 τετριη-

161 973 400 1024 ραρχηκότων
425 974 529 1013 τινές.
588 973 705 1012 αλλος
731 973 799 1022 μὲν
825 989 888 1010 ουν
914 972 1056 1012 αλλους
1082 971 1316 1020 εἰσπράττειν
1343 968 1489 1020 ἐτάχθη,

125 1040 141 1071 5
163 1029 182 1065 ὁ
203 1027 240 1066 δὲ
259 1029 324 1067 ’νῦν
342 1028 406 1066 τὸν
425 1027 542 1079 λόγον
564 1028 685 1080 λέγων
711 1027 914 1076 Θεόφημον
941 1026 1001 1064 καὶ
1028 1026 1271 1076 Δημοχάρην.
1329 1026 1492 1075 ἀγνωμο-

162 1085 268 1121 νοῦσι
302 1081 332 1120 δ’
361 1083 484 1122 αὐτοῖς
517 1082 621 1131 δικην
649 1083 764 1133 ἔλαχε
793 1082 853 1119 καὶ
888 1080 974 1119 εἷλε.
1034 1080 1094 1118 καὶ
1124 1081 1143 1118 ὃ
1171 1082 1238 1130 μὲν
1268 1079 1494 1129 Δημοχάρης

164 1137 440 1184 ἆποὸέδωκεν,“
425 1155 445 1175 ο
465 1137 503 1174 δὲ
522 1137 754 1186 Θεόφημος’
743 1153 796 1174 ετι
809 1134 1136 1186 μεθοδευό,ιιενος”ἱ
1115 1152 1170 1183 ην.
1230 1134 1495 1183 ψηφισαμένης
1513 1148 1533 1174 2

164 1191 203 1230 δὲ
217 1193 282 1241 τῆς
295 1191 476 1241 βουλῆς“
456 1209 526 1243 οτῳ
541 1208 597 1232 τις
610 1190 654 1230 ἂν
675 1191 824 1241 δύνηται
838 1191 961 1242 τρόπω
977 1190 1062 1230 τοὺς
1078 1189 1299 1238 ὀφείλοντας
1319 1188 1493 1237 εἰσπράτ-

163 1263 248 1293 τειν,
269 1246 357 1295 ἧκεν
377 1247 436 1284 ἐπὶ
457 1263 525 1296 την
548 1246 665 1284 οἰκίαν
683 1248 749 1284 τοῦ
773 1246 976 1294 Θεοφήμου
1000 1244 1106 1285 οὗτος
1126 1245 1145 1281 ὁ
1164 1246 1228 1281 νῦν
1247 1242 1493 1293 δικαζόμενος.

107 1320 145 1342 10
165 1303 204 1339 ἐκ
225 1299 256 1338 δ’
274 1301 480 1353 ἁψιμαχίας
497 1302 649 1353 πληγὰς
664 1302 849 1350 ἀλλήλοις
878 1300 1066 1346 ἐνετειναν,
1091 1298 1151 1336 καὶ
1177 1298 1296 1338 αἰκίας
1324 1315 1392 1336 κατ
1430 1299 1495 1334 ἆλ-

164 1355 292 1405 λήλων
329 1356 431 1395 δίκας
467 1356 687 1408 ἀπήνεγκαν,
725 1356 894 1423 ἑκάτερος
932 1355 1090 1404 φάσκων
1126 1353 1191 1392 τὸν
1229 1353 1351 1402 ἕτερον
1389 1352 1495 1401 ἄρξαι

164 1414 236 1449 τῶν
264 1413 432 1462 πληγῶν·
462 1413 572 1449 τοῦτο
600 1412 672 1463 γὰρ
694 1410 739 1459 ὴν
759 1411 782 1458 ἡ
803 1411 911 1448 αἰκία.
969 1408 1146 1459 πρότερος
1173 1406 1237 1446 οὐν
1267 1406 1490 1445 εἰσελθὼν“
1475 1424 1495 1444 ο

166 1465 366 1515 Θεόφημος
402 1466 614 1517 παρέσχετο
658 1467 844 1514 μάρτυρας
888 1464 1054 1515 Εὔεργον
1100 1481 1160 1501 και
1204 1461 1493 1512 Μνησιβουλον,

164 1520 230 1559 τὸν
261 1522 330 1570 μὲν
361 1519 526 1569 ἀδελφὸν
559 1518 635 1558 ὅνθ
669 1521 808 1566 ἑαυτοῦ,
840 1518 906 1557 τὸν
938 1518 976 1556 δὲ
1011 1517 1203 1567 κηδεστήν.
1261 1518 1296 1555 οἳ
1329 1515 1359 1555 δ’
1390 1519 1496 1566 ἐμαρ-
1515 1528 1536 1565 3

110 1594 145 1625 15
165 1575 331 1625 τύρησαν
359 1575 416 1613 ὅτι
444 1575 644 1624 Θεόφημος
668 1576 736 1624 μὲν
762 1574 943 1623 ἐβούλετο
968 1572 1196 1622 παραδοῦναι
1214 1571 1282 1621 τὴν
1304 1571 1497 1620 ανθρωπον

168 1631 217 1669 εἷς
235 1630 409 1680 βάσανον
427 1630 494 1679 τὴν
513 1632 706 1679 παροῦσαν
724 1630 772 1680 τῇ
790 1630 905 1679 μάχῃ,
930 1625 972 1665 ἷ”ν
994 1628 1077 1677 εἴπῃ
1097 1626 1379 1676 βασανιζομένη
1393 1626 1497 1663 πότε-

167 1701 230 1734 ρος
248 1684 385 1734 ἤρξατο
403 1687 475 1723 τῶν
493 1686 658 1751 πληγῶν,
680 1686 795 1722 ταῦτα
816 1683 855 1721 δὲ
872 1682 1179 1733 προκαλουμένου
1203 1683 1269 1719 τοῦ
1295 1680 1498 1730 Θεοφήμου

169 1739 230 1776 καὶ
262 1738 526 1789 παραδιδόντος
554 1740 622 1787 τὴν
656 1738 878 1789 θεράπαιναν
911 1739 977 1775 οὐκ
1012 1736 1170 1781 ἐδέξατο.
1227 1735 1336 1775 τέλος
1366 1735 1400 1771 οἱ
1429 1736 1498 1784 μὲν

169 1792 341 1831 δικασταὶ
373 1794 422 1844 τῇ
454 1811 637 1845 μαρτυριᾳ
668 1793 880 1832 πεισθέντες
913 1793 1005 1840 ὑπὲρ
1037 1790 1238 1840 Θεοφήμου
1270 1788 1339 1838 τὴν
1369 1790 1498 1839 ψῆφον

109 1864 149 1887 20
169 1848 342 1894 ἔθεντο,”
327 1866 347 1886 ο
367 1848 395 1886 δ’
415 1848 584 1898 ἡττηθεὶς
603 1850 679 1888 τοῖς
696 1848 879 1898 μάρτυσιν
899 1848 944 1887 ὡς
964 1846 1210 1898 ψευσαμένοις
1230 1844 1421 1891 δικάζεται.
1516 1855 1652 1911 [1139]

237 1962 381 2001 Καλῶς
416 1975 484 2011 μοι
511 1962 696 2000 δοκοῦσιν
728 1959 765 1999 οἱ
797 1958 911 2010 νόμοι
936 1957 1058 2011 ἔχειν,
1084 1953 1115 1997 ὠ
1139 1955 1277 2008 ἄνδρες
1301 1954 1496 1999 δικασταί,

171 2027 208 2067 οἳ
231 2027 451 2068 ὑπόλοιπον
476 2026 611 2080 ἀγῶνα
635 2026 850 2067 ἀποδόντες
874 2029 958 2066 ταῖς
984 2024 1107 2066 δίκαις
1126 2020 1231 2076 <τὸν>
1249 2026 1327 2063 τῶν
1349 2024 1496 2075 ψευδο-

170 2094 401 2147 μαρτυρίων,
440 2095 516 2142 ἵνα,
552 2096 587 2135 εἴ
621 2109 681 2135 τις
718 2092 917 2145 μάρτυρας
951 2093 1001 2132 τὰ
1040 2093 1170 2145 ψευδῆ
1208 2092 1499 2142 μαρτυροῦντας

171 2161 478 2216 παρασχόμενος
496 2158 520 2213 ἦ
540 2158 782 2214 προκλήσεις
806 2159 859 2212 μὴ
884 2158 1098 2213 γενομένας
1115 2154 1139 2208 ἢ
1158 2157 1370 2209 μαρτυρίας
1394 2156 1499 2207 παρὰ

218 2281 279 2302 1-2
304 2271 426 2304 ἐνεδει.
473 2272 546 2304 ,καὶ
564 2281 630 2303 om
650 2271 680 2301 D
851 2280 881 2309 2,
896 2279 915 2308 3
939 2267 1083 2311 τριηρικά
1100 2266 1268 2298 Dindorf:
1292 2263 1499 2308 τριηραρχικά

172 2315 269 2346 codd.
377 2326 397 2345 2
421 2317 470 2348 καὶ
489 2315 644 2357 γράφεται
663 2315 688 2345 F
703 2315 758 2346 D:
781 2327 830 2356 γρ.
849 2320 903 2345 ουν
920 2312 945 2343 S
1048 2320 1067 2351 5
1085 2310 1263 2352 Δημοχάρη
1280 2309 1347 2340 FD
1461 2318 1501 2338 10

174 2358 243 2391 κατ’
262 2358 416 2390 Reiske:
440 2361 490 2392 καὶ
508 2373 569 2391 κατ
573 2359 696 2390 ’.codd
859 2366 897 2395 13
919 2356 1077 2398 μάρτυρας
1093 2354 1193 2385 Ald.:
1216 2354 1385 2395 μαρτυρίας
1400 2351 1498 2382 codd.

177 2403 215 2432 18
240 2402 386 2444 ἐδέξαντο
402 2403 512 2441 codd,
540 2413 627 2434 corr.
648 2402 747 2434 Wolf
889 2410 929 2430 22
954 2402 982 2432 οἱ
1007 2398 1097 2429 SA:
1119 2408 1184 2429 om.
1203 2396 1316 2435 FQD
1426 2395 1501 2426 ἆπο-

174 2445 282 2479 δόντες
299 2445 324 2477 S
336 2446 367 2476 A
384 2457 391 2477 τ
416 2447 620 2479 ἀποδιδόντες
638 2446 663 2476 F
674 2445 705 2485 Q
721 2445 751 2475 D
840 2446 898 2477 τὸν
913 2444 988 2474 add.
1011 2442 1145 2473 Dobree
