1763 2778
123 147 255 203 [1241]

210 557 256 582 20

678 139 1207 196 [ΔΗΜΟΣΘΕΝΟΎΣ]
1538 138 1600 195 [m

276 246 500 291 ἀποδοῦναι,
529 250 660 302 σιωπῇ
685 246 867 298 οἴχεσθαι
892 244 1073 290 ἀπιόντα,
1094 243 1208 284 οὐδὲν
1232 243 1322 283 οὔτε
1340 241 1600 295 ἀμφισβητή-

277 329 402 353 σαντα
428 311 508 352 οὔτ’
535 311 740 352 ἀπειπόνθ’
767 313 868 368 αὐτῷ
895 312 983 363 περὶ
1013 315 1082 351 τοῦ
1113 310 1310 362 ἀργυρίου,
1337 309 1486 350 τούτων
1510 311 1600 362 ὑμῖν

275 378 344 421 τάς
368 396 411 421 τε
433 380 644 431 μαρτυρίας
669 378 895 432 ἀμφοτέρας
922 380 983 419 καὶ
1009 377 1078 418 τὸν
1102 378 1225 429 νόμον
1248 377 1537 430 ἀναγνώσεται.

717 477 940 504 ΜΑΡΊὝΡΙΑῙ.
994 475 1152 504 ΝΟΜΟΣ.

343 539 446 593 Φέρε
471 539 515 591 δὴ
541 540 645 592 ὑμῖν,
673 538 702 580 ὦ
728 540 864 593 ἄνδρες
890 540 1084 585 δικασταί,
1113 539 1163 581 ὡς
1189 538 1268 579 οὐδ’
1293 540 1436 592 ἐχρῆτο
1461 538 1600 579 Λύκων
1620 553 1638 585 5

275 611 329 662 τῷ
367 608 590 667 Καλλίππῳ
628 607 822 658 ἐπιδείξω·
861 607 968 658 οἶμαι
1004 604 1079 659 γάρ
1111 607 1152 648 τί
1179 623 1246 657 μοι
1278 606 1339 646 καὶ
1363 608 1476 646 τοῦτο
1501 605 1602 646 εἶναι

275 691 372 727 προς
395 674 466 725 τὴν
491 675 726 724 ἀλαζονείαν
750 674 821 725 τὴν
844 674 998 714 τουτουὶ
1026 677 1094 713 τοῦ
1128 672 1356 725 φάσκοντος
1388 674 1489 727 αὑτῷ
1525 676 1597 713 δω-

274 743 368 794 ρεὰν
393 743 554 792 δοθῆναι
578 744 623 781 τὸ
648 742 833 794 ἀργύριον
852 745 966 781 τοῦτο
986 741 1091 792 παρὰ
1109 744 1178 780 τοῦ
1196 740 1392 782 Λύκωνος.
1455 742 1600 782 ἐκεῖνος

275 809 350 861 γὰρ
388 808 675 860 τετταράκοντα
712 811 812 859 μνᾶς
849 808 1009 849 ἔκδοσιν
1048 807 1182 850 ἐκδοὺς
1219 809 1274 849 εἰς
1302 807 1430 857 ’Ἄκην
1466 809 1601 859 Μεγα-

279 875 414 932 κλείδῃ
450 879 502 930 τῷ
539 875 775 931 Ἐλευσινίῳ
814 876 875 916 καὶ
913 874 1143 929 Θρασύλλῳ
1178 878 1231 929 τῷ
1267 875 1429 929 ἀδελφῷ
1471 873 1599 920 αὐτοῦ,

275 941 494 993 μεταδόξαν
513 942 614 997 αὐτῷ
633 942 685 993 μὴ
706 944 837 983 ἐκεῖσε
856 947 972 984 πλεῖν
990 944 1089 993 μηδὲ
1108 941 1356 987 κινδυνεύειν,
1378 940 1601 993 ἐγκαλέσας

119 1009 257 1065 [1242]
278 1026 314 1050 τι
337 1013 390 1064 τῷ
416 1011 673 1066 Μεγακλείδῃ
699 1010 786 1062 περὶ
811 1014 887 1050 τῶν
912 1011 1038 1050 τόκων
1063 1009 1115 1051 ὡς
1145 1007 1438 1060 ἐξηπατημένος
1467 1008 1599 1060 διεφέ-

212 1159 253 1185 21

209 1653 252 1678 22

209 2057 252 2091 23

275 1093 366 1129 ρετο
405 1077 465 1116 καὶ
503 1076 710 1127 ἐδικάζετο,
748 1077 996 1129 βουλόμενος
1030 1075 1103 1126 τὴν
1143 1076 1303 1116 ἔκδοσιν
1345 1077 1600 1126 κομίσασθαι.

277 1145 428 1197 συχνῆς
460 1146 502 1184 δὲ
534 1143 635 1184 πάνυ
667 1146 935 1197 πραγματείας
964 1143 1052 1196 περὶ
1081 1147 1255 1184 τοσαῦτα
1281 1141 1464 1196 χρήματα
1486 1159 1598 1195 γενο-

272 1209 405 1262 μένης,
433 1210 502 1251 τὸν
526 1213 598 1262 μὲν
622 1210 862 1252 Κάλλιππον
888 1212 907 1251 6
933 1211 1070 1251 Λύκων
1100 1210 1267 1262 οὐδαμοῖ
1292 1210 1451 1251 πώποτε
1479 1226 1597 1262 παρε-

274 1277 460 1324 κάλεσεν,
499 1277 567 1318 τὸν
607 1280 648 1318 δὲ
687 1277 958 1332 Ἀρχεβιάδην
997 1277 1060 1318 καὶ
1096 1277 1188 1320 τοὺς
1227 1280 1297 1318 τοῦ
1335 1275 1602 1331 Ἀρχεβιάδου

273 1346 428 1398 φίλους·
468 1346 530 1386 καὶ
564 1344 584 1384 6
615 1345 832 1396 διαλλάξας
868 1345 1007 1386 αὐτοὺς
1042 1343 1311 1397 Ἀρχεβιάδης
1349 1342 1409 1394 ἦν.
1471 1343 1523 1386 ὡς
1560 1346 1602 1383 δὲ

273 1412 401 1463 ἀληθῆ
426 1411 547 1464 λέγω,
573 1411 723 1453 τούτων
747 1414 838 1465 ὑμῖν
867 1412 985 1453 αὐτὸν
1017 1411 1086 1452 τὸν
1119 1413 1399 1465 Μεγακλείδην
1426 1410 1602 1463 μάρτυρα

273 1478 502 1532 παρέξομαι.

833 1577 1042 1605 ΜΑΡΊὝΡΙΑ.

340 1641 502 1681 Οὑτωσὶ
525 1643 598 1692 μὲν
631 1641 783 1682 οἰκείως
815 1642 1002 1693 φαίνεται
1033 1642 1249 1694 χρώμενος,
1276 1637 1305 1680 ὦ
1329 1639 1467 1692 ἄνδρες
1492 1642 1598 1679 δικα-

275 1707 379 1753 σταί,
407 1707 428 1747 6
452 1707 592 1748 Λύκων
616 1711 669 1762 τῷ
697 1709 934 1763 Καλλίππῳ,
957 1709 1063 1749 ὥστε
1086 1709 1183 1760 μήτε
1213 1710 1458 1759 παρακαλεῖν
1482 1706 1600 1747 αὐτὸν

273 1775 338 1815 ἐπὶ
363 1773 412 1814 τὰ
437 1776 554 1815 αὑτοῦ
579 1774 790 1827 πράγματα
818 1773 916 1825 μήτε
951 1775 1192 1828 κατάγεσθαι
1224 1775 1276 1817 ὡς
1309 1778 1447 1815 τοῦτον
1481 1776 1598 1825 μηδε-

273 1841 445 1882 πώποτε·
499 1842 560 1882 καὶ
601 1841 696 1882 αὐτό
738 1859 785 1894 γε
825 1845 940 1882 τοῦτο
986 1842 1110 1893 μόνον
1149 1842 1193 1882 οὐ
1232 1840 1523 1893 τετολμήκασιν
1564 1842 1601 1881 οἶ

275 1909 412 1948 οἰκεῖοι
447 1905 520 1960 (οἱ)
554 1909 694 1949 τούτου
728 1911 988 1961 μαρτυρῆσαι,
1028 1909 1079 1951 ὡς
1116 1908 1305 1961 κατήγετο
1341 1909 1445 1959 παρὰ
1477 1908 1600 1962 τούτῳ
1647 1923 1659 1930 ·

274 1976 435 2021 ἐκεῖνος,
463 1976 504 2016 εὖ
531 1976 675 2016 εἰδότες
701 1977 761 2016 ὅτι
786 1977 849 2016 διὰ
873 1975 1059 2027 βασάνου
1083 1977 1126 2016 ἐκ
1149 1980 1226 2016 τῶν
1252 1977 1413 2016 οἰκετῶν
1439 1976 1459 2014 6
1484 1975 1598 2027 ἔλεγ-

273 2059 345 2095 χος
381 2042 452 2093 ἤδη
495 2042 641 2088 ἔσοιτο,
683 2045 719 2084 εἴ
755 2059 792 2083 τι
832 2046 987 2083 τοιοῦτο
1028 2043 1260 2096 ψεύσοιντο.
1330 2042 1531 2093 βούλομαι
1566 2041 1598 2081 δ’

273 2109 364 2160 ὑμῖν
385 2110 446 2149 καὶ
465 2109 676 2161 τεκμήριόν
694 2127 732 2150 τι
752 2111 878 2151 εἰπεῖν
906 2113 1149 2161 τηλικοῦτον,
1172 2108 1201 2166 ᾧ
1216 2112 1337 2161 δῆλον
1356 2110 1445 2160 ὑμῖν
1470 2108 1597 2154 ἔσται,

321 2228 333 2248 1
361 2219 656 2259 ἀμφισβητήσαντα
681 2229 746 2258 mg.
765 2220 817 2250 ed.
838 2219 942 2250 Paris.
958 2230 965 2250 ε
990 2219 1285 2259 ἀμφισβητήσοντα
1301 2219 1390 2257 vulg.
1504 2228 1523 2248 2
1542 2219 1598 2250 ἀπ-

275 2261 390 2294 ειπόνθ’
402 2265 484 2303 αὑτῷ
495 2262 678 2293 Schaefer:
695 2262 861 2295 ἆπειπόντ’
873 2264 969 2294 αὐτὸν
980 2263 1079 2293 codd.
1153 2273 1171 2302 7
1189 2261 1356 2301 ἀλαζονίαν
1368 2262 1392 2292 S
1465 2272 1487 2301 9
1497 2262 1600 2300 ’Ἄκην

273 2305 431 2336 Valesius
447 2306 521 2337 coll.
536 2306 701 2345 Harpocr.
721 2316 747 2337 s.
759 2317 790 2337 v.
805 2306 888 2344 Ἄκη
907 2306 1013 2345 (πόλις
1031 2308 1110 2344 αὕτη
1130 2307 1163 2338 ἐν
1179 2307 1315 2347 Φοινίκῃ·
1341 2305 1548 2345 Δημοσθένης
1566 2307 1599 2337 ἐν

274 2351 319 2390 τῷ
333 2350 409 2390 πρὸς
426 2349 632 2390 Κάλλιππον)
652 2361 658 2381 :
683 2351 810 2392 Θρᾴκην
827 2350 923 2381 codd.
1069 2359 1102 2379 11
1129 2351 1214 2391 αὐτῷ
1231 2349 1328 2380 codd.
1348 2359 1355 2379 ε
1379 2350 1486 2380 αὐτοῖς
1503 2348 1603 2379 Wolf

278 2402 316 2431 15
340 2395 475 2433 οὐδαμοῦ
495 2392 560 2423 FD
650 2403 688 2423 21
715 2394 878 2435 χρώμενος
894 2394 1039 2435 φαίνεται
1057 2393 1082 2423 F
1094 2393 1124 2432 Q
1139 2393 1170 2423 D
1259 2402 1300 2431 25
1323 2390 1384 2434 (οἱ)
1403 2393 1478 2422 add.
1502 2391 1597 2424 Turr.

274 2437 317 2466 26
339 2436 482 2473 Βασάνου
495 2436 518 2467 S
536 2446 622 2467 corr.
635 2437 725 2476 vulg.
740 2448 749 2469 τ
773 2437 925 2474 βασάνων
941 2437 979 2469 5ι
999 2442 1034 2469 ut
1050 2437 1116 2469 vid.
1301 2445 1341 2475 27
1366 2436 1535 2478 ψεύσοιντο
1552 2435 1576 2466 S
1591 2447 1598 2466 z

273 2480 446 2522 ψεύσαιντο
462 2480 548 2520 vulg.

1625 891 1664 913 10

1623 1590 1662 1611 20
