1763 2778
126 120 213 176 xm]
475 124 637 162 RATA
684 124 1026 161 ΣΤΕΦΑΝΟΎ
1071 124 1105 161 Α
1475 113 1606 167 [1119]

127 225 240 264 οὐδὲν
267 221 359 263 ἄλλ’
393 223 502 276 εἶχον
539 224 704 272 ποιῆσαι
740 221 846 272 πλὴν
882 221 1186 273 ὑπολαμβάνειν
1222 221 1294 272 τὴν
1331 221 1456 275 ἀρχὴν

126 289 352 341 ἠδικηκέναι
383 307 433 341 με
462 289 525 330 καὶ
555 288 625 329 τὸν
657 290 795 342 ἐχῖνον
828 288 1083 339 κεκινηκέναι.
1138 292 1205 330 νῦν
1238 289 1271 329 δ’
1303 289 1373 342 ἀφ’
1402 291 1456 330 ὧν

126 359 293 409 ὕστερον
311 356 528 408 πέπυσμαι,
549 355 646 408 πρὸς
671 356 771 412 αὐτῷ
797 360 850 412 τῷ
877 358 1053 413 διαιτητῇ
1077 355 1284 409 Στέφανον
1303 357 1457 397 τουτονὶ

128 424 248 475 αὐτὴν
271 423 525 481 ὑφῃρημένον
551 422 730 476 εὑρίσκω,
758 423 854 475 πρὸς
877 424 1091 476 μαρτυρίαν
1114 423 1189 464 τιν’
1213 423 1262 464 ἵν’
1290 423 1455 476 ἐξορκώ-

89 511 105 541 5
128 509 253 543 σαιμι,
281 490 528 534 ἀναστάντος
554 492 660 542 ἐμοῦ.
708 492 771 532 καὶ
796 492 855 531 ὅτι
880 490 987 531 ταῦτ’
1007 492 1135 542 ἀληθῆ
1158 490 1279 543 λέγω,
1301 495 1457 543 πρῶτον

126 561 199 610 μὲν
222 558 312 610 ὑμῖν
334 558 656 612 μαρτυρήσουσιν
689 563 766 599 τῶν
798 558 952 601 τούτοις
984 559 1192 610 παρόντων
1223 560 1260 599 οἱ
1295 559 1455 599 ἰδόντες.

127 626 172 666 οὗ
195 628 270 679 γὰρ
297 625 506 678 ἐξομνύναι
523 624 726 676 ’θελήσειν
749 625 891 668 αὐτοὺς
915 627 1057 676 οἴομαι.
1110 627 1179 666 ἐὰν
1197 625 1230 666 δ’
1251 625 1324 678 ἄρα
1343 629 1456 665 τοῦτο
1478 646 1521 683 59

128 692 353 743 ποιήσωσιν
382 692 446 734 ὑπ’
473 694 683 739 ἀναιδείας,
715 693 938 745 πρόκλησιν
966 692 1058 744 ὑμῖν
1090 693 1377 745 ἀναγνώσεται,
1414 692 1461 743 ἐξ

127 760 172 811 ἧς
195 760 356 803 τούτους
372 759 407 800 τ’
422 761 700 813 ἐπιορκοῦντας
722 759 784 801 ἐπ’
811 760 1029 815 αὐτοφώρῳ
1053 759 1253 812 λήψεσθε,
1281 760 1345 800 καὶ
1368 760 1454 800 ”rofi-

68 845 108 867 10
126 844 194 867 τον
214 828 356 879 ὁμοίως
373 827 628 883 ὑφῃρημένον
643 827 714 877 τὴν
729 828 943 880 μαρτυρίαν
959 829 1132 868 εἴσεσθε.
1189 828 1312 867 καίτοι
1330 828 1458 873 ὄστιςζ

126 892 155 934 ὦ
191 894 329 947 ἄνδρες
361 893 578 946 Ἀθηναῖοι,
617 899 747 935 κακῶν
782 895 1005 947 ἀλλοτρίων
1043 895 1213 945 κλέπτης
1249 894 1457 945 ὑπέμεινεν

127 962 411 1013 ὀνομασθῆναι,
445 963 486 1002 τί
525 961 574 1003 ἂν
607 962 773 1014 ἡγεῖσθε
810 964 979 1013 ποιῆσαι
1006 966 1147 1002 τοῦτον
1185 963 1282 1014 ὑπὲρ
1319 963 1454 1009 αὑτοῢ;

126 1027 224 1081 λέγε
244 1028 316 1080 τὴν
340 1030 555 1081 μαρτυρίαν
579 1025 679 1080 [εἶτα
698 1029 770 1080 τὴν
796 1030 1019 1081 πρόκλησιν
1043 1026 1214 1081 ταύτην].
1475 1041 1521 1075 60

684 1127 896 1154 ΜΑΡΤὙῬῙΑ.

68 1195 104 1226 15
181 1185 426 1233 Μαρτυροῧσι
446 1184 555 1232 φίλοι
576 1183 665 1221 εἶναι
686 1184 745 1221 καὶ
767 1185 962 1233 ἐπιτήδειοι
982 1186 1176 1234 Φορμίωνι,
1205 1184 1263 1222 καὶ
1290 1187 1458 1234 παρεῖναι

126 1236 217 1287 πρός
235 1241 285 1290 τῷ
306 1237 473 1288 διαιτητῇ
491 1238 631 1289 Τεισίᾳ,
655 1237 716 1276 ὅτε
734 1238 780 1288 ἦν
807 1239 1000 1287 ἀπόφασις
1025 1242 1089 1288 τῆς
1117 1240 1254 1288 διαίτης
1272 1237 1458 1276 Ἀπολλο-

127 1291 228 1344 δώρῳ
259 1292 352 1342 πρὸς
385 1293 591 1342 Φορμίωνα,
628 1293 688 1330 καὶ
722 1293 854 1331 εἰδέναι
886 1294 954 1342 τὴν
988 1295 1190 1343 μαρτυρίαν
1222 1294 1459 1344 ὑφῃρημένον

127 1346 330 1396 Στέφανον,
353 1345 398 1396 ἣν
418 1350 577 1385 αἰτιᾶται
597 1347 708 1386 αὐτὸν
727 1346 1013 1398 Ἀπολλόδωρος
1031 1349 1253 1396 ὑφελέσθαι.

185 1423 246 1465 *H
269 1428 513 1478 μαρτυρεῖτε,
536 1420 562 1478 ἢ
585 1424 851 1477 ἐξομόσασθε.

66 1520 107 1542 ²0
680 1523 899 1552 ΕΞΩΜΟΣῙΑ.

193 1585 278 1625 Οὐκ
305 1585 452 1637 ἄδηλον
489 1584 550 1636 ἦν,
588 1584 616 1625 ὦ
654 1586 791 1639 ἄνδρες
820 1588 1015 1633 δικασταί,
1054 1588 1113 1627 ὅτι
1148 1587 1252 1627 τοῦτ’
1286 1588 1457 1638 ἔμελλον
1476 1602 1516 1634 61

127 1650 324 1703 ποιήσειν,
374 1653 582 1705 προθύμως
631 1653 871 1705 ἐξομεῖσθαι.
944 1655 1007 1695 ἵνα
1053 1655 1184 1695 τοίνυν
1231 1654 1455 1707 παραχρῆμ’

128 1718 424 1773 ἐξελεγχθῶσιν
443 1721 738 1772 ἐπιωρκηκότες,
766 1720 873 1772 λαβέ
895 1739 964 1773 μοι
977 1722 1124 1772 ταύτην
1149 1721 1220 1772 τὴν
1243 1724 1457 1774 μαρτυρίαν

129 1786 192 1826 καὶ
215 1785 285 1836 τὴν
309 1787 543 1839 πρόκλησιν.
616 1789 906 1841 ἀναγίγνωσκε.

68 1892 83 1913 2
90 1891 106 1922 5
523 1880 749 1913 'MAPrTP1A.
798 1887 1041 1915 ΠΡΟΚΛΗΣΙΣ.
1477 1879 1612 1934 [1120]

182 1944 425 1992 Μαρτυροῦσι
439 1945 606 1992 παρεῖναι
621 1943 683 1981 ὅτε
701 1942 988 1993 Ἀπολλόδωρος
1003 1945 1249 1993 προύκαλεῖτο
1266 1945 1458 1992 Στέφανον

128 1996 352 2046 παραδοῦναι
384 1997 449 2036 τὸν
485 1997 600 2036 παῖδα
637 1998 702 2037 τὸν
740 1998 947 2036 ἀκόλουθον
986 2000 1034 2038 εἷς
1071 1999 1244 2048 βάσανον
1282 2000 1363 2048 περὶ
1393 2001 1457 2048 τῆς

177 2109 191 2130 1
217 2103 347 2139 ποιῆσαι
364 2100 447 2131 secl.
466 2100 565 2131 Blass
719 2112 739 2140 4
763 2101 876 2142 αὐτὴν]
894 2101 1017 2140 ταύτην
1034 2101 1132 2133 Blass
1291 2113 1326 2132 11
1353 2106 1457 2135 κακῶν

130 2143 187 2173 vix
207 2154 336 2174 sanum.
377 2145 426 2176 καὶ
443 2148 507 2176 τῶν
525 2144 614 2175 coni.
629 2144 766 2185 Sandys
782 2156 789 2183 3
815 2147 895 2177 ἑκὼν
912 2146 1061 2185 Sandys,
1078 2145 1258 2184 Gebauer3
1282 2146 1374 2178 ἕνεκα
1393 2149 1458 2178 τῶν

134 2186 312 2218 Richards.
348 2197 412 2226 ego
427 2188 502 2218 coll.
519 2188 622 2218 Isocr.
638 2189 720 2219 xviii
732 2191 773 2227 56
784 2189 856 2218 loco
870 2189 924 2219 vel
938 2189 1121 2227 simillimo,
1135 2190 1209 2221 κάπὶ
1223 2190 1290 2230 (vel
1306 2191 1381 2227 κάκ)
1394 2193 1457 2221 τῶν

131 2230 323 2270 scripserim
482 2241 519 2261 12
544 2234 675 2270 ποιῆσαι
690 2235 807 2264 τοῦτον
823 2233 944 2262 iniuria
961 2233 1039 2263 secl.
1060 2233 1158 2265 Blass
1269 2233 1344 2274 ὑπὲρ
1361 2236 1456 2264 αὑτοῦ

134 2273 159 2303 F
173 2286 224 2314 γρ.
239 2273 270 2312 Q
287 2287 338 2314 γρ.
358 2285 366 2305 t
389 2275 493 2306 ἄλλον
510 2288 568 2306 του
586 2274 609 2304 S
624 2275 648 2305 F
660 2275 690 2313 Q
704 2275 734 2305 D
758 2276 894 2306 ‘sensui
916 2277 1125 2307 satisfaceret
1151 2276 1299 2316 δεομένου
1321 2290 1378 2307 του
1402 2277 1455 2306 vel

133 2316 298 2349 αι’τοῦντός
314 2331 380 2357 του,
401 2318 442 2348 cf.
465 2320 480 2355 ξ,
498 2317 560 2347 62'
581 2317 717 2358 Sauppe
891 2329 928 2357 13
953 2321 1022 2352 εἶτα
1039 2342 1046 2350 .
1067 2344 1074 2351 .
1097 2345 1104 2352 .
1121 2320 1244 2358 ταύτην
1260 2321 1324 2350 del.
1340 2319 1457 2357 Rfiger

137 2361 242 2398 15-18
265 2361 388 2391 testim.
409 2372 474 2392 om.
495 2361 518 2391 S
664 2373 702 2400 19
723 2364 741 2400 ἢ
759 2362 868 2403 prius]
888 2364 906 2401 ἢ
922 2363 980 2403 μὲν
998 2364 1033 2402 S,
1053 2378 1079 2395 ει
1095 2364 1136 2393 ab
1155 2363 1220 2393 alia
1237 2374 1335 2394 manu
1353 2373 1456 2402 super

133 2417 153 2442 η
169 2403 296 2443 scripto
311 2415 319 2434 2
342 2404 422 2444 ἧμεν
437 2405 463 2434 F
478 2418 527 2445 γρ.
626 2416 662 2435 21
692 2406 844 2446 ἔμελλον]
865 2406 1002 2445 ἔμελλον
1020 2406 1105 2438 οὗτοι
1123 2407 1152 2444 Q
1170 2420 1219 2448 γρ.
1319 2417 1358 2436 22
1384 2420 1455 2447 προ-

135 2447 234 2487 θύμως
251 2449 425 2488 ἐξομεῖσθαι
442 2449 507 2478 del.
529 2448 642 2478 Naber
772 2451 814 2478 26
837 2460 909 2488 sqq.
931 2450 1052 2480 testim.
1071 2461 1135 2481 om.
1157 2450 1180 2479 S
