1763 2778
173 127 237 182 m]
543 131 704 170 ΠΡΟΣ
753 130 1131 169 ΚΑΛΛΙΠΠΟΝ
1520 129 1661 185 [1244]

173 233 245 283 μὲν
281 231 397 283 ὅρκου
432 230 545 271 οὐδὲν
579 229 681 284 αὐτῷ
715 229 870 280 ἔμελεν,
903 229 989 280 μεθ’
1023 229 1138 281 ὅρκου
1161 230 1204 269 δὲ
1234 229 1334 270 ἴσως
1357 226 1406 268 ἂν
1431 228 1498 268 οὐκ

173 297 361 349 ἠδίκησεν
385 299 448 338 διὰ
473 297 517 338 τὸ
550 298 666 338 αὑτοῦ
697 298 810 338 ἴδιον·
849 296 983 347 διόπερ
1017 296 1219 347 ἀνώμοτος
1251 295 1498 347 ἀπεφήνατο.

174 365 225 408 ὣς
261 367 303 407 δὲ
337 365 464 416 ἆληθῆ
499 366 620 417 λέγω,
655 364 719 404 καὶ
749 364 901 405 τούτων
928 364 1018 415 ὑμῖν
1043 363 1131 404 τοὺς
1157 362 1499 415 παραγενομένους

171 431 367 484 μάρτυρας
391 430 620 484 παρέξομαι.

136 537 152 567 5
728 530 947 559 ΜΑΡΊῪΡΕΣ.

231 593 286 634 “O
321 610 359 634 τι
393 596 466 645 μὲν
489 594 552 634 καὶ
588 593 694 645 παρὰ
728 593 819 635 τοὺς
854 594 997 643 νόμους
1032 592 1095 633 καὶ
1132 593 1238 644 παρὰ
1272 590 1317 632 τὸ
1351 593 1500 632 δίκαιον
1521 608 1563 642 32

174 662 336 702 δύναται
366 659 676 713 διαπράττεσθαι
702 659 955 706 Κάλλιππος,
984 657 1014 699 ὦ
1037 659 1176 711 ἄνδρες
1210 660 1404 704 δικασταί,
1431 661 1500 709 τῆς

171 729 381 781 μαρτυρίας
407 727 611 778 ἀκηκόατε.
683 726 820 778 δέομαι
843 729 885 767 δὲ
910 728 1017 777 ὑμῶν
1041 725 1156 768 αὐτός
1179 742 1223 766 τε
1251 727 1351 777 ὑπὲρ
1381 727 1497 776 ἐμαυ-
1521 726 1658 780 [1245]

171 799 241 835 τοῦ
268 795 330 836 καὶ
364 796 462 848 ὑπὲρ
495 798 564 835 τοῦ
597 794 754 846 πατρός,
787 793 1111 845 ἀναμνησθέντας
1145 794 1205 833 ὅτι
1238 792 1398 834 πάντων
1427 795 1500 844 μὲν

115 877 153 900 10
172 863 263 913 ὑμῖν
300 862 362 902 καὶ
402 861 598 915 μάρτυρας
644 862 705 901 καὶ
741 860 928 913 τεκμήρια
971 861 1033 901 καὶ
1068 860 1210 911 νόμους
1248 861 1308 900 καὶ
1346 861 1501 902 πίστεις

173 930 432 982 παρεσχόμην
472 930 526 970 ὧν
568 930 714 981 εἴρηκα,
759 928 882 983 τούτῳ
926 931 967 969 δὲ
1009 928 1250 979 ἐπιδείκνυμι
1291 929 1352 968 ὅτι
1394 926 1497 978 ἐξόν,

174 998 282 1049 εἴπερ
313 1013 350 1037 τι
380 997 482 1051 αὐτῷ
516 998 716 1049 προσῆκεν
738 999 808 1036 τοῦ
834 995 1032 1048 ἀργυρίου,
1060 995 1123 1036 ἐπὶ
1147 995 1216 1036 τὸν
1242 995 1500 1047 Κηφισιάδην

172 1064 350 1115 βαδίζειν
368 1063 436 1104 τὸν
461 1064 735 1116 ὁμολογοῦντα
761 1064 990 1114 κεκομίσθαι
1015 1063 1077 1103 καὶ
1097 1062 1205 1116 ἔχειν
1230 1062 1274 1102 τὸ
1300 1063 1497 1115 ἀργύριον,

174 1132 236 1172 καὶ
263 1135 385 1172 ταῦτα
414 1133 536 1182 μηδὲν
567 1131 686 1182 ἦττον
710 1130 758 1171 τὰ
787 1132 909 1172 πιστὰ
942 1129 1032 1182 παρ’
1060 1130 1170 1181 ἡμῶν
1202 1130 1397 1180 λαβόντα,
1431 1130 1499 1169 οὐκ
1520 1143 1563 1178 33

115 1214 151 1246 15
173 1199 343 1253 ἔρχεται,
372 1199 481 1240 εἰδὼς
505 1199 565 1239 ὅτι
599 1199 667 1239 οὐκ
691 1199 804 1239 ἔστιν
830 1198 918 1250 παρ’
944 1198 1036 1249 ἡμῖν
1060 1197 1105 1237 τὸ
1138 1198 1336 1250 ἀργύριον,
1363 1196 1500 1248 δέομαι

171 1267 279 1318 ὑμῶν
313 1265 663 1320 ἀποψηφίσασθαί
692 1283 779 1317 μου.
853 1267 916 1307 καὶ
949 1268 1072 1306 ταῦτα
1106 1269 1308 1305 ποιοῦντες
1346 1268 1500 1316 πρῶτον

171 1335 244 1385 μὲν
275 1335 324 1374 τὰ
356 1335 487 1374 δίκαια
520 1333 582 1374 καὶ
615 1335 711 1374 κατὰ
743 1333 832 1375 τοὺς
864 1333 1007 1384 νόμους
1038 1332 1183 1373 ἔσεσθε
1210 1331 1497 1385 ἐψηφισμένοι,

173 1400 309 1442 ἔπειτα
332 1400 423 1452 ἄξια
445 1403 518 1452 μὲν
543 1400 668 1441 αὐτῶν
693 1401 813 1452 ὑμῶν,
842 1399 931 1450 ἄξια
958 1403 998 1440 δὲ
1025 1403 1091 1440 τοῦ
1119 1399 1266 1451 πατρὸς
1296 1403 1362 1439 τοῦ
1391 1400 1498 1450 ἐμοῦ·

174 1467 225 1510 ὡς
249 1469 327 1521 ἐγὼ
351 1469 449 1519 ὑμᾶς
473 1466 522 1508 ἂν
542 1467 730 1519 δεξαίμην
749 1467 903 1509 ἅπαντα
927 1469 975 1507 τὰ
994 1468 1162 1518 ἐμαυτοῦ
1179 1470 1324 1518 λαβεῖν
1342 1469 1501 1518 μᾶλλον

114 1531 196 1585 εοῆ
222 1536 363 1577 ἀδίκως
386 1552 423 1576 τι
449 1536 822 1587 συκοφαντούμενος
849 1535 1070 1575 ἀποτεῖσαι.

217 1653 280 1683 3-4
303 1644 461 1686 μάρτυρας
484 1644 758 1684 παραγενομένους
782 1644 806 1675 S
967 1645 988 1674 6
1018 1643 1077 1684 μὲν
1108 1642 1201 1674 SD:
1233 1643 1292 1684 μὲν
1325 1643 1379 1675 οὖν
1409 1643 1499 1682 vulg.

176 1698 216 1719 10
231 1690 281 1720 καὶ
295 1693 373 1718 ante
387 1689 512 1719 πίστεις
524 1688 589 1718 del.
607 1688 759 1727 Spengel
876 1698 910 1719 11
939 1688 1043 1728 τούτῳ
1061 1688 1156 1718 codd.
1173 1698 1180 1718 2
1204 1690 1319 1719 τοῦτον
1335 1697 1399 1726 mg.
1420 1688 1498 1717 edit.

174 1731 294 1769 PariS„
313 1731 448 1761 Dobree
606 1741 644 1769 14
668 1731 817 1769 λαβόντα
827 1732 922 1763 codd.
941 1742 949 1762 ε
972 1733 1088 1768 λαβεῖν
1106 1730 1205 1761 Blass
1358 1741 1393 1770 17
1420 1741 1498 1760 num

173 1777 224 1808 καὶ
239 1773 314 1817 (τὰ)
329 1776 410 1807 κατὰ
427 1774 639 1805 scribendum
652 1776 668 1806 ἱ)
838 1776 876 1805 18
899 1777 1004 1807 αὐτῶν
1020 1776 1105 1814 ὑμῶν
1123 1775 1146 1805 S
1165 1776 1203 1815 (x
1221 1785 1271 1815 19,
1288 1775 1346 1804 xiv
1361 1776 1403 1814 36
1420 1775 1500 1805 citat

176 1819 316 1858 Dyroff)
332 1830 340 1849 :
364 1821 448 1857 ὑμῶν
464 1819 566 1850 αὐτῶν
581 1818 670 1857 vulg.
809 1830 852 1849 20
875 1820 1026 1850 ἀποτῖσαι
1042 1818 1139 1851 codd.

218 1862 257 1893 In
275 1862 299 1894 S
316 1862 538 1902 subscriptum

666 1910 1031 1953 113>Q23<4A9151319N

687 1956 712 1982 H
733 1956 757 1982 H
778 1956 802 1983 H
819 1958 847 1982 Δ
864 1957 891 1982 Δ
909 1956 920 1982 I
939 1955 951 1981 I
969 1956 981 1981 Ι
