1763 2778
76 92 216 147 [1363]
635 91 1155 146 [ΔΗΜΟΣΘΕΝΟΤΣ]
1486 92 1562 147 [ux

237 199 332 248 πρὸς
348 195 425 247 ,τὸν
444 194 659 247 Φράστορα
681 196 742 235 καὶ
759 195 979 247 ἀφίσταται
996 197 1066 245 τῆς
1090 195 1260 246 προικός,
1283 195 1346 235 καὶ
1364 194 1436 245 τὴν
1453 196 1563 246 δίκην

236 266 303 303 τοῦ
334 264 446 303 σίτου
475 263 667 309 ἀνείλετο,
696 262 758 302 καὶ
783 262 804 301 ὁ
834 261 1030 314 Φράστωρ
1059 261 1130 312 τὴν
1159 261 1319 314 γραφὴν
1351 264 1457 314 παρὰ
1484 266 1563 303 τῶν

239 333 500 380 θεσμοθετῶν.
573 329 636 370 καὶ
671 329 722 371 ὡς
759 330 885 379 ἀληθῆ
924 328 1045 381 λέγω,
1082 328 1230 370 τούτων
1265 330 1355 379 ὑμῖν
1388 328 1564 382 μάρτυρα

237 397 354 437 αὐτὸν
386 396 456 437 τὸν
489 395 704 448 Φράστορα
740 400 858 441 καλῶ,
888 397 950 436 καὶ
981 395 1194 448 ἀναγκάσω
1226 399 1435 449 μαρτυρεῖν
1466 395 1563 437 κατὰ

176 472 218 509 54
237 467 304 504 τὸν
329 464 464 515 νόμον.
536 463 648 503 κάλει
671 480 738 514 μοι
767 462 983 515 Φράστορα
1008 462 1206 515 Αἰγιλιέα.
1584 479 1601 511 5

800 560 1009 588 ΜΑΡΊὝΡῙΑ.

291 613 474 661 Φράστωρ
495 611 682 663 Αἰγιλιεὺς
697 614 881 661 μαρτυρεῖ,
901 611 1024 660 ἐπειδὴ
1045 609 1183 662 ᾔσθετο
1203 612 1365 661 Νεαίρας
1385 612 1566 663 θυγατέρα

239 667 474 718 ἐγγυήσαντα
501 668 596 717 αὑτῷ
624 668 816 715 Στέφανον
842 668 888 706 ὡς
915 668 1044 704 ἑαυτοῦ
1071 666 1188 705 οὖσαν
1208 666 1399 717 θυγατέρα,
1421 668 1566 718 γράψα-

238 722 329 759 σθαι
355 722 465 759 αὗτὸν
490 721 641 773 γραφὴν
666 721 757 770 πρὸς
782 721 866 760 τοὺς
894 720 1122 770 θεσμοθέτας
1148 723 1241 759 κατὰ
1266 721 1330 759 τὸν
1356 722 1481 770 νόμον,
1507 721 1566 758 καὶ

237 778 305 824 τὴν
325 776 516 826 ἄνθρωπον
536 776 713 824 ἐκβαλεῖν
733 778 772 812 ἐκ
792 777 856 824 τῆς
881 777 1010 813 ἑαυτοῦ
1031 775 1144 815 οἰκίας
1165 776 1224 812 καὶ
1244 776 1364 813 οὐκέτι
1385 778 1567 813 συνοικεῖν
1588 793 1628 816 10

239 832 345 880 αὐτῇ,
370 831 430 868 καὶ
455 830 638 881 λαχόντος
664 831 760 880 αὑτῷ
786 831 976 877 Στεφάνου
1003 832 1051 869 εἷς
1071 829 1227 867 Ὠιδεῖον
1253 830 1360 867 σίτου
1389 830 1567 868 διαλύσα-

240 886 329 924 σθαι
354 886 447 935 πρὸς
473 885 582 923 αὑτὸν
607 885 810 932 Στέφανον,
832 885 929 922 ὥστε
952 884 1018 932 τὴν
1041 884 1193 935 γραφὴν
1216 886 1448 933 ἀναιρεθῆναι
1468 885 1568 933 παρὰ

239 944 310 979 τῶν
338 940 573 990 θεσμοθετῶν
599 939 659 976 καὶ
681 939 749 987 τὴν
772 938 875 987 δίκην
900 941 966 977 τοῦ
995 940 1102 977 σίτου
1130 938 1175 987 ἢν
1205 940 1339 990 ἔλαχεν
1367 940 1449 989 ἐμοὶ
1481 937 1568 977 Στέ-

241 999 369 1043 φανος.

79 1037 219 1093 [1364]

180 1103 218 1139 55
309 1075 412 1128 Φέρε
436 1075 482 1125 δὴ
518 1075 608 1126 ὑμῖν
633 1074 695 1114 καὶ
725 1073 862 1126 ἑτέραν
889 1073 1104 1126 μαρτυρίαν
1128 1072 1398 1127 παράσχωμαι
1429 1077 1498 1114 τοῦ
1523 1090 1568 1114 τε
1590 1093 1628 1126 15

241 1142 476 1196 Φράστορος
500 1143 563 1182 καὶ
583 1146 661 1182 τῶν
687 1141 893 1195 φρατέρων
917 1141 1039 1181 αὐτοῦ’
1063 1140 1125 1182 καὶ
1154 1144 1365 1193 γεννητῶν,
1394 1141 1444 1183 ὡς
1481 1141 1568 1181 ἔστι

242 1209 332 1261 ξένη
358 1209 511 1261 Νέαιρα
536 1209 659 1259 αὑτηί.
732 1207 777 1248 οὐ
808 1212 945 1263 πολλῷ
977 1209 1106 1263 χρόνῳ
1141 1210 1216 1260 γὰρ
1246 1205 1459 1260 ὕστερονῆ
1486 1206 1567 1258 ἐξέ-

241 1281 402 1330 πεμψεν
434 1277 454 1316 ὁ
484 1274 683 1328 Φράστωρ
716 1275 789 1325 τὴν
820 1277 890 1326 τῆς
926 1276 1100 1327 Νεαίρας
1133 1274 1340 1328 θυγατέρα,
1365 1274 1570 1325 ἠσθένησε

243 1344 306 1384 καὶ
330 1343 432 1385 πάνυ
456 1341 637 1394 πονήρως
667 1342 816 1393 διετέθη
845 1342 908 1382 καὶ
936 1344 993 1385 εἷς
1015 1345 1152 1383 πᾶσαν
1185 1343 1354 1394 ἀπορίαν
1384 1342 1568 1393 κατέστη.

243 1413 436 1464 διαφορᾶς
472 1409 504 1450 δ’
540 1410 662 1460 οὔσης
694 1409 797 1464 αὐτῷ
834 1412 1007 1452 παλαιᾶς
1035 1409 1131 1462 πρὸς
1166 1409 1256 1452 τοὺς
1287 1410 1452 1451 οἰκείους
1479 1409 1570 1450 τοὺς
1590 1428 1631 1451 20

244 1479 361 1519 αὑτοῦ
387 1477 448 1517 καὶ
473 1477 592 1529 ὀργῆς
612 1476 675 1517 καὶ
698 1477 849 1527 μίσους,
871 1476 967 1528 πρὸς
991 1479 1032 1517 δὲ
1059 1478 1121 1517 καὶ
1145 1476 1263 1518 ἄπαις
1288 1476 1354 1522 ὤν,
1374 1480 1568 1530 ψυχαγω-

244 1545 436 1598 γούμενος
451 1545 494 1584 ἐν
512 1549 560 1601 τῇ
584 1544 771 1597 ἀσθενείᾳ
787 1544 833 1600 τῇ
850 1545 1037 1598 θεραπείᾳ
1055 1540 1138 1600 <τῇ>
1156 1544 1233 1584 ὑπό
1250 1560 1291 1584 τε
1308 1545 1376 1594 τῆς
1396 1545 1571 1596 Νεαίρας

182 1618 224 1662 56
247 1613 308 1652 καὶ
354 1614 424 1662 τῆς
461 1613 652 1664 θυγατρὸς
689 1610 805 1661 αὐτῆς
842 1609 1043 1661 (ἐβάδιζον
1090 1613 1166 1663 γὰρ
1214 1610 1309 1662 πρὸς
1347 1610 1478 1656 αὐτόν,
1519 1610 1572 1653 ὡς

245 1678 406 1730 ἠσθένει
433 1678 498 1719 καὶ
531 1678 672 1730 ἔρημος
708 1676 754 1727 ἦν
789 1681 858 1717 τοῦ
893 1678 1206 1729 θεραπεύσοντος
1240 1676 1285 1717 τὸ
1319 1678 1488 1729 νόσημα,
1523 1678 1572 1717 τὰ

245 1746 459 1798 πρόσφορα
495 1751 542 1802 τῇ
583 1745 691 1799 νόσῳ
734 1744 928 1797 φέρουσαι
972 1744 1037 1786 καὶ
1073 1744 1423 1795 ἐπισκοπούμεναι·
1481 1745 1572 1786 ἵστε
1594 1763 1631 1795 ²5

247 1812 371 1863 δήπου
414 1813 476 1852 καὶ
515 1811 622 1852 αὐτοὶ
661 1813 758 1851 ὅσου
797 1810 887 1862 ἀξία
926 1811 1037 1852 ἐστὶν
1078 1812 1176 1864 γυνὴ
1219 1813 1261 1852 ἐν
1298 1815 1383 1854 ταῖς
1421 1811 1570 1858 νόσοις,

247 1883 431 1931 παροῦσα
456 1878 642 1930 κάμνοντι
663 1876 871 1932 ἀνθρώπῳ)
885 1880 1051 1929 ἐπείσθη
1077 1878 1122 1928 δὴ
1148 1878 1193 1918 τὸ
1212 1879 1380 1925 παιδίον,
1397 1877 1418 1918 ὃ
1438 1878 1573 1920 ἔτεκεν

247 1947 270 1997 ἡ
297 1945 469 1998 θυγάτηρ
492 1946 516 1996 ἡ
543 1945 716 1997 Νεαίρας
739 1946 905 1996 ταυτησὶ
931 1945 987 1986 ὅτ’
1021 1944 1249 1998 ἐξεπέμφθη
1274 1945 1350 1986 ὑπὸ
1374 1949 1442 1985 τοῦ
1461 1945 1568 1998 Φρά-

249 2030 390 2065 στορος
409 2015 567 2058 κυοῦσα,
589 2011 809 2063 πυθομένου
827 2013 889 2053 ὅτι
906 2011 952 2052 οὐ
969 2012 1175 2065 Στεφάνου
1197 2013 1254 2063 εἴη
1275 2011 1446 2065 θυγάτηρ
1466 2013 1573 2052 ἀλλὰ

250 2080 434 2132 Νεαίρας,
463 2080 524 2120 καὶ
556 2079 813 2132 ὀργισθέντος
843 2080 907 2120 ἐπὶ
939 2085 987 2136 τῇ
1016 2078 1160 2136 ἀπάτῃ,
1187 2079 1308 2120 πάλιν
1340 2082 1485 2130 λαβεῖν
1511 2080 1573 2120 καὶ
1593 2099 1635 2130 30

292 2199 312 2227 3
335 2188 473 2229 τούτων]
489 2191 602 2220 τοῦτον
618 2188 648 2218 Y
660 2199 677 2219 r
849 2199 887 2219 12
911 2189 1008 2220 αὑτὸν
1023 2189 1122 2219 Turr.
1140 2200 1147 2219 :
1170 2189 1265 2220 αὐτὸν
1282 2188 1394 2228 (αυτον
1411 2188 1449 2219 5λ
1469 2188 1570 2228 vulg.,

250 2232 348 2263 Blass
380 2233 546 2273 Στέφανον
577 2233 688 2262 deleto
860 2241 896 2270 13
923 2232 1004 2273 ἐμοὶ]
1041 2234 1124 2272 αὐτῷ
1155 2231 1410 2272 Westermann‚
1441 2232 1499 2262 sed
1531 2232 1572 2263 cf.

251 2276 487 2315 Drerup-Urk.
506 2286 538 2315 p.
556 2285 616 2315 311
756 2277 795 2306 16
817 2275 981 2316 φρατέρων
999 2274 1072 2306 SF¹
1087 2275 1118 2314 Q
1137 2286 1143 2305 :
1167 2275 1366 2316 φρατόρωνΓ
1379 2285 1464 2305 corr.
1483 2275 1574 2314 vulg.

253 2330 289 2359 17
313 2321 374 2361 ’γὰρ
398 2319 503 2360 χρόνῳ
526 2329 543 2349 1·
697 2329 736 2358 19
759 2320 901 2359 πονήρως
931 2319 1050 2358 scripsi
1083 2329 1155 2349 cum
1188 2319 1276 2349 SD:
1306 2322 1449 2360 πονηρῶς
1483 2319 1572 2358 vulg.

251 2373 292 2393 22
308 2366 349 2399 τῆ
367 2364 442 2394 add.
465 2363 561 2393 Blass
709 2373 748 2400 24
773 2363 1022 2403 θεραπεύσοντος
1047 2361 1203 2392 Dobree:
1226 2363 1452 2402 θεραπεύοντος
1475 2363 1573 2392 codd.

252 2397 360 2445 25-έό
382 2408 452 2438 ἴστε
470 2407 503 2438 δὲ
521 2406 619 2443 δήπου
635 2405 722 2446 Ργρ.
736 2405 841 2446 Ωγρ.,
861 2406 963 2436 Hude
1071 2415 1111 2444 27
1136 2406 1267 2443 ἐπείσθη
1285 2407 1323 2443 δὴ
1340 2405 1396 2435 Yr
1411 2417 1417 2435 :
1443 2406 1574 2444 ἐπείσθη

254 2449 278 2480 F
290 2463 339 2490 γρ.
354 2449 384 2488 Q
397 2463 448 2491 γρ.
466 2449 517 2480 D:
542 2448 638 2481 ἔπειθ’
656 2451 715 2488 ἤδη
733 2448 793 2480 SF
806 2449 836 2487 Q
969 2448 1011 2480 28
1033 2448 1173 2479 alterum
1194 2449 1212 2487 ἡ
1229 2458 1295 2480 om.
1313 2448 1413 2479 YrD
