1763 2778
90 515 108 548 5

72 853 111 877 10

71 1188 108 1219 15

72 1526 113 1549 20

130 127 209 183 mv]
538 132 699 169 ΚΑΤΑ
747 132 1057 170 ΚΟΝΩΝΟΣ

1479 132 1613 187 [1257]

130 248 282 284 γοντος,
328 231 424 278 εἶτα,
469 232 538 271 ἐὰν
577 230 792 281 ἠδικῆσθαι
832 229 894 270 καὶ
940 232 1294 282 παρανενομῆσθαι
1340 232 1453 275 δοκῶ,
1477 231 1612 286 [1257]

130 300 339 350 βοηθῆσαί
356 315 421 350 μοι
447 299 495 337 τὰ
521 299 664 338 δίκαια.
711 296 759 348 ἐξ
778 298 904 349 ἀρχῆς
930 296 962 337 δ’
989 297 1040 339 ὡς
1065 298 1212 338 ἕκαστα
1238 297 1455 348 πέπρακται

131 364 369 418 διηγήσομαι
393 368 490 418 πρὸς
513 365 624 416 ὑμᾶς,
653 364 703 406 ὡς
728 364 777 405 ἂν
800 365 882 406 οἶός
906 363 939 403 τ’
956 363 994 405 ’ὦ
1019 366 1081 405 διὰ
1107 364 1383 418 βραχυτάτων.

197 432 395 484 Ἐξῆλθον
420 433 507 475 ἔτος
535 432 643 473 τουτὶ
673 433 806 485 τρίτον
838 433 892 474 εἷς
918 431 1130 472 Πάνακτον
1158 434 1330 484 φρουρᾶς
1361 431 1456 482 ἡμῖν
1476 448 1496 482 3

129 500 444 554 προγραφείσης.
502 498 740 550 ἐσκήνωσαν
764 499 832 539 οὖν
856 500 893 540 οἳ
914 501 1011 541 υἱεῖς
1035 501 1071 540 οἱ
1098 499 1279 541 Κόνωνος
1304 498 1455 538 τουτουὶ

130 566 247 619 ἐγγὺς
270 567 393 619 ἡμῶν,
420 567 471 609 ὡς
496 566 565 607 οὐκ
594 565 643 608 ἂν
675 567 918 618 ἐβουλόμην·
955 566 979 618 ἡ
1004 568 1080 620 γὰρ
1105 564 1151 616 ἐξ
1178 567 1302 619 ἀρχῆς
1333 567 1456 618 ἔχθρα

130 634 193 674 καὶ
216 636 265 675 τὰ
288 633 581 687 προσκρούματ’
604 635 754 676 ἐκεῖθεν
779 634 871 686 ἡμῖν
898 633 1064 685 συνέβη’
1103 633 1148 685 ἐξ
1169 634 1224 674 ὧν
1257 632 1311 679 δέ,
1340 634 1452 673 ἀκού-

129 704 265 742 σεσθε.
336 702 473 743 ἔπινον
495 700 680 744 ἑκάστοθ’
704 702 809 742 οὗτοι
841 701 913 752 τὴν
945 700 1105 754 ἡμέραν,
1134 699 1266 751 ἐπειδὴ
1294 699 1455 753 τάχιστ’

129 767 400 821 ἀριστήσαιεν,
427 770 537 820 ὅλην,
566 769 628 810 καὶ
659 768 777 815 τοῦθ’,
805 769 878 810 ἕως
908 787 980 821 περ
1014 768 1110 820 ἦμεν
1143 769 1185 809 ἐν
1208 774 1256 825 τῇ
1290 773 1454 823 φρουρᾷ,

822 836 852 849 «x,
904 836 922 851 el
1077 837 1086 849 ἱ

131 836 334 878 διετέλουν
379 840 596 880 ποιοῦντες.
664 836 777 888 ἡμεῖς
820 848 839 876 ο
893 853 1028 889 ωσπερ
1071 835 1199 875 ενθάδ’
1241 835 1454 886 εἰώθειμεν,

130 904 231 944 οὕτω
278 902 463 957 διήγομεν
513 905 574 945 καὶ
623 903 709 954 ἔξω.
779 902 829 954 ἢν
875 903 943 943 οῧν
989 905 1329 944 δειπνοποιεῖσθαι
1373 906 1497 951 τοῖς4

129 971 269 1013 ἄλλοις
294 972 400 1024 ὥραν
422 972 653 1024 συμβαίνοι,
675 971 819 1021 ταύτην
843 970 892 1011 ἂν
917 970 988 1021 ἤδη
1015 969 1241 1025 ἐπαρῴνουν
1261 970 1381 1015 οὗτοι,
1406 971 1456 1010 τὰ

129 1041 202 1090 μὲν
238 1039 359 1080 πόλλ’
390 1041 447 1082 εἶς
478 1039 568 1081 τοὺς
597 1042 738 1080 παῖδας
768 1038 879 1089 ἡμῶν
916 1038 1007 1080 τοὺς
1039 1038 1291 1083 ἀκολούθους,
1322 1042 1454 1077 τελευ-

130 1110 274 1150 τῶντες
304 1109 348 1148 δὲ
375 1107 439 1148 καὶ
470 1108 526 1149 εἷς
556 1106 660 1157 ἡμᾶς
691 1104 842 1147 αὐτούς.
915 1105 1120 1158 φήσαντες
1148 1103 1225 1158 γὰρ
1257 1104 1457 1153 καπνίζειν

131 1172 270 1216 αὑτοὺς
304 1172 645 1227 ὀψοποιουμένους
678 1173 769 1215 τοὺς
804 1176 945 1215 παῖδας
978 1169 1000 1222 ἦ
1028 1176 1153 1214 κακῶς
1184 1171 1333 1224 λέγειν,
1365 1172 1386 1210 ὅ
1420 1187 1457 1210 τι

130 1241 301 1294 τύχοιεν,
329 1242 494 1282 ἔτυπτον
521 1242 583 1282 καὶ
613 1240 683 1284 τὰς
707 1241 846 1292 ἀμίδας
881 1238 1216 1280 κατεσκεδάννυον
1244 1239 1305 1279 καὶ
1334 1255 1456 1290 προσ-

131 1307 302 1360 εούρουν,
337 1309 400 1349 καὶ
433 1309 648 1361 ἀσελγείας
681 1308 746 1349 καὶ
767 1309 924 1360 ’ὕβρεως
955 1307 1037 1347 οὐδ’
1066 1307 1196 1346 ὁτιοῦν
1226 1305 1454 1346 ἀπέλειπον.

129 1375 296 1427 ὁρῶντες
321 1375 354 1415 δ’
378 1376 488 1427 ἡμεῖς
512 1379 635 1417 ταῦτα
658 1376 720 1416 καὶ
745 1375 986 1426 λυπούμενοι
1007 1374 1052 1415 τὸ
1077 1376 1149 1425 μὲν
1172 1377 1326 1426 πρῶτον
1359 1373 1454 1412 ἀπε-

129 1442 384 1495 πεμψάμεθα,
422 1443 473 1485 ὡς
509 1443 542 1483 δ’
579 1442 795 1497 ἐχλεύαζον
831 1443 930 1494 ἡμᾶς
967 1441 1028 1481 καὶ
1066 1442 1134 1482 οὐκ
1165 1440 1369 1485 ἐπαύοντο,
1403 1443 1456 1493 τῷ

132 1515 339 1566 στρατηγῷ
359 1510 403 1551 τὸ
423 1510 569 1563 πρᾶγμ’
589 1512 751 1562 εἴπομεν
772 1515 881 1567 κοινῇ
899 1509 1046 1551 πάντες
1066 1509 1102 1549 οἱ
1121 1509 1309 1548 σύσσιτοι
1329 1523 1453 1559 προσ-

131 1578 328 1624 ελθόντες,
372 1577 439 1618 οὐκ
489 1579 565 1631 ἐγὼ
612 1581 689 1618 τῶν
733 1577 869 1617 ἄλλων
918 1575 1006 1628 ἔξω.
1077 1574 1377 1628 λοιδορηθέντος
1423 1573 1494 1623 δ’5

131 1644 263 1686 αὐτοῖς
296 1645 445 1687 ἐκείνου
476 1646 540 1686 καὶ
574 1646 809 1686 κακίσαντος
834 1643 974 1686 αὐτοὺς
996 1644 1043 1684 οὐ
1065 1644 1187 1695 μόνον
1211 1641 1299 1695 περὶ
1323 1642 1377 1682 ὧν
1402 1642 1457 1682 εἰς

130 1711 232 1764 ἡμᾶς
265 1711 522 1766 ἠσέλγαινον,
548 1713 657 1754 ἀλλὰ
694 1713 756 1753 καὶ
793 1712 880 1764 περὶ
916 1712 971 1752 ὧν
1007 1712 1110 1752 ὅλως
1146 1710 1302 1750 ἐποίουν
1331 1711 1375 1750 ἐν
1400 1711 1454 1763 τῷ

181 1833 196 1854 1
215 1823 381 1862 ἆδικῆσθαι
393 1823 521 1863 S‚unde
533 1825 707 1856 ἀδικεῖσθαι
721 1823 925 1861 Rosenberg
935 1822 1020 1852 sicut
1032 1820 1089 1851 xlv
1103 1831 1130 1860 1,
1144 1819 1187 1850 lvi
1199 1830 1218 1859 4
1252 1822 1289 1857 ἕξ
1301 1829 1366 1858 3-9
1377 1819 1456 1849 citat

133 1867 235 1899 Dion.
249 1867 340 1906 Hal„
354 1867 490 1899 Demos.
505 1868 553 1897 xii
651 1878 672 1906 4
697 1869 830 1908 ἐξῆλθον
842 1866 954 1905 codd.‚
970 1865 1037 1896 Rh.
1052 1865 1108 1894 Gr.
1124 1865 1167 1894 vii
1177 1875 1241 1903 924
1260 1875 1267 1894 :
1286 1863 1457 1903 ἐξήλθομεν

133 1910 252 1949 Dion.,
269 1910 434 1950 Hermog.
456 1921 527 1950 123.
549 1921 587 1949 13
685 1920 704 1950 5
728 1910 872 1942 alterum
891 1910 920 1941 οἱ
936 1920 1000 1940 om.
1022 1907 1088 1946 FQ
1103 1907 1132 1937 D
1231 1906 1371 1938 Κόνωνος
1386 1919 1456 1937 του-

132 1955 200 1986 τουὶ
232 1954 325 1986 codd.
354 1960 389 1986 et
413 1955 570 1994 Dionysii
594 1955 667 1986 cod.
695 1955 727 1985 M
752 1964 838 1985 corr.
856 1964 864 1984 ε
900 1953 1027 1985 τουτουὶ
1066 1958 1100 1983 Κ.
1135 1950 1292 1990 Dionysii
1323 1949 1457 1988 vulgata

133 2008 150 2037 7
174 1998 419 2040 προσκρούματα
452 1999 551 2030 Dion.
568 2010 575 2030 t
605 1998 874 2040 προσκρούσματα
907 1997 1006 2028 codd.
1107 1998 1139 2036 ἐξ
1163 1994 1220 2035 ὧν]
1256 1996 1324 2035 ἑξῆς
1358 1993 1455 2023 Dion.

133 2041 168 2074 δέ
196 2041 220 2072 S
233 2041 275 2081 A,
306 2041 407 2073 Dion.
423 2054 432 2074 ε
456 2053 521 2073 orn.
554 2041 619 2081 FQ
632 2042 662 2071 D
789 2051 811 2080 9
835 2041 1045 2083 ἀριστήσειαν
1072 2039 1172 2070 Dion.
1276 2039 1354 2075 ὅλην
1381 2040 1458 2076 post

134 2085 252 2127 ἡμέραν
267 2086 365 2117 Dion.
415 2088 448 2119 ἐν
462 2086 563 2117 Dion.
578 2097 584 2116 :
607 2087 655 2117 ἐπὶ
669 2085 766 2117 codd.
869 2095 907 2115 10
933 2085 1092 2123 εἰώθειμεν
1103 2083 1145 2121 Α,
1161 2083 1204 2114 cf.
1219 2085 1234 2120 ξ
1251 2092 1287 2121 7:
1307 2083 1458 2119 εἰώθαμεν

134 2134 212 2161 cett.
229 2140 236 2160 τ
261 2131 411 2170 εἶώθημεν
429 2130 528 2161 Dion.
626 2139 638 2158 Ι
649 2139 661 2158 1
688 2130 726 2167 ἢν
739 2129 808 2170 οὖν]
824 2130 873 2161 καὶ
886 2129 922 2166 ἢν
935 2128 1035 2159 Dion.
1129 2137 1168 2156 12
1191 2127 1230 2158 ἂν
1240 2125 1325 2157 οὗτοι
1340 2123 1458 2165 ἐπαρῴ-

135 2187 207 2206 νουν
218 2175 278 2212 ἤδη
292 2173 392 2204 Dion.
456 2183 494 2212 13
517 2173 592 2205 τοὺς
608 2186 641 2204 π.
655 2173 730 2204 τοὺς
743 2173 792 2204 ἆκ.
806 2173 894 2212 ἡμῶν
905 2171 1004 2202 Dion.
1022 2172 1150 2211 (παῖδας
1163 2180 1228 2201 om.
1241 2170 1312 2199 eius
1326 2168 1398 2198 cod.
1415 2165 1455 2207 Ρ)

138 2226 175 2255 15
192 2218 304 2249 αὑτοὺς
313 2228 376 2247 om.
391 2217 511 2247 Pollux
521 2218 601 2256 vi91
663 2217 702 2247 16
714 2217 824 2256 ἀμίδας
838 2216 866 2245 D
878 2215 973 2256 pr„
990 2214 1172 2254 Dionac‘zn.
1183 2213 1272 2251 vulg.
1288 2210 1457 2252 (spiritum

133 2270 199 2291 om.
212 2260 236 2291 S
248 2259 296 2301 A)
350 2260 620 2292 κατεσκεδάννυον
631 2260 728 2291 codd.
745 2270 753 2290 :
769 2259 1066 2291 κατεσκεδάννυσαν
1079 2258 1176 2288 Dion.
1192 2268 1199 2287 :
1224 2255 1458 2296 κατερρήγνυον

136 2303 163 2334 F
173 2317 225 2345 γρ.
241 2303 310 2344 (qui
323 2304 534 2346 προσεούρουν
545 2317 582 2335 τε
596 2304 669 2343 ἡμῖν
682 2304 733 2334 καὶ
747 2303 804 2334 τὰς
816 2303 866 2342 ἀμ.
881 2300 1142 2343 κατερρήγνυον),
1154 2301 1319 2336 Hermog.
1335 2307 1403 2335 123.
1420 2305 1457 2334 15

140 2356 175 2387 17
188 2347 358 2380 ἀπέλειπον
367 2347 409 2386 Α,
426 2348 541 2379 Dion:
559 2346 717 2378 ἀπέλιπον
730 2345 754 2377 S
768 2345 793 2375 F
806 2346 837 2385 Q
901 2347 940 2376 18
956 2344 1203 2385 ἀπεπεμψάμεθα
1213 2343 1323 2379 ςοάᾰ,,
1336 2340 1434 2370 Dion.
1450 2349 1457 2368 Ξ

136 2390 338 2430 ἐμεμψάμεθα
355 2391 518 2429 Hirschig
532 2401 540 2421 ε
557 2403 670 2430 κατεμ.
685 2389 800 2420 Naber
902 2399 941 2428 19
959 2387 1030 2428 οὐκ]
1044 2387 1115 2419 οὐδὲ
1126 2387 1157 2416 Α
1168 2387 1206 2417 F:
1222 2385 1314 2418 οὐδὲν
1327 2384 1459 2414 Dobree

135 2443 173 2464 21
198 2434 269 2475 οὐκ]
287 2434 377 2466 οὐδὲν
392 2434 446 2465 vel
462 2433 552 2467 οὐθὲν
569 2434 669 2465 Dion.
763 2442 805 2472 23
831 2434 954 2465 ἐποίουν
971 2433 1054 2464 ὅλως
1072 2430 1168 2461 Dion.
