1763 2778
128 158 266 214 [1203]
689 153 1209 208 [ΔΙΙΜΟΣΘΕΝΟὙΣ]
1511 154 1611 209 [xux

286 259 354 299 τὰς
381 256 531 310 φιάλας
555 257 575 297 ὁ
602 255 776 308 θέμενος,
811 256 997 297 ἀπέτεισε
1030 256 1144 307 τιμὴν
1177 260 1254 296 τῶν
1280 260 1437 309 φιαλῶν
1461 261 1513 311 τῷ
1540 260 1609 296 Τι-

285 323 485 375 μοσθένει,
526 323 734 377 ἐγράψατο
768 326 810 365 δὲ
849 325 868 364 ὁ
904 323 1032 375 πατὴρ
1073 324 1174 378 αὐτῷ
1211 325 1349 364 τοῦτον
1396 323 1613 376 ὀφείλοντα

221 400 265 444 63
287 391 381 443 πρὸς
396 390 440 431 τὸ
457 391 560 432 ἄλλο
576 390 714 445 χρέως.
787 390 882 432 ὥστ’
906 391 976 431 ἐὰν
999 390 1119 447 ταύτῃ
1145 390 1342 444 ἀπολογίᾳ
1358 392 1612 444 καταχρῆται,

285 459 345 498 ὅτι
371 457 438 498 οὐκ
464 457 648 509 ἐπεδήμει
676 459 717 498 ἐν
742 461 824 500 τοῖς
848 458 1009 511 χρόνοις
1034 459 1075 498 ἐν
1097 457 1155 499 οἷς
1177 456 1398 510 γέγραπται
1411 457 1484 508 τὴν
1499 456 1614 508 τιμὴν

285 528 364 565 τῶν
393 529 551 577 φιαλῶν
587 526 775 576 ὀφείλων,
807 523 1063 576 ὑποβάλλετε
1099 525 1198 579 αὐτῷ
1236 526 1296 565 ὅτι
1333 524 1507 576 ’ἔλαβες
1542 526 1650 575 μὲν5

286 594 498 643 ἐπιδημῶν·
558 591 691 643 ἐπειδὴ
729 594 773 633 δὲ
821 592 891 632 οὐκ
929 591 1140 645 ἀπέφερες,
1185 590 1396 643 ἀπεδήμεις
1443 590 1497 638 δέ,
1545 590 1614 631 οὐκ

287 658 392 709 ἦσαν
415 661 458 700 δὲ
481 660 520 700 αἱ
546 658 692 711 φιάλαι
715 657 762 702 ἃς
786 659 807 699 ὁ
832 658 996 710 θέμενος
1019 656 1172 716 ἀπῄτει,
1199 658 1376 711 ἐγράφης
1401 658 1473 710 τὴν
1497 657 1612 709 τιμὴν

220 727 266 770 64
287 726 415 767 αὐτῶν
438 726 629 778 ὀφείλων,
655 724 676 766 ὃ
701 726 916 777 ἀπετείσθη
953 729 1031 767 τῶν
1057 725 1243 778 φιαλῶν.’
1314 724 1421 766 ἀλλὰ
1447 725 1492 776 νὴ
1521 726 1611 772 Δία,

288 791 414 844 φήσει
437 794 547 839 ἴσως,
576 793 655 833 ἔδει
687 792 756 833 τὸν
791 792 944 845 πατέρα
977 795 1046 834 τὸν
1070 792 1166 843 ἐμὸν
1198 792 1380 833 ἀπαιτεῖν
1404 791 1522 834 αὐτὸν
1545 793 1613 833 τὰς

287 858 448 911 φιάλας.
520 859 612 900 ἀλλ’
651 860 753 912 ἐώρα
790 878 837 901 σε
874 860 925 902 ὡς
959 859 1119 912 ἠποροῦ.
1192 858 1284 913 κᾷτα
1319 858 1408 911 περὶ
1444 860 1517 911 μὲν
1545 862 1614 899 τοῦ

288 926 414 967 ἄλλου
454 925 580 980 χρέως
619 943 687 968 σοι
727 927 948 974 ἐπίστευεν,
990 928 1053 968 καὶ
1091 926 1239 979 ἡγεῖτο,
1280 927 1439 967 ἐπειδὰν
1481 926 1613 982 ἔλθῃς,

288 991 575 1045 ἀπολήψεσθαι
601 995 707 1046 παρὰ
733 997 807 1034 σοῦ
832 992 1140 1046 εὐπορήσαντος,
1166 993 1257 1045 περὶ
1289 995 1330 1034 δὲ
1354 996 1433 1034 τῶν
1457 996 1616 1046 φιαλῶν

289 1077 355 1100 σοι
387 1058 625 1111 ἀπιστήσειν
662 1061 852 1111 ἔμελλεν;
890 1060 954 1101 καὶ
984 1059 1187 1114 ὑπέσχετο
1217 1062 1289 1111 μὲν
1321 1059 1508 1111 δεομένου
1541 1077 1615 1101 σου

288 1125 332 1166 τὸ
357 1130 503 1167 ναῦλον
520 1131 598 1168 τῶν
624 1126 756 1178 ξύλων
782 1126 1075 1181 παρασχήσειν,
1103 1128 1167 1168 ὅτε
1192 1126 1340 1179 ἀνήγου
1369 1126 1466 1178 πρὸς
1489 1131 1612 1179 βασι-

288 1192 374 1233 λεα·
412 1194 526 1234 ἕνεκα
559 1196 600 1235 δὲ
629 1198 708 1235 τῶν
740 1199 912 1247 φιαλῶν,
951 1197 1057 1235 δυοῖν
1093 1194 1237 1241 οὐσῶν,
1275 1193 1515 1245 ἀπιστησειν
1551 1211 1616 1235 σοι

288 1259 451 1311 ἔμελλε;
491 1260 553 1301 καὶ
572 1260 617 1301 τὸ
640 1263 712 1312 μὲν
739 1261 842 1302 ἄλλο
869 1260 995 1315 χρέως
1015 1278 1062 1302 σε
1083 1260 1150 1301 οὐκ
1171 1259 1324 1318 ἀπητει,
1346 1261 1615 1314 ἀπορούμενον

287 1327 400 1380 ὁρῶν,
427 1329 496 1369 τὰς
521 1330 563 1369 δε
589 1327 739 1380 φιάλας
765 1328 954 1380 ἕμελλεν,·

222 1398 266 1443 65
354 1394 554 1446 Βούλομαι
591 1396 722 1436 τοίνυν
763 1396 855 1446 ὑμῖν
899 1395 960 1435 καὶ
1002 1395 1090 1447 περὶ
1128 1397 1197 1446 τῆς
1244 1394 1503 1447 προκλήσεως
1549 1399 1619 1436 τοῦ

287 1461 404 1512 ὅρκου
429 1463 565 1509 εἰπεῖν,
591 1461 640 1513 ἢν
666 1463 744 1515 ἐγὼ
777 1465 916 1503 τοῦτον
950 1461 1284 1514 προύκαλεσάμην
1309 1463 1371 1503 καὶ
1397 1462 1510 1506 οὗτος
1534 1461 1614 1514 ἐμέ.

289 1528 568 1580 ἐμβαλομένου
593 1531 668 1582 γὰρ
695 1531 790 1580 ἐμοῦ
815 1530 931 1582 ὅρκον
952 1530 1006 1571 εἷς
1023 1528 1091 1570 τὸν
1108 1530 1255 1582 ἐχῖνον,
1282 1528 1393 1580 ἠξίου
1417 1529 1528 1572 οὗτος
1553 1530 1616 1570 καὶ

287 1594 402 1637 αὐτὸς
435 1597 585 1647 ὀμόσας
617 1595 888 1650 ἀπηλλάχθαι.
958 1597 1037 1648 ἐγὼ
1072 1595 1106 1636 δ’
1140 1597 1173 1637 εἷ
1200 1598 1274 1648 μὲν
1302 1595 1354 1647 μὴ
1391 1600 1617 1649 περιφανῶς

287 1660 404 1702 αὐτὸν
438 1662 511 1719 ᾔδη
548 1663 725 1706 πολλοὺς
764 1663 825 1704 καὶ
860 1662 1059 1717 μεγάλους
1091 1664 1228 1716 ὅρκους
1260 1663 1530 1716 ἐπιωρκηκότα
1555 1663 1616 1704 καὶ

123 1722 265 1777 [1204]
287 1728 434 1770 πόλεσι
469 1731 531 1771 καὶ
569 1731 752 1778 ἰδιώταις,
785 1731 913 1772 ἔδωκα
944 1730 993 1771 ἂν
1023 1730 1123 1786 αὐτῷ
1150 1730 1264 1772 τόνδε
1287 1730 1357 1771 τὸν
1380 1731 1510 1784 ὅρκον·
1547 1734 1615 1772 νῦν

287 1794 330 1836 δέ
365 1813 433 1846 μοι
469 1797 607 1844 ἐδόκει,
644 1798 850 1850 μαρτύρων
878 1799 951 1849 μὲν
987 1800 1114 1838 ὄντων
1152 1798 1239 1849 ἐμοὶ
1280 1797 1331 1840 ὡς
1377 1798 1531 1850 ἔλαβον
1571 1797 1617 1839 τὸ

286 1862 472 1915 ἀργύριον
511 1863 588 1905 ἀπὸ
629 1867 699 1916 τῆς
741 1865 934 1918 τραπέζης
971 1865 1029 1907 οἷς
1070 1865 1182 1908 οὗτος
1220 1864 1430 1906 ἐκέλευσεν
1467 1868 1613 1916 δοῦναι,

334 1981 347 2002 1
375 1974 391 2005 ὀ
409 1972 535 2013 θέμενος
553 1973 651 2006 Blass
669 1974 742 2007 coll.
764 1977 779 2013 ξ
798 1976 840 2013 63
855 1986 863 2006 :
887 1974 963 2007 τότε
979 1974 1039 2015 μὲν
1049 1975 1146 2006 codd.
1235 1974 1401 2016 ἀπέτεισε]
1420 1988 1577 2014 απαιτησε
1590 1973 1616 2006 S

286 2018 347 2056 τὴν
362 2016 459 2055 τίμην
474 2017 506 2047 Α
594 2028 614 2057 3
639 2019 741 2060 ταύτῃ
759 2021 800 2061 τῇ
818 2019 870 2050 ἀπ.
889 2018 920 2048 Α
998 2030 1015 2057 4
1042 2021 1074 2050 ἐν
1085 2018 1131 2052 οῖς
1144 2018 1234 2058 vulg.
1251 2030 1258 2050 :
1284 2020 1413 2052 ἐκείνοις
1425 2019 1449 2050 S
1464 2029 1471 2050 :
1486 2019 1616 2051 ἐκείνοις

286 2060 330 2093 οἷς
347 2058 512 2091 Schaefer
601 2071 620 2101 5
645 2062 852 2099 ὑποβάλλετε
869 2061 979 2101 vulg.:
1005 2063 1185 2100 ὑπολάβετε
1203 2062 1228 2094 S
1307 2064 1327 2093 8
1350 2064 1368 2095 ὃ
1386 2062 1436 2094 A:
1462 2063 1515 2094 ὅτε
1532 2066 1612 2093 cett.

286 2103 459 2142 ἀπετείσθη
477 2104 500 2135 S
516 2116 523 2136 ε
548 2106 703 2144 ἀπετίσθη
720 2106 810 2144 vulg.
926 2117 947 2146 9
971 2105 1069 2146 φήσει
1084 2106 1176 2146 ἴσως]
1195 2107 1295 2147 φησὶν
1309 2106 1340 2136 Α
1372 2105 1375 2109 ’
1473 2116 1512 2136 10
1534 2104 1617 2147 κᾷτα

285 2146 471 2180 Schaefer:
496 2148 633 2180 καταὸε
659 2151 710 2181 καὶ
724 2149 813 2188 vulg.
918 2158 951 2178 11
980 2162 1030 2181 σοι
1043 2149 1144 2191 χρέως
1156 2149 1198 2189 A,
1213 2150 1253 2180 cf.
1266 2149 1314 2179 liii
1332 2159 1370 2179 12
1482 2159 1520 2188 13
1545 2150 1615 2181 ἀπι·

286 2192 421 2230 στήσειν
438 2204 487 2223 σοι
501 2191 532 2222 Α
650 2203 687 2231 14
705 2192 784 2233 πρὸς
800 2192 824 2223 S
837 2192 867 2230 Ω
881 2193 910 2223 D
928 2204 934 2223 :
955 2193 995 2224 ὡς
1011 2192 1037 2223 F
1054 2204 1061 2223 :
1085 2195 1124 2225 ὡς
1140 2193 1197 2224 τὸν
1212 2192 1244 2222 Α
1353 2194 1393 2224 18
1417 2195 1488 2233 ὑμῖν
1503 2203 1569 2223 om.
1583 2191 1616 2223 A

289 2245 328 2273 19
353 2236 416 2276 ἐγὼ
434 2234 458 2266 S
472 2234 502 2273 Q
518 2235 559 2273 D,
577 2235 617 2266 cf.
637 2235 683 2266 liii
701 2245 742 2275 23
757 2246 765 2266 ι
791 2237 855 2276 ἐγώ
865 2250 901 2267 τε
914 2235 945 2265 Α
1035 2235 1127 2268 οὗτος
1139 2235 1189 2268 A:
1216 2237 1309 2268 αὐτὸς
1321 2241 1399 2268 cett.
1499 2246 1541 2266 20
1555 2249 1616 2275 μου

286 2277 311 2308 S
323 2277 354 2316 Q
447 2291 602 2320 αγχεινον
619 2279 643 2309 S
751 2288 853 2309 20-21
875 2278 967 2312 οὗτος
984 2280 1034 2311 καὶ
1048 2280 1142 2312 αὐτὸς
1160 2279 1184 2310 S
1200 2291 1207 2310 :
1232 2281 1283 2311 καὶ
1302 2280 1397 2312 αὐτὸς
1413 2278 1504 2312 οὗτος
1519 2278 1545 2309 F
1560 2278 1590 2316 Q
1606 2288 1616 2310 ι

286 2323 336 2354 καὶ
349 2321 442 2354 αὐτὸς
455 2321 487 2352 Α
576 2332 616 2352 21
634 2321 694 2362 μὴ]
710 2325 833 2362 μηιδειν
847 2321 882 2359 S,
899 2323 960 2353 sed
978 2325 1054 2355 ιδειν
1071 2323 1205 2362 punctis
1224 2323 1336 2354 deleto
1425 2332 1467 2353 22
1490 2324 1552 2360 ηδη
1568 2321 1616 2356 S:

285 2365 376 2407 ᾔδειν
391 2365 480 2404 vulg.
580 2375 622 2404 23
645 2366 737 2397 τόνδε
754 2367 811 2397 τὸν
830 2365 854 2396 S
867 2365 958 2408 Ωγρ.
977 2377 984 2397 :
1007 2366 1066 2398 τὸν
1081 2365 1113 2396 Α
1125 2366 1151 2396 F
1166 2366 1196 2407 Q
1308 2377 1348 2406 24
1374 2365 1475 2401 ἐδόκει
1494 2365 1614 2397 Blass:

285 2411 374 2442 δοκεῖ
387 2409 482 2441 codd.
580 2409 639 2450 μὲν
656 2419 720 2440 om.
742 2408 767 2440 S
781 2409 811 2448 Ω
827 2408 856 2439 D
947 2412 1020 2451 ἐμοῦ
1038 2409 1062 2442 S
1076 2410 1106 2450 Ω
1121 2410 1150 2440 D

1637 873 1676 896 10

1637 1208 1675 1240 Ι5

1639 1544 1679 1566 20

1639 1881 1677 1914 25
