1763 2778
82 132 215 188 [1135]

177 952 221 977 22

82 1296 217 1352 [1136]

177 1556 219 1589 23

174 2026 219 2059 24

633 130 1156 186 [ΔΙΙΜΟΣΘΕΝΟΎΣ]
1462 129 1562 184 [xxm

236 248 348 291 οὗτος
377 247 510 300 ἔγημε,
544 248 614 289 τὰς
650 248 692 288 δὲ
725 246 963 298 θεραπαίνας
995 244 1113 285 αὐτὸν
1143 242 1305 300 ἐξῄτουν
1339 245 1401 286 καὶ
1429 243 1562 295 ἠξίουν

236 316 324 367 περὶ
350 316 465 356 αὐτοῦ
488 315 626 355 τούτου
650 314 943 365 βασανίζεσθαι
965 311 1098 359 αὐτάς,
1125 313 1160 353 εἶ
1183 312 1288 352 ταῦτ’
1307 313 1434 364 ἀληθῆ
1461 313 1561 358 ἐστι,

237 383 300 423 καὶ
326 382 377 425 ὡς
406 381 720 434 προύκαλούμην,
746 379 855 432 λαβέ
878 396 945 432 μοι
968 379 1041 431 τὴν
1063 380 1289 432 μαρτυρίαν.

794 483 1003 511 ΜΑΡΤὙΡΙΑ.

291 560 534 609 ΒΙαρτυροῧσι
546 560 714 608 παρεῖναι
730 557 790 595 ὅτε
802 558 1050 606 προύκαλεῖτο
1062 554 1346 606 Ἀπολλόδωρος
1359 557 1564 607 Φορμίωνα,

237 614 296 652 ὅτε
325 614 429 662 ἠξίου
458 613 684 662 παραδοῦναι
713 609 1000 660 Ἀπολλόδωρος
1028 611 1223 660 Φορμίωνα
1254 613 1320 651 τὰς
1350 612 1568 661 θεραπαίνας

237 671 287 709 εἷς
305 669 491 716 βάσανον,
513 669 543 705 εἷ
562 668 614 717 μή
635 671 733 716 φησι
753 667 925 715 Φορμίων
947 666 1006 703 καὶ
1024 665 1202 715 πρότερον
1226 666 1483 716 διεφθαρκέναι
1502 666 1569 715 τὴν

237 723 378 772 μητέρα
395 723 462 772 τὴν
479 723 579 772 ἐμήν,
597 722 683 770 πρὶν
704 720 745 759 οὗ
761 721 960 768 ἀποφαίνει
975 721 1145 770 Φορμίων
1160 722 1277 771 ’γῆμαι
1294 721 1569 771 ἐγγυησάμενος

239 778 352 827 αὐτὴν
370 778 471 826 παρὰ
492 777 698 816 Πασίωνος.
754 777 870 813 ταῦτα
897 775 935 812 δὲ
960 776 1263 824 προκαλουμένου
1282 773 1569 825 Ἀπολλοδώρου

240 834 304 870 οὐκ
325 832 489 882 ἠθέλησε
510 832 682 881 Φορμίων
700 830 926 880 παραδοῦναι
944 831 1009 869 τὰς
1030 830 1259 879 θεραπαίνας.

1589 577 1606 608 5

1591 846 1630 869 10

306 932 388 973 Τὸν
412 933 544 972 τοίνυν
569 931 691 982 νόμον
716 929 781 971 ἐπὶ
805 929 957 971 τούτοις
977 928 1190 981 ἀνάγνωθι,
1211 928 1254 971 ὃς
1274 929 1425 971 κελεύει
1445 930 1567 971 ἐπιὸι-
1590 946 1594 951 ·

243 1000 384 1041 κασίαν
410 999 510 1040 εἶναι
533 1003 612 1039 τῶν
638 995 860 1050 ἐπικλήρων
893 998 1071 1045 ἁπασῶν,
1098 997 1160 1037 καὶ
1185 995 1309 1047 ξένων
1336 997 1398 1037 καὶ
1421 998 1567 1044 ἀστῶν,

242 1068 304 1108 καὶ
329 1067 417 1119 περὶ
441 1068 514 1118 μὲν
538 1070 615 1106 τῶν
639 1069 815 1106 πολιτῶν
850 1063 919 1104 τὸν
943 1063 1119 1117 ἄρχοντα
1143 1063 1321 1116 εἰσάγειν
1348 1064 1410 1104 καὶ
1433 1065 1567 1115 ἐπιμε-

239 1136 412 1181 λεῖσθαι,
439 1133 528 1186 περὶ
553 1135 595 1174 δὲ
619 1136 696 1173 τῶν
725 1133 917 1183 μετοίκων
950 1130 1017 1170 τὸν
1048 1130 1317 1185 πολέμαρχον,
1346 1132 1407 1172 καὶ
1432 1132 1566 1173 ἀνεπί-

240 1205 350 1243 δικον
373 1200 425 1254 μὴ
453 1200 599 1252 ἐξεῖναι
622 1200 731 1254 ἔχειν
754 1198 852 1251 μήτε
878 1200 1023 1250 κλῆρον
1047 1198 1145 1250 μήτε
1170 1199 1395 1251 ἐπίκληρον.

824 1302 980 1332 ΝΟΜΟΣ.

294 1380 472 1428 Κληροῦν
505 1378 543 1417 δὲ
576 1377 641 1416 τὸν
672 1378 834 1428 ἄρχοντα
869 1376 1013 1426 κλήρων
1047 1376 1108 1414 καὶ
1137 1376 1352 1426 ἐπικλήρων,
1383 1376 1468 1415 ὅσοι
1497 1376 1571 1416 εἰσὶ

237 1436 360 1484 μῆνες,
382 1433 484 1482 πλὴν
501 1436 567 1472 τοῦ
587 1435 888 1482 σκιροφοριῶνος.
947 1430 1153 1469 ἀνεπίδικον
1173 1431 1212 1469 δὲ
1233 1433 1370 1480 κλῆρον
1388 1431 1441 1482 μὴ
1463 1432 1568 1483 ἔχειν.

306 1533 463 1575 Οὐκοῦν
504 1533 636 1579 αὐτόν,
686 1534 796 1584 εἴπερ
838 1531 1031 1583 ἐβούλετο
1079 1532 1203 1583 ὀρθῶς
1248 1530 1569 1584 διαπράττεσθαι,

239 1605 382 1655 λαχεῖν
405 1601 485 1642 ἔδει
509 1603 578 1651 τῆς
605 1598 829 1651 ἐπικλήρου,
858 1601 935 1639 εἴτε
969 1600 1066 1638 κατὰ
1091 1599 1205 1639 δόσιν
1235 1598 1337 1654 αὐτῷ
1371 1601 1570 1650 προσῆκεν

240 1670 318 1709 εἴτε
344 1670 441 1708 κατὰ
460 1667 588 1721 γένος,
607 1669 641 1708 εἰ
665 1668 738 1718 μὲν
765 1667 816 1708 ὡς
840 1667 938 1718 ὑπὲρ
963 1666 1099 1716 ἀστῆς,
1122 1669 1218 1718 πρὸς
1244 1664 1311 1706 τὸν
1331 1665 1518 1719 ἄρχοντα,
1536 1667 1570 1707 εἰ

238 1737 281 1776 δὲ
306 1735 357 1777 ὡς
379 1736 477 1787 ὑπὲρ
496 1733 623 1785 ξένης,
652 1733 750 1786 πρὸς
782 1733 850 1774 τὸν
883 1732 1152 1785 πολέμαρχον,
1181 1733 1242 1772 καὶ
1271 1733 1373 1779 τότε,
1402 1734 1510 1785 εἴπερ
1533 1749 1571 1773 τι

237 1802 374 1855 λέγειν
399 1802 483 1855 εἶχε
508 1802 671 1847 δίκαιον,
691 1801 887 1841 πείσαντα
906 1801 1015 1851 ὑμῶν
1038 1800 1130 1841 τοὺς
1152 1799 1353 1852 λαχόντας
1371 1801 1470 1851 μετὰ
1493 1803 1569 1840 τῶν

238 1870 368 1920 νόμων
389 1869 453 1909 καὶ
476 1871 545 1919 τῆς
562 1867 706 1921 ψήφου
731 1867 861 1919 κύριον
880 1867 992 1912 εἶναι,
1011 1867 1074 1907 καὶ
1096 1866 1149 1918 μὴ
1174 1866 1291 1907 αὐτὸν
1310 1867 1411 1921 αὐτῷ
1427 1867 1569 1918 νόμους

240 1937 359 1979 ἰδίους
384 1935 548 1987 θέμενον
573 1934 864 1987 διαπράξασθαι
887 1934 912 1974 ἃ
936 1934 1145 1985 ἐβούλετο.

305 2002 521 2055 Σκέψασθε
552 2002 597 2052 δὴ
632 2002 694 2042 καὶ
724 2002 831 2042 τονδὶ
863 2000 932 2041 τὸν
965 2002 1099 2052 νόμον,
1126 2000 1169 2043 ὃς
1204 2000 1354 2042 κελεύει
1385 1999 1455 2051 τὴν
1485 2003 1567 2041 δια-

238 2069 373 2121 θήκην,
400 2068 448 2120 ἢν
473 2069 521 2110 ἂν
542 2069 690 2110 παίδων
725 2070 849 2109 ὄντων
883 2069 1060 2121 γνησίων
1096 2068 1117 2107 ὁ
1142 2067 1269 2120 πατὴρ
1300 2070 1478 2119 διαθῆται
1501 2069 1571 2109 ἐὰν

238 2136 492 2178 ἀποθάνωσιν
517 2139 553 2177 οἱ
579 2140 715 2177 παῖδες
741 2136 832 2188 πρὶν
855 2135 1024 2187 ἡβῆσαι,
1052 2135 1186 2187 κυρίαν
1206 2135 1317 2176 εἶναι.

281 2248 303 2277 6
326 2249 517 2286 παραδοῦναι
536 2246 665 2277 Reiske
684 2257 692 2277 ι
713 2247 882 2278 ἀποδοῦναι
899 2245 995 2277 codd.
1096 2254 1133 2283 13
1158 2245 1332 2277 πολιτίδων
1348 2243 1446 2275 Wolf
1532 2253 1570 2284 15

241 2294 359 2332 κλῆρον
375 2291 455 2331 μήτε
475 2290 663 2332 ἐπίκληρονῙ
685 2303 792 2330 καιρον
807 2290 888 2329 μήτε
906 2293 1025 2331 κλῆρον
1042 2288 1066 2319 S
1175 2299 1212 2328 17
1237 2290 1296 2321 τὸν
1312 2289 1454 2329 ἄρχοντα
1470 2288 1571 2318 habet

240 2335 271 2373 Q
285 2335 375 2366 solus
510 2335 635 2375 κλήρων
657 2333 817 2363 Bekkcr:
843 2337 962 2374 κλῆρον
984 2332 1037 2371 Q:
1061 2333 1118 2364 τὸν
1142 2335 1263 2374 κλῆρον
1284 2332 1309 2362 F
1327 2343 1333 2362 :
1358 2335 1424 2364 τῶν
1445 2332 1572 2372 κλήρων

241 2378 272 2408 R
298 2379 369 2409 iske
531 2378 568 2407 18
592 2378 773 2409 ἀνεπίδικον
789 2376 908 2407 ἮῘΟΙῊ
935 2377 1075 2408 ἐπίδικον
1091 2376 1186 2407 codd.
1346 2385 1389 2406 20
1411 2378 1572 2416 προσῆκεν

240 2421 284 2452 Sc
311 2422 405 2452 aeser
420 2433 427 2452 :
452 2421 627 2462 προσήκειν
642 2421 740 2452 codd.
859 2429 900 2450 22
924 2419 959 2452 δὲ
977 2422 1016 2452 ὡς
1034 2420 1064 2458 Q
1080 2432 1131 2459 γρ.
1151 2430 1157 2450 ;
1182 2418 1215 2450 δὲ
1232 2423 1311 2450 cett.
1429 2420 1470 2448 26
1494 2423 1571 2458 post

239 2464 364 2498 κελεύει
383 2465 484 2496 iterat
500 2466 557 2497 τὸν
575 2464 672 2504 νόμον
685 2464 710 2495 S
729 2464 789 2495 sed
807 2464 941 2504 punctis
958 2464 1106 2494 notatum

1592 1212 1630 1245 ¹5

1592 1619 1632 1641 20

1589 1952 1628 1984 25
