1763 2778
501 118 792 157 ΠΡΟΟΙΜΙΑ.
861 123 1053 158 VIII—XI
1462 114 1601 168 [1425]

769 230 784 266 1

179 329 229 368 Εἰ
252 329 325 378 μὲν
356 326 559 379 ἐγνώκατ’,
590 326 620 367 ὦ
650 326 787 380 ἄνδρες
819 326 1036 377 Ἀθηναῖοι,
1072 328 1112 367 τί
1144 326 1363 378 βέλτιστον
1395 325 1440 368 ὃν

111 393 298 448 τυγχάνει
321 394 465 446 πρᾶξαι
490 394 578 447 περὶ
601 398 678 435 τῶν
704 395 920 446 παρόντων,
947 394 1154 446 ἁμάρτημα
1182 393 1228 435 τὸ
1259 399 1438 445 συμβου-

111 462 242 502 λεύειν
283 463 521 514 προτιθέναι·
565 461 589 502 ἃ
627 463 699 514 γὰρ
736 461 845 501 αὐτοὶ
883 461 974 513 πρὶν
1017 462 1181 501 ἀκοῦσαι
1214 462 1440 512 δοκιμάζετε

73 547 91 577 5
113 527 344 581 συμφέρειν,
370 529 412 569 τί
432 531 492 568 δεῖ
512 527 620 568 ταῦτ’
645 528 857 570 ἀκούοντας
880 527 1007 579 μάτην
1031 529 1307 581 ἐνοχλεῖσθαι;
1340 529 1373 568 εἰ
1399 531 1441 569 δὲ

113 599 300 637 σκοπεῖτε
324 595 386 636 καὶ
411 595 651 646 βουλεύεσθ’
677 595 726 637 ὡς
752 597 794 635 ἐκ
819 599 895 636 τῶν
920 596 1203 647 ῥηθησομένων
1229 595 1441 646 δοκιμάσαι

112 663 216 709 δέον,
242 662 311 703 οὐκ
335 664 458 716 ὀρθῶς
483 662 568 715 ἔχει
596 662 640 703 τὸ
670 663 835 703 κωλύειν
867 662 955 704 τοὺς
991 661 1261 713 βουλομένους
1290 662 1438 715 λέγειν.

113 731 217 782 παρὰ
251 731 326 782 μὲν
358 728 434 783 γὰρ
460 733 538 770 τῶν
563 730 666 771 ὅλως
692 729 972 778 ἀποστ-φάσθ’
999 731 1042 770 ἐκ
1066 734 1134 769 τοῦ
1159 733 1272 769 τοῦτο
1298 734 1438 779 ποιεῖν,
1483 761 1490 768 .

113 799 150 838 εἴ
170 814 207 838 τι
230 795 426 850 χρήσιμον
452 797 744 848 ἐντεθύμηνται·
782 797 872 839 τοὺς
892 796 924 837 δ’
945 795 1119 850 ἀφέντας
1135 797 1160 838 ἃ
1173 796 1441 850 τυγχάνουσιν

56 882 94 905 10
113 864 342 917 ἐγνωκότες,
369 865 424 905 ὧν
447 865 546 916 ὑμᾶς
571 865 774 915 ἐπιθυμεῖν
807 865 968 911 οἴονται,
1004 868 1127 904 ταῦτα
1162 868 1310 905 ποιεῖτε
1346 882 1440 915 συμ-

112 931 337 984 βουλεύειν.
407 930 518 972 ἔστιν
544 930 577 970 δ’
604 931 841 983 ἁμαρτάνειν
865 933 937 982 μὲν
963 930 1220 982 βουλομένων
1245 931 1290 971 τὸ
1321 948 1440 972 συνα-
1461 945 1481 970 2

113 998 321 1051 ναγκόιζειν
344 998 414 1039 τὸν
439 998 615 1051 παριόνθ’
641 999 665 1039 ἃ
688 999 893 1050 βούλεσθε
917 998 1064 1050 λέγειν,
1083 997 1386 1050 βουλευομένων
1407 998 1441 1038 δ’

113 1066 360 1108 ἀκούσαντας
383 1066 407 1106 ἃ
425 1065 640 1118 γιγνώσκει
657 1070 834 1112 σκοπεῖν,
858 1065 928 1106 κᾶν
946 1083 982 1106 τι
1000 1070 1127 1107 καλῶς
1145 1066 1232 1121 ἔχῃ,
1253 1068 1439 1119 χρῆσθαι.

112 1133 222 1186 λέγω
258 1134 302 1174 δὲ
341 1132 447 1173 ταῦτ’
484 1133 553 1173 οὐκ
583 1134 742 1174 ἐναντία
770 1137 850 1173 τοῖς
880 1134 971 1184 ὑμῖν
1004 1132 1243 1185 ἀρέσκουσιν
1278 1132 1441 1184 μέλλων

55 1215 92 1245 15
114 1204 331 1253 παραινεῖν,
366 1200 458 1240 ἀλλ’
487 1198 602 1241 ἐκεῖν’
636 1200 761 1249 εἰδώς,
789 1201 850 1240 ὅτι
881 1199 930 1240 ἂν
953 1202 1025 1251 μὲν
1042 1200 1104 1251 Χμὴ
1130 1199 1339 1251 ’θελήσητε
1364 1204 1441 1240 τῶν

114 1267 400 1320 ἀντιλεγόντων
437 1268 618 1313 ἀκοῦσαι,
646 1266 919 1318 ἐξηπατῆσθαι
955 1266 1158 1319 φήσουσιν
1189 1268 1299 1318 ὑμᾶς,
1328 1266 1377 1307 ἂν
1406 1265 1441 1307 δ’

114 1335 352 1376 ἀκούσαντες
377 1334 429 1386 μὴ
454 1338 657 1386 πεισθῆτε,
685 1334 991 1387 ἐξεληλεγμένοι
1027 1333 1254 1388 παραχρῆμ’
1279 1333 1440 1375 ἔσονται

112 1403 160 1442 τὰ
185 1403 304 1455 χείρω
328 1406 622 1455 παραινοῦντες.

752 1578 808 1616 ΙΑ

14 1695 20 1699 ”
56 1696 96 1718 20
181 1677 328 1727 Οἵομαι
351 1675 502 1718 πάντας
527 1677 636 1727 ὑμᾶς,
656 1674 685 1715 ὦ
711 1675 848 1728 ἄνδρες
874 1675 1087 1726 Ἀθηναῖοι,
1116 1675 1356 1728 γιγνώσκειν
1379 1676 1440 1716 ὅτι

116 1743 160 1783 οὐ
188 1747 407 1796 κρινοῦντες
432 1743 546 1794 ἥκετε
574 1742 740 1795 τήμερον
779 1742 920 1783 οὐδένα
951 1747 1028 1783 τῶν
1054 1743 1306 1788 ἀδικούντων,
1335 1743 1440 1782 ἀλλὰ
1461 1740 1604 1795 [1426]

113 1811 430 1862 βουλευσόμενοι
470 1810 559 1862 περὶ
597 1815 675 1862 τῶν
715 1810 934 1862 παρόντων.
1004 1813 1065 1851 δεῖ
1099 1811 1232 1850 τοίνυν
1257 1808 1327 1851 τὰς
1368 1812 1441 1861 μὲν

116 1879 350 1930 κατηγορίας
373 1876 615 1929 ὑπερθέσθαι
640 1877 787 1923 πάσας,
816 1878 877 1917 καὶ
901 1877 985 1917 τότ’
1011 1879 1053 1918 ἐν
1081 1879 1170 1928 ὑμῖν
1195 1876 1330 1928 λέγειν
1356 1876 1440 1917 καθ’

115 1945 206 1985 ὅτου
232 1943 414 1985 πέπεικεν
447 1944 616 1986 ἕκαστος
649 1945 803 1991 ἑαυτόν,
841 1945 936 1984 ὅταν
972 1945 1059 1984 τινὰ
1091 1944 1295 1996 κρίνωμεν·
1334 1945 1367 1984 εἰ
1399 1943 1442 1984 δέ

56 2032 94 2065 25
115 2012 173 2054 τίς
196 2028 235 2052 τι
252 2010 452 2065 χρήσιμον
475 2008 499 2062 ἢ
526 2011 732 2064 συμφέρον
759 2012 882 2052 εἰπεῖν
908 2011 1005 2064 ἔχει,
1033 2015 1147 2051 τοῦτο
1173 2015 1240 2051 νῦν
1266 2011 1439 2063 ἀποφαί-

115 2081 267 2120 νεσθαι.
339 2078 383 2118 τὸ
407 2081 480 2129 μὲν
510 2080 586 2132 γὰρ
624 2083 857 2131 κατηγορεῖν
890 2083 971 2121 τοῖς
1003 2077 1293 2131 πεπραγμένοις
1322 2079 1438 2130 ἐγκα-

163 2198 182 2218 2
205 2188 242 2220 ὃν
257 2197 322 2219 om.
343 2197 360 2218 r
461 2197 481 2226 5
505 2188 538 2220 τί
554 2188 592 2226 δὴ
611 2211 617 2218 .
636 2211 643 2219 .
665 2211 672 2219 .
692 2187 859 2220 ἀκούοντες
877 2211 884 2218 .
903 2211 911 2218 .
933 2210 940 2218 .
961 2189 1149 2229 ἐνοχλεῖσθε
1167 2188 1224 2217 rD
1335 2187 1356 2216 8
1380 2188 1441 2228 γὰρ

114 2241 178 2263 om.
199 2231 266 2262 FY
283 2242 367 2262 corr.
494 2235 551 2263 τοῦ
581 2231 691 2271 τοῦτο]
723 2231 837 2263 τούτου
864 2232 902 2262 τὸ
931 2231 998 2270 FQ
1027 2236 1060 2261 et
1089 2231 1200 2262 Schol.
1233 2241 1264 2270 p.
1297 2232 1370 2270 817.
1402 2241 1440 2260 12

118 2285 157 2305 12
181 2271 356 2312 βουλεσθαει
374 2274 477 2305 SFY
587 2274 631 2315 δ’]
651 2274 684 2306 δὲ
701 2275 739 2307 τὸ
756 2285 771 2305 r
886 2284 923 2313 14
947 2275 1021 2314 ἡμῖν
1037 2274 1061 2305 S
1074 2274 1141 2313 FQ
1257 2285 1299 2304 20
1321 2274 1441 2306 πάντας

117 2318 211 2359 ὑμᾶς]
229 2318 320 2350 πάντ’
339 2318 383 2349 Y¹
478 2319 676 2359 γιγνώσκειν
691 2323 768 2357 post
781 2320 859 2358 ὑμᾶς
870 2319 965 2358 ponit
978 2328 994 2348 r
1083 2329 1124 2357 23
1149 2316 1335 2359 ὑπερθέσθαι
1352 2318 1376 2347 F
1389 2331 1439 2358 γρ.

117 2362 210 2403 Ωγρ.
243 2361 336 2403 Ῡγρ.
350 2361 455 2392 Coisl.
474 2371 560 2400 339:
583 2361 734 2402 προέσθαι
758 2361 782 2392 S
805 2362 894 2400 vulg.
986 2370 1026 2400 25
1053 2361 1123 2402 ἔχει
1137 2371 1201 2399 mg.
1223 2362 1302 2391 edit.
1323 2360 1441 2399 Paris„

117 2406 159 2436 cs.
189 2405 225 2435 ix
250 2406 314 2444 76:
339 2406 410 2446 ἔχοι
435 2406 531 2436 codd.
722 2406 951 2446 ἀποφαίνεσθαι
976 2404 1055 2436 SF1
1068 2404 1203 2436 Y1rC:
1227 2404 1325 2436 -έσθω
1349 2403 1439 2444 vulg.

117 2449 160 2478 26
182 2451 246 2480 τῶν
262 2448 491 2490 πεπραγμένων
507 2457 524 2479 r
542 2448 627 2490 Syp.
644 2448 730 2488 Γγρ.
747 2448 776 2487 Q
787 2462 840 2490 γρ.

183 2513 270 2535 uhu
1313 2512 1356 2544 24
