1763 2778
158 140 262 195 mn]
529 143 691 181 ΚΑΤΑ
741 142 1114 181 ΘΕΟΚΡΙΝΟΤ
1508 134 1642 188 [1338]

742 270 900 298 ΝΟΜΟΣ.

223 336 412 383 Ἀκούεις,
440 335 469 377 ὦ
494 339 635 388 μιαρὸν
660 334 709 374 σὺ
735 335 881 387 θηρίον,
909 335 931 373 ὅ
966 350 1003 373 τι
1024 333 1204 379 .κελεύει,·
1242 335 1251 350 ‘
1272 332 1341 386 ἀφ’
1369 333 1414 383 ἧς
1439 332 1486 372 ἂν

157 405 264 460 ὄφλῃ
290 400 313 454 ἢ
339 407 408 444 τὸν
433 404 554 454 νόμον
579 400 768 459 παραβῇ.’

223 470 374 511 Ἀκούω
407 472 540 511 τοίνυν
570 468 711 511 αὐτοὺς
747 469 928 509 κάκεῖνον
962 468 1053 519 ὑμῖν
1088 466 1253 518 μέλλειν
1289 466 1485 507 δεικνύναι
1507 483 1550 519 50

118 548 135 580 5
156 541 225 579 τὸν
249 538 383 589 νόμον,
409 536 452 579 ὃς
476 537 717 588 ἀπαλείφειν
742 535 893 576 κελεύει
924 535 1005 576 τοῖς
1038 533 1373 587 ἐγγεγραμμένοις
1408 535 1484 574 ἀπὸ

156 608 225 646 τοῦ
249 603 481 658 ὀφλήματος
507 603 591 643 καθ’
617 603 640 643 ὅ
663 620 701 643 τι
724 601 774 643 ἂν
797 602 942 658 ἐκτίνῃ,
970 602 1032 641 καὶ
1060 600 1278 653 ἐρήσεσθαι
1302 605 1383 642 πῶς
1409 600 1486 641 ἀπὸ

155 676 224 712 τοῦ
247 671 337 724 μηδ’
363 669 682 724 ἐγγεγραμμένου
713 670 1024 721 ἀπαλείψουσιν,
1052 669 1187 721 ὥσπερ
1220 667 1266 707 οὐ
1298 667 1386 720 περὶ
1414 669 1487 718 μὲν

155 743 235 780 τῶν
258 737 590 792 ἐγγεγραμμένων
613 740 752 777 τοῦτον
778 738 968 787 κείμενον,
996 736 1086 788 περὶ
1110 737 1153 776 δὲ
1181 739 1259 775 τῶν
1284 734 1336 785 μὴ
1372 736 1484 787 ἐγγε-

156 805 393 859 γραμμένων
425 805 676 858 ὀφειλόντων
709 803 743 844 δ’
777 805 941 849 ἐκεῖνον,
973 802 1014 843 ὃς
1051 802 1205 843 κελεύει
1237 801 1304 842 ἀπ’
1339 802 1487 852 ἐκείνης

100 890 137 911 10
157 874 336 926 ὀφείλειν
359 875 429 923 τῆς
457 871 617 925 ἡμέρας,
643 870 715 924 ἀφ’
740 871 786 922 ἧς
815 870 864 911 ἂν
888 872 998 926 ὄφλῃ
1025 865 1049 920 ἢ
1079 874 1244 926 παραβῇ
1271 872 1341 909 τὸν
1365 869 1487 919 νόμον

155 936 179 990 ἢ
213 939 258 980 τὸ
288 938 501 993 ψήφισμα.
565 940 605 979 τί
635 939 705 979 οὖν
728 938 797 978 οὐκ
830 938 1029 990 ἀγραφίου
1060 954 1122 988 με,
1157 935 1294 989 φήσει,
1325 935 1485 988 γράφει,
1510 947 1548 983 51

155 1010 226 1047 τὸν
249 1008 468 1059 ὀφείλοντα
493 1006 555 1046 καὶ
586 1005 638 1057 μὴ
670 1003 1012 1058 ἐγγεγραμμένον,’
1047 1005 1109 1044 ὅτι
1131 1004 1153 1044 ὁ
1177 1004 1295 1054 νόμος
1322 1003 1366 1043 οὐ
1391 1005 1487 1042 κατὰ

156 1078 234 1114 τῶν
265 1075 513 1126 ὀφειλόντων
546 1074 607 1113 καὶ
640 1072 691 1123 μὴ
727 1071 1011 1125 ἐγγραφέντων
1045 1070 1196 1111 κελεύει
1228 1070 1297 1111 τὰς
1329 1069 1487 1122 γραφὰς

156 1144 225 1181 τοῦ
255 1141 455 1194 ἀγραφίου
490 1140 603 1186 εἶναι,
639 1138 729 1180 ἀλλ’
766 1140 909 1180 οἵτινες
945 1138 993 1179 ἂν
1031 1137 1301 1198 ἐγγραφέντες
1337 1136 1399 1177 καὶ
1434 1136 1487 1187 μὴ

98 1221 135 1253 15
157 1208 407 1250 ἐκτείσαντες
443 1213 491 1265 τῇ
529 1208 647 1248 πόλει
682 1206 727 1246 τὸ
766 1208 934 1259 ὄφλημα
969 1205 1257 1258 ἐξαλειφθῶσι.
1319 1205 1386 1244 καί
1422 1220 1489 1255 μοι

156 1277 264 1326 λαβὲ
286 1274 357 1316 τὸν
379 1275 503 1327 νόμον
529 1274 591 1315 καὶ
617 1273 831 1326 ἀνάγνωθι.

743 1399 900 1428 ΝΟΜΟΣ.

225 1463 409 1505 Ἀκούετε
443 1468 511 1505 τοῦ
544 1465 677 1515 νόμου,
712 1462 741 1504 ‹T›
779 1462 918 1515 ἄνδρες
954 1462 1150 1509 δικασταί,
1186 1462 1247 1502 ὅτι
1279 1460 1489 1513 διαρρήδην
1512 1475 1552 1511 52

157 1531 281 1585 λέγει,
309 1531 378 1572 ἐάν
403 1548 460 1573 τις
485 1535 562 1572 τῶν
587 1530 837 1583 ὀφειλόντων
862 1534 915 1584 τῷ
941 1530 1120 1583 δημοσίῳ
1151 1528 1202 1579 μὴ
1233 1530 1414 1571 ἐκτείσας
1444 1527 1489 1567 τὸ

101 1623 139 1645 20
159 1601 325 1652 ὄφλημα
347 1604 396 1657 τῇ
427 1599 545 1639 πόλει
579 1598 812 1654 ἐξαλειφθῇ,
840 1596 939 1638 εἶναι
975 1596 1056 1636 κατ’
1081 1595 1199 1636 αὐτοῦ
1231 1597 1301 1637 τὰς
1332 1596 1490 1647 γραφὰς

159 1665 256 1718 πρὸς
280 1665 370 1708 τοὺς
395 1664 638 1718 θεσμοθέτας
663 1667 730 1705 τοῦ
756 1665 967 1717 ἀγραφίου,
996 1663 1058 1703 καὶ
1083 1662 1127 1702 οὐ
1152 1664 1250 1703 κατὰ
1278 1665 1346 1702 τοῦ
1378 1662 1490 1714 ὀφεί-

158 1738 299 1775 λοντος
335 1732 396 1773 καὶ
431 1732 483 1784 μὴ
521 1730 854 1786 ἐγγεγραμμένου,
898 1729 990 1771 ἀλλ’
1025 1729 1192 1781 ἔνδειξιν
1236 1729 1386 1770 κελεύει
1427 1728 1491 1769 καὶ

159 1799 287 1843 ἄλλας
317 1801 503 1853 τιμωρίας
536 1801 634 1840 κατὰ
663 1799 811 1839 τούτων
842 1797 954 1839 εἶναι.
1018 1798 1125 1838 ἀλλὰ
1150 1796 1200 1837 σὺ
1225 1800 1268 1837 τί
1291 1795 1491 1837 διδάσκεις

159 1884 210 1918 με
245 1867 394 1909 πάντας
431 1867 522 1909 τοὺς
562 1867 732 1920 τρόπους
778 1866 836 1908 οἷς
875 1868 937 1906 δεῖ
973 1882 1022 1916 με
1060 1862 1362 1917 τιμωρήσασθαι
1403 1862 1490 1904 τοὺς

102 1935 177 1982 25ἐ
211 1936 233 1974 θ
261 1935 326 1976 ούς
365 1934 457 1975 ἀλλ’
484 1934 528 1975 οὗ
553 1933 636 1974 καθ’
661 1932 706 1974 ὃν
731 1932 974 1974 εἶσελτ’λῑ’θα
1013 1935 1152 1972 τοῦτον
1177 1932 1307 1972 ἀπολο
1338 1934 1390 1971 εῖ-

181 1952 209 1989 X
235 1952 256 1986 ρ
329 1966 339 1981 ²
859 1951 869 1984 Ῐ
975 1964 986 1980 5
1310 1949 1335 1983 γ
1378 1962 1386 1977 5

204 2053 224 2083 3
247 2047 374 2086 παραβῇ
392 2044 449 2076 τὸν
465 2043 561 2083 νόμον
578 2042 610 2074 Α
626 2042 681 2074 hic
697 2046 732 2074 et
751 2046 765 2080 ς
783 2051 826 2082 5ο
841 2052 983 2081 omnes;
1008 2042 1115 2073 citans
1131 2045 1243 2072 tamen
1261 2040 1395 2080 saepius
1414 2041 1492 2071 sub-

161 2092 268 2123 mutat
289 2092 414 2128 orator,
430 2088 470 2118 cf.
488 2087 606 2117 xxxvii
623 2097 666 2126 29
855 2095 874 2125 5
898 2089 965 2118 τοῖς
987 2084 1260 2127 ἐγγεγραμμένοις
1276 2084 1373 2115 Blass
1388 2096 1394 2115 :
1418 2086 1492 2116 τοὺς

162 2130 441 2172 ἐγγεγραμμένους
457 2131 554 2162 codd.
574 2132 679 2172 (γεγρ.
698 2129 746 2169 Α)
882 2140 898 2168 7
923 2132 980 2161 τοῦ
997 2129 1027 2159 Α
1044 2140 1051 2160 :
1075 2129 1192 2160 τούτου
1211 2128 1235 2159 S
1251 2129 1275 2158 F
1286 2128 1316 2167 Q
1332 2140 1339 2158 τ
1362 2131 1419 2159 τοῦ
1436 2130 1492 2159 τοῦ

163 2174 385 2214 Bockmeijer,
397 2175 487 2213 quod
500 2175 557 2205 vix
567 2174 733 2204 Graecum
837 2174 1068 2213 ἀπαλείψουσιν
1079 2173 1215 2203 Dobree
1230 2183 1236 2202 :
1261 2172 1494 2212 ἀπαλείψουσιν

162 2219 260 2249 codd.
276 2229 283 2249 :
306 2218 525 2259 ἀπαλείψωσιν
547 2218 655 2249 Cobet
758 2226 793 2246 11
820 2224 994 2257 αγραφειου
1011 2216 1035 2247 S
1048 2216 1079 2245 A
1175 2216 1272 2256 φήσει
1288 2215 1313 2246 S
1325 2215 1354 2253 Q
1370 2229 1420 2255 γρ.
1442 2215 1470 2244 D
1485 2225 1492 2244 τ

163 2263 242 2303 φησὶ
258 2261 346 2300 vulg.
448 2261 564 2303 γράφει
582 2272 647 2292 om.
664 2261 688 2292 S
700 2260 729 2298 Q
746 2273 797 2300 γρ.
913 2269 1016 2298 14—15
1040 2261 1090 2291 καὶ
1107 2260 1150 2300 μὴ
1167 2260 1370 2291 ἐκτείσαντες
1385 2268 1449 2288 οῐῐ]Δ
1468 2257 1493 2288 S

165 2314 271 2344 19—20
292 2307 332 2346 τῇ
356 2304 447 2337 πόλει
471 2306 508 2337 τὸ
533 2305 664 2346 ὄφλημα
687 2305 717 2334 Α
873 2313 914 2341 23
939 2304 1019 2335 κατὰ
1042 2303 1166 2334 τούτων
1190 2302 1213 2333 5
1227 2303 1294 2332 DF
1312 2316 1363 2343 γρ.
1383 2313 1390 2332 t
1422 2303 1492 2332 κατ’

163 2350 260 2380 αὐτοῦ
282 2348 371 2387 vulg.
392 2348 423 2378 D
434 2362 485 2389 γρ.
600 2357 642 2387 24
658 2347 703 2380 οῖς
718 2347 743 2378 S
759 2347 787 2376 D
801 2346 826 2376 F
838 2360 901 2387 γρ.,
919 2347 961 2377 cf.
976 2347 1046 2376 xxii
1064 2356 1104 2384 25
1122 2357 1130 2377 :
1154 2346 1206 2378 οὓς
1222 2351 1300 2377 cett.
1393 2348 1442 2376 δεῖ
1453 2357 1493 2383 με

162 2392 401 2433 τιμωρήσασθαι
417 2392 441 2423 S
456 2392 486 2422 D
498 2391 523 2422 F
540 2404 592 2432 γρ.
612 2391 641 2429 Q
658 2404 708 2430 γρ.
723 2401 730 2420 :
756 2391 859 2430 ἔξεστι
871 2393 1073 2430 τιμωρεῖσθαι
1088 2389 1155 2419 AF
1169 2389 1199 2428 Q
1301 2398 1342 2427 25
1366 2388 1493 2425 εἰσελή-

163 2439 262 2467 λυθας
276 2433 310 2465 Α
395 2435 662 2476 ἀπολογήσασθαι
681 2434 706 2464 F
719 2433 749 2472 Ω
762 2433 792 2463 D

232 2500 319 2522 ιιι-44
1367 2485 1408 2515 19
