1742 2774
180 137 282 192 κιαι]
509 143 670 181 ΠΡΟΣ
718 143 1148 182 MAKAPTATON
1524 147 1666 202 [1059]

179 242 378 294 βούλομαι
403 241 483 288 οὖν,
510 239 540 282 ὦ
564 241 702 294 ἄνδρες
721 244 917 289 δικασταί,
938 244 1026 295 περὶ
1045 245 1098 284 ὧν
1119 246 1251 296 εἴρηκα
1276 244 1372 297 πρὸς
1390 246 1501 296 ὑμᾶς,
1524 268 1563 302 31

178 310 392 362 μαρτυρίας
408 309 705 363 παρασχέσθαι,
723 314 878 362 πρῶτον
903 312 975 361 μὲν
994 310 1045 366 ὡς
1066 312 1248 361 ε’νίκησεν
1272 316 1339 352 τοῦ
1360 311 1504 364 κλήρου

178 380 248 417 τοῦ
270 375 431 429 Ἃγνίου
463 376 487 428 ἡ
521 377 768 428 Εὐβουλίδου
800 377 972 430 θυγάτηρ
1006 378 1241 432 Φυλομάχη,
1269 379 1374 431 γένει
1403 380 1503 420 οὖσα

180 443 394 497 ἐγγυτάτω,
420 442 556 484 ἔπειτα
579 444 667 497 περὶ
692 447 770 485 τῶν
795 443 931 486 ἄλλων
960 445 1158 487 ἁπάντων.
1230 446 1505 500 ἀναγίγνωσκε

141 533 158 565 5
178 510 249 563 τὴν
272 511 499 565 μαρτυρίαν.

732 626 944 655 ΜΑΡΤΎΡῙΑ.

232 684 474 733 Μαρτυροῦσι
492 683 660 732 παρεῖναι
679 683 771 733 πρὸς
790 686 840 734 τῷ
860 683 1027 735 διαιτητῇ
1046 683 1104 722 ἐπὶ
1125 684 1350 734 Νικοφήμου
1375 686 1502 736 ἄρχον

176 754 249 783 τος,
273 737 333 775 ὅτε
357 738 502 786 ἐνίκησε
525 738 734 788 Φυλομάχη
762 739 786 787 ἡ
815 738 1050 787 Εὐβουλίδου
1080 738 1244 791 θυγάτηρ
1271 742 1336 778 τοῦ
1367 741 1503 790 κλήρου

177 794 242 831 τοῦ
261 792 411 844 Ἀγνίου
430 792 513 832 τοὺς
533 793 869 843 ἀμφισβητοῦντας
890 795 982 844 αὐτῇ
1000 795 1149 833 πάντας.

121 929 158 951 10
237 902 332 944 ‘'O-n
355 905 428 956 μὲν
453 904 638 954 ἐνίκησεν
661 903 683 954 ἡ
712 902 962 955 Εὐβουλίδου
987 904 1159 957 θυγάτηρ
1185 909 1252 945 τοῦ
1273 904 1416 959 κλήρου
1436 910 1504 948 τοῦ
1524 929 1566 965 32

177 971 352 1024 “Αγνίου,
378 971 585 1022 ἀκηκόατε,
613 969 642 1011 ὦ
668 970 806 1023 ἄνδρες
832 973 1027 1012 δικασταί.
1107 973 1167 1013 καὶ
1197 975 1294 1024 αὕτη
1321 975 1503 1025 ἐνίκησεν

177 1038 339 1094 οὐδεμιᾷ
362 1044 589 1095 παρασκευῇ
614 1039 732 1093 ἀδίκῳ
766 1038 855 1079 οὐδὲ
889 1041 1133 1094 συνωμοσίᾳ,
1161 1040 1252 1080 ἀλλ’
1279 1040 1329 1082 ὣς
1355 1042 1438 1081 οἶόν
1462 1059 1504 1083 τε

179 1106 416 1152 δικαιότατα,
436 1104 715 1157 ἐπιδειξάντων
734 1105 844 1157 ἡμῶν
862 1107 922 1146 ὅτι
941 1106 1048 1159 γένει
1067 1107 1267 1160 ἐγγυτάτω
1286 1107 1332 1158 ἦν
1348 1107 1502 1163 Ἁγνίᾳ,

178 1173 223 1214 οὗ
256 1174 368 1214 ἐστιν
401 1174 421 1212 6
455 1174 611 1225 κλῆρος,
642 1173 811 1225 ἀνεψιοῦ
835 1177 926 1216 παῖς
951 1173 1052 1214 οὖσα
1078 1174 1172 1226 πρὸς
1198 1175 1345 1226 πατρὸς
1372 1176 1433 1215 καὶ
1461 1177 1503 1216 ἐκ

1525 1216 1671 1271 [1060]

1524 1282 1567 1318 33

121 1265 157 1296 15
178 1244 245 1281 τοῦ
271 1242 379 1282 οἴκου
397 1240 500 1281 οῧσα
522 1243 593 1280 τοῦ
615 1234 790 1293 Ἀγνίου.
842 1242 1001 1281 ἐπειδὰν
1021 1241 1089 1281 οὖν
1107 1241 1208 1298 λέγῃ
1229 1242 1501 1295 Μακάρτατος,

177 1309 239 1349 ὅτι
269 1308 453 1358 ἐνίκησεν
482 1308 503 1348 6
527 1307 654 1360 πατὴρ
681 1307 797 1348 αὐτοῦ
823 1308 1064 1359 Θεόπομπος
1089 1313 1157 1349 τοῦ
1182 1308 1326 1362 κλήρου
1351 1310 1501 1356 τούτου,

177 1374 487 1427 ὑπολαμβάνετε
505 1375 607 1430 αὐτῷ
627 1376 747 1427 ὑμεῖς,
766 1372 796 1415 ὦ
815 1374 954 1427 ἄνδρες
974 1376 1167 1422 δικασταί,
1189 1378 1249 1417 ὅτι
1276 1378 1338 1418 καὶ
1362 1377 1384 1428 ἡ
1406 1377 1502 1430 γυνὴ

179 1444 364 1493 ἐνίκησεν
396 1442 586 1495 πρότερον
622 1439 645 1492 ἢ
684 1443 924 1494 Θεόπομπος
954 1444 974 1482 6
1008 1444 1159 1484 τουτουὶ
1189 1443 1329 1496 πατήρ,
1358 1446 1419 1485 καὶ
1444 1446 1503 1485 ὅτι

178 1510 334 1551 δικαίως
370 1510 552 1560 ἐνίκησεν
587 1509 610 1561 ἡ
646 1509 742 1562 γυνὴ
782 1511 824 1550 ἐκ
860 1514 927 1550 τοῦ
963 1512 1070 1551 οἴκου
1106 1511 1206 1551 οὖσα
1238 1516 1306 1552 τοῦ
1329 1511 1501 1565 <Αγνίου,

119 1593 160 1616 20
181 1576 430 1628 Εὐβουλίδου
467 1576 638 1629 θυγάτηρ
675 1576 788 1623 οὖσα,
822 1580 892 1616 τοῦ
924 1578 1094 1630 ἀνεψιοῦ
1122 1582 1189 1618 τοῦ
1213 1578 1384 1630 εΑγνίου,
1412 1580 1432 1618 6
1462 1582 1503 1620 δὲ

181 1644 421 1696 Θεόπομπος
446 1644 506 1685 ὅτι
531 1643 599 1684 οὐκ
625 1645 819 1695 ἐνίκησεν,
838 1644 944 1685 ἀλλὰ
963 1645 1274 1697 παρεκρούσατο,
1294 1646 1362 1686 οὐκ
1383 1645 1436 1687 ὢν
1461 1648 1503 1686 ἐκ

179 1715 247 1753 τοῦ
282 1712 389 1752 οἴκου
424 1714 469 1751 τὸ
505 1711 690 1764 παράπαν
719 1715 787 1752 τοῦ
811 1711 984 1765 Ἁγνίου.
1054 1716 1176 1753 ταῦτα
1201 1713 1302 1768 αὐτῷ
1325 1714 1445 1764 ὑμεῖς,
1473 1711 1502 1753 ὦ
1523 1734 1569 1768 34

178 1778 316 1831 ἄνδρες
352 1780 548 1826 δικασταί,
574 1778 896 1830 ὑπολαμβάνετε,
926 1781 988 1820 καὶ
1022 1781 1082 1820 ὅτι
1115 1779 1183 1821 τὸν
1207 1783 1326 1821 παῖδα
1350 1781 1503 1822 τουτονὶ

181 1846 446 1898 Εὐβουλίδην,
471 1845 540 1887 τὸν
577 1846 825 1898 Εὐβουλίδου
861 1847 958 1894 υἱόν,
984 1846 1146 1899 Ἅγνίου
1177 1847 1231 1893 δέ,
1259 1848 1302 1887 οὗ
1341 1849 1451 1888 ἐστιν
1484 1849 1504 1887 ὁ

119 1932 158 1964 25
182 1915 338 1965 κλῆρος,
378 1914 547 1966 ἀνεψιοῦ
587 1917 708 1955 παῖδα
748 1914 845 1966 πρὸς
886 1915 1044 1967 πατρός,
1079 1915 1169 1955 οὕτε
1205 1916 1445 1967 Θεόπομπος
1483 1916 1504 1955 6

180 1979 446 2032 Μακαρτάτου
482 1980 610 2033 πατὴρ
650 1981 738 2022 οὔτε
774 1981 899 2024 ἄλλος
934 1982 1059 2023 οὐδεὶς
1094 1973 1253 2022 πώποτε
1289 1983 1504 2034 ἀνθρώπων

181 2048 376 2099 ἐνίκησεν.
429 2048 513 2089 νυνὶ
538 2047 571 2088 δ’
597 2048 709 2089 ἐστὶν
735 2049 756 2088 6
786 2049 895 2101 ἀγὼν
921 2050 982 2089 καὶ
1014 2049 1037 2100 ἡ
1072 2049 1295 2089 διαδικασία
1325 2050 1412 2101 περὶ
1437 2053 1504 2090 τοῦ

228 2167 293 2196 7-9
316 2157 442 2189 testim.
469 2167 534 2188 om.
562 2157 623 2188 SF
638 2156 668 2196 Q
682 2158 711 2188 D
804 2168 821 2198 7
840 2161 984 2200 διαιτητῃ
1002 2159 1034 2189 l'n
1053 2160 1245 2200 δικαστηρίῳ
1262 2164 1369 2190 mutat
1394 2158 1501 2190 Blass.

181 2201 241 2231 sed
259 2201 289 2231 si
307 2201 463 2232 conferas
481 2203 530 2233 ἐπὶ
547 2202 734 2242 Νικοφήμου
753 2202 827 2243 (361
849 2211 880 2232 Β.
897 2203 939 2241 ς.)
960 2207 993 2232 et
1013 2202 1103 2234 Hell.
1124 2203 1214 2242 Oxy.
1231 2202 1253 2232 ii
1275 2213 1300 2235 1.
1314 2208 1503 2242 temporum

180 2245 265 2274 ratio
275 2254 343 2275 non
356 2249 494 2276 constat.
509 2245 707 2275 testimonio
720 2255 827 2276 uncos
841 2246 1027 2276 addiderim
1118 2256 1156 2276 10
1180 2251 1256 2285 post
1271 2248 1414 2284 ἐνίκησεν
1428 2246 1502 2276 add.

180 2287 356 2329 Φυλομάχη
380 2287 435 2319 A:
470 2298 534 2320 om.
555 2287 712 2327 SFQD,
733 2288 773 2320 cf.
799 2288 884 2319 Isae.
908 2290 940 2319 xi
957 2300 978 2328 9
1117 2299 1154 2328 15
1180 2292 1229 2321 καὶ
1254 2292 1301 2321 ἐπ.
1328 2291 1351 2319 5
1373 2290 1433 2320 sed
1453 2291 1502 2321 καὶ

181 2331 313 2370 punctis
330 2336 483 2362 notatum
602 2334 640 2362 16
664 2334 761 2364 αὐτοῦ
778 2335 793 2363 ὁ
813 2345 846 2363 π.
865 2331 897 2361 Α
1026 2342 1062 2371 17
1088 2338 1121 2362 et
1138 2343 1179 2371 23
1196 2332 1439 2373 ὑπολαμβάνετε
1458 2332 1480 2362 S
1496 2344 1503 2362 τ

182 2374 388 2411 ὑποβάλλετε
405 2379 485 2406 cett.
588 2376 628 2405 18
651 2377 776 2407 τουτουὶ
796 2375 856 2405 SF
871 2375 901 2414 Q
914 2375 943 2405 D
961 2387 968 2405 ε
992 2376 1109 2407 τούτου
1126 2376 1157 2405 Α
1258 2386 1295 2415 19
1319 2376 1369 2416 ἐκ]
1389 2377 1407 2413 ἦ
1428 2378 1462 2407 ἐκ
1479 2375 1503 2406 S

180 2427 220 2447 21
246 2417 339 2456 prius
356 2420 412 2450 οὐκ
425 2429 490 2449 om.
509 2418 540 2449 A
604 2418 675 2451 οὐκἾ
696 2421 759 2452 οὐδ’
774 2418 871 2450 BlaSS
940 2421 980 2449 26
1005 2420 1115 2450 ἄλλων
1133 2421 1232 2452 οὐδεὶς
1249 2421 1314 2451 ἀνθ.
1335 2421 1459 2450 πώποτε
1472 2419 1503 2449 Α

181 2471 221 2500 27
247 2463 301 2493 νῦν
318 2461 342 2490 F
357 2461 386 2500 Q
401 2461 429 2490 D
