1763 2778
111 137 232 193 [1141]
650 137 702 193 [Δ
714 143 752 181 Η
763 143 937 182 Moza)
950 143 1026 182 EN
1038 140 1169 193 ογΣ]
1463 139 1580 195 [nvn

253 252 401 293 τούτων
438 253 666 304 γίγνεσθαι,·
705 253 783 305 ἔφη
818 255 894 306 γὰρ
927 254 970 293 ἐν
1004 254 1050 310 τῇ
1085 254 1171 309 δίκῃ
1207 255 1275 303 τῆς
1310 255 1458 296 αἰκείας
1492 254 1582 296 τοὺς

253 322 325 371 μὲν
365 318 561 372 μάρτυρας
601 319 691 362 τοὺς
727 319 1071 373 παραγενομένους
1111 321 1172 360 καὶ
1208 324 1497 373 μαρτυροῦντας
1533 322 1582 360 τὰ

254 387 447 439 γενόμενα
482 388 524 427 ἐν
559 388 809 442 γραμματείῳ
840 388 937 428 κατὰ
967 386 1037 427 τὸν
1066 388 1187 438 νόμον
1210 390 1372 440 ψευδεῖς
1398 387 1496 428 εἶναι
1521 388 1582 428 καὶ

254 453 319 495 ὑπ’
343 455 439 505 ἐμοῦ
460 453 870 506 παρεσκευασμένους,
890 453 962 505 τὴν
981 453 1014 493 δ’
1034 453 1240 507 ἄνθρωπον
1265 453 1337 505 τὴν
1361 472 1580 508 παραγενο-

253 520 378 572 μένην
402 522 506 573 ἐρεῖν
529 521 695 571 τάληθῆ,
721 521 790 562 οὐκ
816 523 860 562 ἐκ
882 522 1151 574 γραμματείου
1173 525 1464 574 μαρτυροῦσαν,
1491 521 1582 562 ἀλλ’
1603 535 1620 568 5

255 590 297 628 ἐκ
335 590 403 638 τῆς
446 587 708 642 ἰσχυροτάτης
749 590 973 642 μαρτυρίας,
1014 587 1352 641 βασανιζομένην,
1396 589 1584 641 ὁπότερος

213 675 235 709 9
255 654 347 707 ἦρξε
376 659 520 709 χειρῶν
554 657 710 696 ἀδίκων.
781 656 807 697 ἃ
828 654 889 706 δή,
916 656 1024 710 λόγῳ
1057 657 1148 697 τότε
1182 656 1485 709 καταχρώμενος
1521 657 1584 696 καὶ

253 722 449 776 μάρτυρας
487 723 759 777 παρεχόμενος
797 724 962 770 τούτων,
993 723 1124 774 ἠπάτα
1157 723 1249 765 τοὺς
1284 723 1485 769 δικαστάς,
1517 726 1585 764 νῦν

103 786 234 841 [1142]
255 789 509 843 ἐξελέγχεται
545 792 674 843 ψευδῆ
713 793 821 831 ὄντα·
858 793 902 831 τό
937 791 1012 844 γὰρ
1047 794 1161 842 σῶμα
1197 792 1266 841 τῆς
1301 790 1508 844 ἀνθρώπου
1540 790 1585 830 οὐ

255 862 383 912 τολμᾷ
408 860 662 909 παραδοῦναι,
690 856 710 898 ὃ
737 856 1084 911 μεμαρτυρήκασιν
1119 857 1238 898 αὐτὸν
1274 858 1426 899 ἐθέλειν
1458 874 1580 910 παρα·
1605 872 1646 896 10

256 927 399 970 δοῦναι,
419 926 524 965 ἀλλὰ
539 928 698 977 μᾶλλον
713 923 931 982 προῄρηται
944 924 1015 967 τὸν
1031 924 1210 978 ἀδελφὸν
1227 925 1289 965 καὶ
1307 925 1375 966 τὸν
1392 924 1586 976 κηδεστὴν

255 993 604 1045 ψευδομαρτυρίων
644 993 909 1045 ἀγωνίζεσθαι
943 989 968 1043 ἢ
1005 995 1245 1046 παραδοῦναι
1283 991 1328 1032 τὸ
1368 996 1482 1044 σῶμα
1518 995 1587 1043 τῆς

257 1059 463 1111 ἀνθρώπου
500 1059 564 1100 καὶ
599 1061 756 1102 δικαίως
791 1059 1064 1113 ἀπηλλάχθαι,
1090 1060 1154 1100 καὶ
1186 1059 1238 1111 μὴ
1272 1061 1336 1100 διὰ
1363 1060 1499 1112 λόγων
1525 1060 1587 1100 καὶ

259 1125 446 1178 δεήσεως,
485 1127 556 1168 ἐὰν
592 1127 785 1168 δύνωνται
826 1126 1148 1178 ἐξαπατήσαντες
1187 1128 1287 1178 ὑμᾶς
1328 1127 1585 1180 ἀποφεύγειν,

197 1207 240 1232 10
258 1193 454 1237 πολλάκις
477 1195 571 1246 ἐμοῦ
595 1194 945 1248 προκαλεσαμένου
967 1195 1029 1235 καὶ
1049 1193 1330 1245 ἐξαιτήσαντος
1347 1193 1418 1244 τὴν
1437 1193 1586 1247 ἇνθρω-
1610 1208 1647 1242 15

259 1277 335 1302 πον
361 1262 422 1302 καὶ
446 1262 537 1302 τότε
569 1261 773 1313 ἀξιοῦντος
799 1260 1132 1315 παραλαμβάνειν
1157 1262 1219 1302 καὶ
1242 1263 1341 1313 μετὰ
1366 1260 1438 1311 τὴν
1462 1262 1587 1312 δίκην,

261 1328 321 1369 καὶ
352 1329 417 1370 ὅτε
447 1328 622 1380 ἐξέτινον
655 1329 800 1376 αὐτοῖς,
829 1329 891 1370 καὶ
919 1328 985 1382 ἐφ’
1010 1327 1036 1386 ᾗ
1059 1329 1139 1382 ἐγὼ
1162 1329 1249 1385 δίκῃ
1274 1328 1343 1369 τὸν
1369 1328 1589 1381 Θεόφημον

260 1396 385 1436 διώκω
409 1397 479 1447 τῆς
501 1397 661 1443 αἰκείας,
682 1398 745 1438 καὶ
769 1397 812 1437 ἐν
829 1402 877 1454 τῇ
900 1397 1105 1449 ἀνακρίσει
1129 1399 1207 1437 τῶν
1225 1397 1588 1449 ψευδομαρτυρίων,

261 1464 324 1504 καὶ
342 1464 491 1505 τούτων
506 1464 551 1504 οὐ
566 1463 929 1516 προσποιουμένων,
946 1464 1054 1505 ἀλλὰ
1072 1464 1181 1518 λόγῳ
1200 1466 1274 1515 μὲν
1291 1463 1591 1516 μαρτυρούντων

260 1533 307 1571 τὰ
335 1533 477 1584 ψευδῆ,
505 1531 605 1586 ἔργῳ
632 1534 673 1572 δὲ
698 1531 743 1572 οὐ
766 1532 1063 1584 παραδιδόντων
1085 1530 1157 1581 τὴν
1186 1529 1406 1583 ἄνθρωπον·
1446 1530 1486 1570 εῧ
1515 1532 1590 1583 γὰρ
1612 1545 1652 1568 20

260 1597 409 1655 ᾔδεσαν
425 1599 485 1638 ὅτι
503 1597 824 1650 βασανιζομένης
837 1599 958 1650 αὐτῆς
975 1596 1337 1651 ἐξελεγχθήσονται
1354 1597 1588 1643 ἀδικοῦντες,

261 1665 330 1705 οὐκ
365 1659 624 1717 ἀδικούμενοι.
695 1665 746 1708 ὡς
781 1668 823 1707 δὲ
857 1669 979 1706 ταῦτα
1015 1666 1141 1717 ἀληθῆ
1177 1663 1298 1718 λέγω,
1325 1663 1474 1705 τούτων
1501 1664 1592 1716 ὑμῖν

262 1733 536 1786 ἀναγνώσεται
561 1735 632 1776 τὰς
654 1734 877 1786 μαρτυρίας.

816 1849 1041 1876 ΜΑΡΊὝΡΙΑῙ.

203 1934 240 1960 11
322 1929 416 1970 “Orc
451 1933 523 1980 μὲν
559 1930 690 1970 τοίνυν
724 1929 918 1971 πολλάκις
955 1927 1291 1983 προκαλεσαμένῳ
1325 1927 1388 1968 καὶ
1421 1925 1592 1978 ἀξιοῦντι
1615 1939 1652 1971 25

263 2001 514 2050 παραλαβεῖν
550 1997 622 2048 τὴν
658 1997 864 2049 ἄνθρωπον
901 1996 1026 2039 οὐδεὶς
1056 1996 1278 2048 παρεδίδου,
1304 1994 1594 2047 μεμαρτύρηται

262 2065 363 2115 ὑμῖν.
418 2065 481 2104 ἵνα
501 2067 542 2105 δὲ
563 2064 626 2105 καὶ
652 2066 694 2104 ἐκ
720 2065 936 2117 τεκμηρίων
963 2064 1087 2113 εἰδῆτε
1112 2064 1172 2103 ὅτι
1196 2063 1324 2114 ψευδῆ
1348 2058 1591 2113 μεμαρτυρή-

265 2148 392 2178 κασιν,
420 2132 588 2182 δηλώσω
621 2132 725 2183 ὑμῖν.
795 2131 901 2172 οὗτοι
934 2130 1022 2184 γάρ,
1050 2131 1159 2183 εἴπερ
1188 2130 1317 2180 ἀληθῆ
1343 2126 1392 2179 ἦν
1415 2127 1439 2168 ὅ,
1465 2133 1593 2181 φασιν

307 2252 326 2280 4
352 2240 418 2283 ὑπ’]
448 2241 525 2282 ὑπὲρ
552 2241 612 2272 SF
629 2255 681 2283 γρ.
702 2241 732 2281 Q
749 2255 800 2283 γρ.
963 2251 981 2280 7
1006 2241 1095 2281 λόγῳ
1111 2239 1148 2280 S,
1175 2240 1217 2272 cs.
1246 2239 1318 2270 xlix
1335 2248 1402 2278 45:
1436 2241 1481 2279 τῷ
1504 2237 1593 2279 λόγῳ

265 2285 291 2316 F
303 2285 333 2324 Q
350 2286 379 2315 D
532 2286 552 2316 8
575 2285 700 2317 τούτων
715 2285 810 2316 codd.
829 2296 836 2316 :
859 2285 994 2317 τούτους
1013 2284 1146 2315 Dobree
1255 2283 1364 2321 ἠπάτα
1381 2282 1405 2313 S
1423 2293 1429 2312 :
1455 2281 1594 2322 ἐξηπάτα

267 2329 292 2359 F
308 2329 338 2368 Q
352 2329 382 2359 D
474 2339 510 2360 11
536 2330 733 2372 προῄρηνται
752 2329 777 2360 S
791 2328 820 2367 Q
837 2328 866 2358 D
960 2338 997 2367 13
1021 2329 1065 2367 μὴ
1082 2327 1147 2359 del.
1169 2326 1286 2366 Riiger
1380 2327 1417 2355 16
1440 2325 1517 2357 τότε
1529 2322 1597 2368 (τ’)

266 2371 364 2403 Blass
521 2383 557 2412 17
585 2374 739 2414 ἐξέτεινον
754 2373 861 2409 codd„
882 2383 969 2403 corr.
987 2372 1090 2403 Wolf
1230 2371 1268 2400 18
1293 2373 1327 2402 ἐν
1343 2369 1367 2400 S
1385 2380 1392 2399 :
1417 2370 1465 2400 ἐπὶ
1482 2368 1508 2398 F
1520 2368 1550 2406 Q
1565 2367 1595 2398 D

270 2425 308 2456 19
330 2416 623 2457 προσποιουμένων]
647 2416 861 2458 προσιεμένων
884 2418 974 2456 (cum
1000 2415 1141 2453 Wolfio)
1168 2414 1223 2444 vel
1249 2411 1596 2455 προσομολογουμένων

266 2459 761 2534 ῙῙῙῖἰίίῖζὲἑξέἰ(158εὲ’ἐπροσόμολσ’γεΐν
780 2460 890 2491 active
916 2465 1042 2490 tantum
1060 2463 1250 2498 usurpatur.
1279 2458 1396 2488 nescio
1411 2465 1452 2486 an
1470 2455 1595 2495 aliquid
