1763 2778
123 122 266 178 [1389]
665 121 716 177 [Δ
730 127 765 164 H
776 120 1180 176 ΜΟΣΘΕΝΟΎΣ]
1552 119 1615 176 [Lx

289 227 350 266 καὶ
393 228 634 277 γεγενῆσθαι
683 228 813 266 καλῶς
856 223 919 264 καὶ
958 225 1246 264 πεπαιδεῦσθαι
1285 223 1508 275 σωφρόνως
1549 223 1612 264 καὶ

289 291 531 344 βεβιωκέναι
569 292 790 344 φιλοτίμως
828 290 1092 342 συμβέβηκεν
1119 290 1266 337 αὐτοῖς,
1292 288 1338 340 ἐξ
1365 291 1419 330 ὧν
1453 289 1611 332 εἰκότως

289 359 393 410 ἦσαν
440 362 658 405 σπουδαῖοι,
703 359 970 412 αἰσχυνοίμην
1007 357 1057 398 ἂν
1096 358 1133 398 εἴ
1175 374 1212 397 τι
1253 357 1401 397 τούτων
1442 357 1611 409 φανείην

289 427 536 477 παραλιπών.
608 425 773 477 ἄρξομαι,
799 425 831 466 δ’
858 424 935 466 ἀπὸ
959 426 1026 475 τῆς
1051 427 1118 464 τοῦ
1144 423 1279 477 γένους
1306 423 1432 464 αὐτῶν
1456 424 1592 476 ἀρχῆς.

247 510 267 541 4
354 493 405 532 Ἡ
432 495 506 545 γὰρ
533 492 709 545 εὐγένεια
733 495 856 533 τῶνδε
882 495 958 532 τῶν
983 492 1136 543 ἀνδρῶν
1166 493 1207 532 ἐκ
1241 492 1434 531 πλείστου
1464 491 1610 543 χρόνου
1630 503 1648 535 5

291 562 394 612 παρὰ
420 563 543 601 πᾶσιν
574 560 795 612 ἀνθρώποις
829 559 1145 610 ἀνωμολόγηται.
1216 557 1260 598 οὗ
1294 559 1370 610 γὰρ
1400 557 1523 609 μόνον
1554 557 1610 598 εἷς

123 630 270 686 [1390]
291 627 424 679 πατέρ’
451 627 581 669 αὐτοῖς
608 626 670 667 καὶ
693 630 772 668 τῶν
799 626 882 668 ἄνω
915 625 1123 677 προγόνων
1148 624 1231 665 κατ’
1257 623 1362 676 ἄνδρ’
1386 624 1612 676 ἀνενεγκεῖν

291 694 444 749 ἑκάστῳ
469 693 542 744 τὴν
567 693 691 746 φύσιν
717 693 838 739 ἔστιν,
862 692 953 733 ἀλλ’
982 693 1035 733 εἷς
1060 693 1159 742 ὅλην
1185 697 1295 748 κοινῇ
1317 691 1389 741 τὴν
1414 690 1610 744 ὑπάρχου-

291 778 369 802 σαν
406 762 584 813 πατρίδα,
626 760 671 811 ἧς
712 760 951 814 αὐτόχθονες
991 760 1277 811 ὁμολογοῦνται
1315 758 1428 799 εἶναι.
1497 758 1611 809 μόνοι

290 831 365 881 γὰρ
391 826 550 869 πάντων
575 827 803 880 ἀνθρώπων,
833 827 880 878 ἐξ
913 826 1043 878 ἧσπερ
1077 826 1249 878 ἔφυσαν,
1271 825 1419 875 ταύτην
1454 824 1612 880 ᾤκησαν
1635 842 1670 864 ιο

292 897 354 936 καὶ
378 898 460 938 τοῖς
486 893 532 946 ἐξ
553 896 680 935 αὑτῶν
705 894 949 947 παρέδωκαν,
968 894 1075 934 ὥστε
1095 893 1252 935 δικαίως
1269 892 1318 934 ἄν
1337 910 1395 935 τις
1411 890 1611 940 ὑπολάβοι

289 962 377 1004 τοὺς
412 964 485 1014 μὲν
521 960 717 1012 ἐπήλυδας
755 961 945 1004 ἐλθόντας
987 962 1041 1003 εἷς
1078 963 1148 1003 τὰς
1189 961 1326 1002 πόλεις
1365 959 1426 1000 καὶ
1462 959 1612 999 τούτων

291 1030 456 1072 πολίτας
488 1028 906 1081 προσαγορευομένους
935 1028 1093 1079 ὁμοίους
1125 1028 1226 1069 εἶναι
1257 1031 1339 1069 τοῖς
1372 1028 1613 1076 εἰσποιητοῖς

290 1101 369 1137 τῶν
394 1097 556 1146 παίδων,
583 1096 744 1138 τούτους
769 1098 810 1137 δὲ
836 1097 1026 1148 γνησίους
1050 1096 1154 1149 γόνῳ
1180 1097 1248 1145 τῆς
1280 1095 1465 1147 πατρίδος
1499 1094 1613 1134 πολί-

253 1178 360 1214 5τας
384 1162 497 1204 εἶναι.
569 1166 677 1204 δοκεῖ
707 1161 749 1204 δέ
783 1179 851 1215 μοι
887 1163 950 1203 καὶ
985 1161 1030 1202 τὸ
1065 1162 1155 1203 τοὺς
1192 1162 1374 1214 καρπούς,
1401 1162 1458 1202 οἷς
1495 1160 1613 1210 ζῶσιν
1635 1176 1672 1208 15

291 1231 503 1283 ἅνθρωποι,
531 1230 620 1283 παρ’
646 1230 738 1281 ἡμῖν
766 1229 933 1283 πρώτοις
959 1231 1145 1281 φανῆναι,
1172 1229 1294 1282 χωρὶς
1325 1232 1394 1268 τοῦ
1422 1227 1613 1280 μέγιστον

292 1297 518 1350 εὐεργέτημ’
557 1299 612 1340 εἷς
653 1296 802 1339 πάντας
846 1296 1047 1350 γενέσθαι,
1086 1296 1405 1348 ὁμολογούμενον
1447 1297 1612 1346 σημεῖον

290 1364 483 1418 ὑπάρχειν
507 1367 575 1405 τοῦ
597 1364 747 1417 μητέρα
773 1363 844 1414 τὴν
876 1364 1012 1417 χώραν
1046 1363 1148 1404 εἶναι
1174 1366 1253 1403 τῶν
1288 1361 1487 1415 ἡμετέρων
1519 1378 1613 1414 προ-

291 1433 448 1484 γόνων.·
489 1430 617 1473 πάντα
642 1433 719 1484 γὰρ
743 1433 792 1471 τὰ
815 1430 986 1472 τίκτονθ’
1006 1430 1087 1480 ἅμα
1107 1430 1170 1470 καὶ
1194 1429 1348 1482 τροφὴν
1374 1433 1456 1471 τοῖς
1480 1445 1612 1480 γιγνο-

289 1498 424 1550 μένοις
464 1498 529 1540 ἀπ’
568 1499 685 1548 αὐτῆς
723 1500 792 1549 τῆς
831 1497 990 1550 φύσεως
1028 1496 1155 1549 φέρει·
1208 1498 1304 1549 ὅπερ
1342 1495 1402 1547 ἥδ’
1441 1496 1464 1547 ἡ
1503 1496 1612 1549 χώρα
1634 1510 1673 1531 20

291 1567 515 1617 πεποίηκεν.

250 1634 271 1668 6
357 1635 419 1673 Τὰ
441 1635 514 1684 μὲν
534 1634 602 1674 οὖν
622 1635 677 1676 εἷς
694 1632 810 1685 γένος
827 1631 1024 1683 ἀνήκοντα
1042 1635 1203 1672 τοιαῦτα
1222 1629 1271 1671 δι’
1291 1632 1431 1673 αἰῶνος
1444 1629 1613 1683 ὑπάρχει

292 1704 373 1742 τοῖς
397 1703 519 1741 τῶνδε
543 1704 622 1741 τῶν
654 1701 807 1752 ἀνδρῶν
839 1699 1063 1752 προγόνοις.
1134 1700 1183 1739 τὰ
1208 1698 1240 1739 δ’
1265 1699 1320 1740 εἰς
1346 1698 1527 1750 ἀνδρείαν
1553 1695 1615 1736 καὶ

292 1766 364 1817 τὴν
403 1766 532 1818 ἄλλην
569 1767 710 1819 ἀρετὴν
746 1766 875 1808 πάντα
909 1769 983 1817 μὲν
1019 1769 1192 1806 κατοκνῶ
1228 1764 1375 1817 λέγειν,
1412 1763 1612 1817 φυλαττό-

292 1850 410 1885 μενος
433 1834 486 1885 μὴ
512 1836 635 1885 μῆκος
656 1833 820 1886 ἄκαιρον
837 1832 1066 1886 ἐπιγένηται
1091 1836 1144 1887 τῷ
1169 1833 1293 1887 λόγῳ·
1317 1832 1343 1873 ἂ
1368 1833 1410 1873 δὲ
1439 1830 1504 1872 καὶ
1533 1833 1614 1871 τοῖς
1637 1846 1676 1878 25

293 1901 443 1942 εἰδόσιν
478 1899 643 1954 χρήσιμ’
668 1902 971 1952 ἀναμνησθῆναι
1003 1900 1067 1940 καὶ
1100 1902 1182 1941 τοῖς
1219 1899 1394 1951 ἀπείροις
1430 1895 1615 1938 κάλλιστ’

294 1968 470 2014 ἀκοῦσαι,
504 1969 566 2008 καὶ
602 1968 720 2018 ζῆλον
754 1967 840 2022 ἔχει
873 1967 1000 2008 πολὺν
1036 1967 1099 2007 καὶ
1131 1969 1254 2018 μῆκος
1289 1966 1413 2018 λόγου
1449 1964 1613 2010 ἄλυπον,

253 2042 272 2078 7
293 2034 398 2074 ταῦτ’
425 2035 491 2076 ἐπὶ
515 2035 744 2087 κεφαλαίων
771 2036 896 2076 εἰπεῖν
919 2033 1171 2087 πειράσομαι.
1242 2035 1278 2074 οἱ
1308 2031 1383 2085 γὰρ
1415 2034 1485 2083 τῆς
1518 2032 1616 2071 κατὰ

335 2154 354 2182 4
379 2145 580 2185 παραλείπων
597 2143 621 2174 S
773 2154 810 2174 12
835 2145 877 2177 εἷς
894 2144 950 2177 τὰς
969 2143 1057 2182 (τοὺς
1076 2143 1114 2184 S)
1133 2147 1211 2174 ante
1232 2142 1391 2180 ἐπήλυδας
1408 2140 1504 2172 codd.
1520 2150 1527 2170 τ
1551 2139 1615 2169 huc

293 2191 420 2226 transp.
440 2187 538 2217 Wolf
670 2197 707 2225 14
732 2188 883 2227 γνησίους
907 2187 944 2217 S¹
962 2186 1072 2226 vulg.:
1097 2188 1220 2228 γνησίῳ
1238 2186 1262 2217 S
1276 2195 1362 2217 corr.
1384 2196 1391 2214 ε
1415 2184 1478 2215 del.
1491 2183 1612 2221 Cobet,

295 2234 386 2261 recte
404 2231 491 2268 sort.,
511 2230 552 2261 cf.
571 2230 640 2260 xliv
658 2241 700 2270 49
813 2232 947 2263 πολίτας
965 2231 1029 2261 del.
1051 2230 1186 2261 Dobree
1204 2230 1278 2261 coll.
1298 2230 1331 2259 ix
1346 2238 1390 2267 30
1516 2235 1553 2265 15
1577 2226 1616 2256 τὸ

293 2284 359 2305 om.
377 2272 416 2305 5¹
429 2273 473 2304 Y¹
638 2277 677 2304 16
701 2273 853 2316 ἅνθρωποι
871 2273 1024 2304 Bekker:
1049 2275 1204 2315 ἅνθρωποι
1219 2273 1315 2305 codd.
1478 2271 1517 2301 18
1541 2273 1616 2308 post

293 2317 458 2359 προγόνων
480 2317 579 2348 iterat
595 2316 672 2349 εἶναι
692 2318 733 2355 Y,
758 2320 786 2350 εἰ
802 2318 833 2347 in
857 2317 882 2348 S
898 2327 1030 2348 erasum
1186 2326 1228 2355 23
1250 2318 1318 2349 τοῖς
1334 2318 1433 2347 τῶνδε
1448 2318 1513 2346 τῶν
1530 2312 1613 2344 Cod-

296 2360 400 2392 Paris.
419 2370 503 2400 3007
523 2363 625 2401 (teste
644 2361 791 2401 Drerup*
810 2373 816 2391 :
838 2363 948 2393 τοῖσδε
965 2364 1028 2392 τῶν
1045 2365 1124 2392 cett.
1216 2370 1257 2399 25
1282 2359 1466 2400 ἐπι-γένηται
1483 2355 1614 2396 scripsi,

295 2404 336 2436 cf.
370 2404 417 2435 lxi
448 2415 488 2444 27
505 2415 512 2435 :
546 2404 719 2446 ἐγγένηται
750 2404 834 2446 (ἐνγ.
868 2404 907 2443 S)
944 2405 1042 2435 codd.
1203 2414 1243 2442 27
1267 2403 1374 2444 λόγων
1400 2402 1438 2433 F¹
1541 2404 1618 2440 post

294 2449 415 2481 ἄλυπον
431 2449 507 2480 add.
527 2448 647 2490 ἔχοντα
664 2449 761 2481 codd.
779 2460 786 2480 :
810 2448 875 2479 del.
895 2447 1043 2480 Dindorf
1055 2459 1063 2480 ε
1086 2452 1204 2480 contra
1222 2448 1290 2490 ἔχει
1307 2447 1371 2481 del.
1391 2445 1555 2480 Schaeser
