1763 2778
114 117 251 175 [1078]
272 111 798 167 [ΔΗΜΟΣΘΕΝΟὙΣ]
837 118 1000 157 ΠΡΟΣ
1040 118 1461 157 MAKAPTATON
1499 113 1602 169 [me

274 215 366 257 οὐδὲ
396 216 621 268 ἀπαγαγεῖν
650 215 729 256 ἀπὸ
756 219 826 256 τοῦ
856 219 997 268 βωμοῦ
1025 217 1246 258 ὑπεύθυνον
1273 217 1392 258 αὑτὸν
1418 216 1600 269 ποιήσας,

273 284 382 324 ἀλλὰ
417 283 480 324 καὶ
511 283 585 333 τὴν
617 284 759 335 μερίδα
792 288 870 325 τῶν
908 287 1030 335 κρεῶν
1067 283 1191 339 ᾤχετο
1223 285 1366 336 λαβὼν
1397 286 1502 337 παρὰ
1533 289 1603 327 τοῦ

209 357 252 401 83
273 350 411 392 παιδὸς
434 351 602 397 τουτουί,
627 351 766 403 ὥσπερ
793 351 853 390 καὶ
884 353 919 392 οἱ
945 350 1063 392 ἄλλοι
1089 350 1293 404 φράτερες.
1353 353 1530 403 νομίζετε
1556 352 1601 404 δὴ

272 417 342 459 τὸν
368 421 488 459 παῖδα
512 421 666 465 τοῦτον,
685 416 715 459 ὦ
740 417 878 470 ἄνδρες
904 420 1096 465 δικασταί,
1121 420 1318 472 ἱκετηρίαν
1335 420 1427 471 ὑμῖν
1451 423 1603 472 προκεῖ-

273 488 367 526 σθαι
393 486 492 537 ὑπὲρ
520 489 598 526 τῶν
628 486 964 536 τετελευτηκότων
985 485 1146 539 “Αγνίου
1176 486 1240 527 καὶ
1264 487 1515 538 Εὐβουλίδου
1538 487 1602 528 καὶ
1622 503 1640 536 5

271 556 349 594 τῶν
374 552 511 593 ἄλλων
539 556 617 594 τῶν
647 551 726 594 ἀπὸ
747 556 817 593 τοῦ
839 552 1014 605 Ἃγνίου,
1041 553 1103 594 καὶ
1130 553 1315 594 ἱκετεύειν
1339 554 1479 597 αὐτοὺς
1503 555 1602 606 ὑμᾶς

271 620 362 663 τοὺς
392 619 591 667 δικαστάς,
619 620 725 663 ὅπως
747 619 800 671 μὴ
826 619 1169 673 ἐξερημωθήσεται
1201 621 1328 662 αὐτῶν
1351 621 1373 661 ὁ
1398 620 1503 664 οἶκος
1525 621 1602 663 ὑπὸ

107 682 250 737 [1079]
271 691 348 728 τῶν
373 691 522 740 μιαρῶν
547 687 696 728 τούτων
726 687 884 740 θηρίων,
911 689 951 729 οἵ
973 689 1077 729 εἰσιν
1099 689 1144 729 ἐκ
1169 692 1239 729 τοῦ
1264 690 1455 741 Στρατίου
1479 690 1598 736 οἴκου,

273 756 315 796 ἐν
352 757 395 797 δὲ
428 758 482 810 τῷ
511 754 673 808 Ἃγνίου
710 754 950 796 οὐδεπώποτ’
986 754 1185 809 ἐγένοντο·
1236 755 1326 807 μηδ’
1360 756 1602 809 ἐπιτρέψητε

271 822 423 864 τούτοις
448 823 558 876 ἔχειν
580 823 629 862 τὰ
647 821 700 873 μὴ
720 821 984 875 προσήκοντα,
1006 821 1098 864 ἀλλ’
1115 823 1330 864 ἀποδοῦναι
1346 823 1601 876 ἀναγκάσατε
1622 845 1662 867 10

208 890 251 933 34
272 891 327 931 εἷς
362 889 429 930 τὸν
455 889 616 942 Ἃγνίου
643 890 750 930 οἶκον
774 893 855 933 τοῖς
887 889 1160 943 προσήκουσιν
1185 895 1266 934 τοῖς
1291 890 1463 944 Ἁγνίου.
1522 892 1600 944 ἐγὼ

270 959 343 1009 μὲν
378 957 447 998 οὗν
486 957 652 1000 ἐκείνοις
685 973 730 998 τε
765 960 903 1009 βοηθῶ
940 961 1023 1000 τοῖς
1057 959 1385 1009 τετελευτηκόσιν
1420 959 1483 999 καὶ
1518 962 1601 1001 τοῖς

271 1024 406 1075 νόμοις
442 1028 523 1066 τοῖς
559 1025 649 1077 περὶ
679 1024 826 1065 τούτων
860 1024 1066 1076 κειμένοις,
1094 1024 1229 1076 δέομαι
1258 1028 1300 1067 δὲ
1333 1026 1395 1066 καὶ
1424 1027 1544 1077 ὑμῶν,
1571 1023 1600 1066 ὦ

271 1091 408 1144 ἄνδρες
447 1092 642 1138 δικασταί,
671 1092 732 1132 καὶ
771 1092 928 1133 ἱκετεύω
967 1092 1031 1134 καὶ
1063 1093 1282 1144 ἀντιβολῶ,
1314 1093 1367 1145 μὴ
1405 1094 1601 1145 περιίδητε

269 1158 369 1211 μήτε
397 1158 467 1200 τὸν
498 1162 621 1201 παῖδα
645 1159 802 1200 τουτονὶ
829 1159 1077 1212 ὑβρισθέντα
1098 1160 1175 1201 ὑπὸ
1198 1160 1360 1207 τούτων,
1387 1159 1486 1212 μήτε
1509 1161 1601 1203 τοὺς
1623 1182 1660 1214 15

270 1227 491 1279 προγόνους
516 1227 608 1269 τοὺς
638 1226 778 1268 τούτου
804 1226 860 1268 ἔτι
884 1230 1043 1278 μᾶλλον
1067 1227 1460 1281 καταφρονουμένους
1481 1224 1507 1280 ἢ
1530 1232 1600 1271 νῦν

271 1294 652 1347 καταπεφρόνηνται,
674 1296 742 1335 ἐὰν
757 1293 1048 1346 διαπράξωνται
1065 1295 1174 1335 οὗτοι
1189 1295 1212 1335 ἃ
1231 1296 1460 1346 βούλονται·
1493 1296 1600 1336 ἀλλὰ

269 1364 352 1404 τοῖς
375 1379 417 1402 τε
436 1362 571 1413 νόμοις
589 1365 776 1413 βοηθεῖτε
797 1363 859 1403 καὶ
877 1366 957 1402 τῶν
975 1363 1310 1413 τετελευτηκότων
1331 1364 1598 1414 ἐπιμελεῖσθε,

270 1429 375 1470 ὅπως
403 1428 456 1480 μὴ
485 1428 714 1486 ἐξερημωθῇ
738 1429 866 1470 αὐτῶν
889 1428 912 1468 ὁ
934 1428 1054 1472 οἶκος.
1094 1429 1156 1470 καὶ
1180 1432 1302 1470 ταῦτα
1325 1434 1528 1472 ποιοῦντες
1551 1428 1600 1471 τά

268 1512 312 1537 τε
348 1496 480 1536 δίκαια
518 1499 744 1550 ψηφιεῖσθε
787 1496 850 1537 καὶ
886 1497 936 1537 τὰ
975 1497 1117 1550 εὔορκα
1155 1496 1218 1538 καὶ
1254 1498 1303 1538 τὰ
1338 1497 1432 1549 ὑμῖν
1467 1498 1600 1540 αὐτοῖς
1621 1518 1660 1541 20

268 1562 534 1616 συμφέροντα.

310 1684 330 1712 4
354 1674 481 1706 ’τουτονί
500 1673 597 1705 BlaSS
712 1684 731 1713 5
756 1675 806 1706 καὶ
824 1675 1021 1712 Εὐβουλίδου
1037 1684 1102 1706 om.
1122 1674 1153 1705 A
1271 1685 1292 1714 9
1316 1676 1350 1706 ἐν
1366 1673 1402 1706 δὲ
1416 1676 1461 1714 τῷ
1477 1673 1576 1705 Blass
1591 1686 1598 1706 :

269 1718 303 1748 ἐκ
323 1716 356 1749 δὲ
373 1720 430 1749 ’τοῦ
445 1718 543 1748 codd.
661 1728 697 1748 11
725 1720 768 1751 εἰς
786 1719 852 1749 del.
874 1718 1012 1758 Madvig
1129 1728 1166 1757 13
1191 1719 1242 1750 καὶ
1259 1721 1343 1758 ὑμῶν
1360 1718 1384 1749 S
1397 1718 1422 1748 F
1435 1717 1466 1756 Q
1483 1729 1490 1749 ε
1515 1721 1600 1758 ὑμῶν

267 1760 298 1790 Α
314 1760 343 1790 D
452 1763 491 1791 16
514 1762 588 1794 τοὺς
605 1772 668 1793 om.
683 1762 715 1793 A
803 1763 931 1794 τουτουὶ
950 1762 1050 1793 Blass
1150 1772 1192 1792 20
1216 1764 1287 1803 ὑμῖν
1303 1764 1408 1794 αὐτοῖς
1423 1763 1464 1794 τὰ
1481 1761 1512 1793 Α

314 1803 352 1834 In
370 1803 396 1835 S
414 1804 641 1845 subscriptum
