1763 2778
143 139 284 194 [1220]
718 137 1237 192 [AHMOEGJENOTE]
1600 138 1635 193 [L

865 255 1075 282 ΜΑΡΤΎΡῙΑ.

238 333 282 368 43
364 318 489 361 Ἴσως
525 319 605 364 οὖν,
637 315 666 358 ὦ
697 318 832 369 ἄνδρες
865 318 1060 364 δικασταί,
1101 320 1258 358 ποθεῖτε
1285 318 1464 364 ἀκοῦσαι,
1500 320 1564 358 διὰ
1596 319 1636 360 τί

304 403 399 427 ποτε
424 386 444 425 ὁ
471 388 692 438 στρατηγὸς
719 385 787 425 οὐκ
818 383 1014 436 ἠνάγκαζε
1039 388 1177 425 τοῦτον
1207 384 1537 436 παραλαμβάνειν
1562 384 1633 435 τὴν

302 456 411 499 ναῦν,
438 451 626 506 διάδοχον
651 452 798 503 ἥκοντα
823 451 883 492 ἐπ’
909 451 1041 502 αὐτήν,
1059 455 1137 491 τῶν
1163 452 1293 502 νόμων
1312 452 1434 494 οὕτως
1459 453 1633 505 ἰσχυρῶν

303 521 441 561 ὄντων.
511 519 602 571 περὶ
629 518 676 570 δὴ
698 518 848 560 τούτων
881 519 1082 570 βούλομαι
1110 519 1209 569 ὑμᾶς
1234 522 1376 571 σαφῶς
1413 517 1565 569 διδάξαι
1589 518 1632 559 τὸ
1654 530 1670 560 5

303 588 441 628 αἴτιον.
511 587 744 639 Τιμόμαχος
781 585 870 639 γάρ,
909 584 938 626 ὦ
974 585 1111 638 ἄνδρες
1149 587 1343 632 δικασταί,
1377 589 1532 637 πρῶτον
1560 588 1634 638 μὲν

303 655 496 706 ἐβούλετο
523 653 564 694 εὖ
591 652 937 709 κατεσκευασμένῃ
963 659 1011 710 τῇ
1043 651 1191 705 τριήρει
1222 652 1319 704 πρὸς
1347 652 1503 693 ἅπαντα
1533 655 1630 706 χρῆ-

238 736 281 768 44
304 723 411 761 σθαι.
481 720 588 777 ᾔδειν
622 720 691 761 οὖν
722 721 783 761 ὅτι
816 720 930 763 οὗτος
964 722 1037 771 μὲν
1073 721 1321 772 παραλαβὼν
1358 719 1478 770 αὐτὴν
1508 724 1632 762 κακῶς

303 789 447 839 ἔμελλε
472 786 795 841 τριηραρχήσειν·
833 787 922 829 οὔτε
940 786 1016 840 γὰρ
1041 791 1094 842 τῷ
1112 785 1424 840 τριηραρχήματι
1439 787 1526 828 οὔτε
1551 791 1633 829 τοῖς

302 854 514 906 ἐπιβάταις
557 855 618 895 καὶ
666 861 714 912 τῇ
753 855 949 909 ὑπηρεσίᾳ
996 853 1202 908 χρήσοιτο“
1253 853 1379 896 οὐδεὶς
1416 856 1490 907 γὰρ
1531 854 1633 909 αὐτῷ
1658 869 1696 891 ιο

302 926 530 975 παραμενεῖ.
601 922 658 963 ἔτι
685 924 726 962 δὲ
757 922 853 974 πρὸς
878 922 1044 968 τούτοις,
1073 922 1192 962 ὁπότε
1216 920 1268 972 μὴ
1295 920 1424 963 διδοὺς
1450 921 1634 974 ἀργύριον

301 988 546 1041 προστάττοι
570 992 699 1036 πλεῖν,
722 989 789 1029 οὐκ
816 989 985 1040 ἔμελλεν
1011 988 1113 1043 αὐτῷ
1140 987 1356 1039 ἀνάξεσθαι
1380 988 1516 1040 ὥσπερ
1541 989 1631 1041 ἐγώ,

302 1058 409 1097 ἀλλὰ
434 1056 644 1109 πράγματα
677 1055 875 1108 παρέξειν.
947 1055 1043 1108 πρὸς
1069 1058 1110 1096 δὲ
1143 1055 1267 1110 τούτῳ
1301 1056 1518 1105 δανείζεται
1541 1055 1632 1108 παρ’

302 1123 419 1163 αὐτοῦ
442 1122 651 1175 τριάκοντα
675 1126 787 1174 μνᾶς,
816 1123 922 1163 ὥστε
947 1122 998 1173 μὴ
1036 1121 1261 1174 ἀναγκάσαι
1285 1126 1538 1174 παραλαβεῖν
1563 1123 1634 1173 τὴν

236 1207 279 1243 45
302 1194 410 1231 ναῦν.
482 1190 528 1241 ἐξ
548 1192 602 1231 ὧν
628 1193 669 1231 δὲ
694 1189 874 1242 μάλιστά
907 1207 973 1241 μοι
1008 1190 1208 1242 ὀργισθεὶς
1235 1189 1426 1241 ἐπηρέαζε
1459 1189 1521 1230 καὶ
1546 1189 1633 1231 οὐδὲ
1658 1204 1692 1237 15

301 1258 427 1310 λόγον
453 1256 641 1298 ἑκάστοτε
659 1257 785 1298 ἐδίδου
812 1257 900 1298 οὐδὲ
919 1257 1006 1309 περὶ
1035 1257 1134 1303 ἑνός,
1156 1256 1357 1308 βούλομαι
1381 1259 1473 1309 ὑμῖν
1492 1261 1634 1310 σαφῶς

304 1323 584 1377 διηγήσασθαι,
603 1325 651 1365 ἵν’
678 1326 805 1375 εἰδῆτε
831 1326 892 1364 ὅτι
920 1323 964 1364 οὗ
990 1325 1078 1376 περὶ
1105 1325 1290 1366 πλείονος
1308 1324 1519 1375 ἐποιούμην
1544 1325 1633 1365 οὔτε

302 1391 374 1442 τὴν
399 1393 565 1443 ἐμαυτοῦ
587 1392 796 1446 ῥαστώνην
821 1393 865 1432 ἐν
886 1392 1021 1446 ἐκείνῳ
1049 1391 1102 1446 τῷ
1123 1391 1254 1446 χρόνῳ
1275 1391 1364 1432 οὔτε
1387 1390 1459 1442 τὴν
1484 1392 1634 1432 ἐκείνου

300 1459 435 1511 ῥώμην
459 1462 527 1499 τοῦ
551 1457 671 1509 δήμου
695 1462 763 1498 τοῦ
782 1458 1005 1509 Ἀθηναίων
1034 1459 1097 1499 καὶ
1129 1462 1207 1499 τῶν
1240 1459 1384 1509 νόμων,
1411 1458 1502 1499 ἀλλ’
1527 1458 1630 1508 ἠνει-

301 1526 431 1579 χόμην
457 1525 519 1565 καὶ
545 1526 644 1580 ἔργῳ
672 1526 925 1576 ἀδικούμενος
953 1526 1015 1566 καὶ
1041 1525 1151 1580 λόγῳ
1181 1526 1583 1577 προπηλακιζόμενος,
1610 1525 1634 1566 δ.
1655 1541 1695 1563 20

238 1601 282 1642 46
302 1594 440 1648 πολλῷ
478 1610 544 1643 μοι
581 1592 781 1645 βαρύτερα
818 1591 866 1643 ἦν
907 1596 985 1633 τῶν
1027 1591 1313 1643 ἀναλωμάτων.
1385 1592 1436 1634 ὡς
1473 1593 1550 1645 γὰρ
1592 1593 1632 1632 ἐν

303 1658 430 1714 Θάσῳ
470 1660 669 1712 διατριβαὶ
712 1663 780 1699 τοῦ
827 1663 1010 1700 ναυτικοῦ
1059 1660 1278 1712 ἐγίγνοντο,
1318 1659 1543 1712 ἀφικνεῖται
1590 1661 1633 1700 ἐκ

304 1727 496 1777 Μεθώνης
521 1729 590 1777 τῆς
616 1727 866 1769 Μακεδονίας
884 1726 1116 1778 ὑπηρετικὸν
1143 1728 1197 1769 εἷς
1223 1725 1366 1767 Θάσον
1391 1726 1488 1779 ἄγον
1512 1726 1633 1778 ἄνδρα

152 1795 282 1852 [1221]
305 1794 368 1834 καὶ
399 1792 615 1835 ἐπιστολὰς
646 1795 750 1846 παρὰ
790 1793 1099 1846 Καλλιστράτου
1137 1793 1187 1835 ὡς
1217 1794 1464 1847 Τιμόμαχον,
1493 1794 1536 1834 ἐν
1572 1794 1633 1835 αἷς

302 1859 363 1911 ἧν,
409 1860 459 1902 ὡς
501 1861 668 1911 ὕστερον
710 1861 787 1913 ἐγὼ
830 1860 936 1901 ταῦτ’
980 1861 1193 1911 ἐπυθόμην,
1243 1860 1481 1914 ἀποπέμψαι
1528 1860 1632 1916 αὐτῷ
1655 1878 1691 1910 25

301 1925 437 1979 τριήρη
463 1926 534 1978 τὴν
560 1927 703 1979 ἄριστα
728 1927 944 1973 πλέουσαν,
965 1927 1014 1968 ἵν’
1035 1928 1222 1981 ἀφίκηται
1249 1927 1299 1969 ὡς
1316 1927 1448 1969 αὐτόν.
1519 1927 1631 1970 εὐθὺς

301 1994 370 2035 οὖν
393 1999 441 2051 τῇ
465 1995 656 2049 ὑστεραίᾳ
682 1995 761 2046 ἅμα
788 2001 835 2052 τῇ
859 1994 983 2048 ἡμέρᾳ
999 1996 1019 2034 ὁ
1037 1994 1227 2047 ὑπηρέτης
1255 1995 1382 2035 ἐλθὼν
1406 1994 1565 2036 ἐκέλευέ
1582 2012 1630 2045 με

237 2072 280 2107 47
303 2064 439 2103 καλεῖν
481 2063 536 2104 εἷς
574 2061 647 2113 τὴν
688 2065 784 2103 ναῦν
822 2062 912 2103 τοὺς
939 2062 1093 2103 ναύτας.
1169 2063 1253 2103 ἐπεὶ
1293 2064 1334 2102 δὲ
1377 2061 1529 2114 πλήρης
1567 2060 1627 2112 ἦν,

348 2181 369 2210 3
393 2170 469 2203 τότε
486 2171 512 2202 F
528 2170 558 2210 Q
578 2172 608 2202 D
708 2182 724 2210 7
751 2172 784 2203 εὐ
803 2170 1102 2213 κατεσκευασμένη]
1123 2173 1234 2212 ἐγκατ.
1254 2171 1285 2201 Α
1391 2172 1411 2202 8
1435 2171 1501 2213 ᾔδει
1518 2169 1547 2201 Α
1562 2170 1629 2201 FD

301 2224 323 2253 9
346 2214 750 2257 τριηραρχήματιὸνυὶς.,
767 2215 933 2255 Harpocr.
942 2225 969 2246 S.
973 2226 1004 2246 v.
1017 2226 1023 2246 :
1044 2217 1349 2257 ἐπιτριηραρχήματι
1362 2214 1417 2245 Α;
1442 2216 1629 2255 πληρώματι

304 2258 431 2289 Reiske
591 2268 626 2289 11
654 2272 823 2300 παραμενει
849 2258 873 2290 S
899 2258 938 2297 D,
959 2259 1004 2290 cs
1023 2259 1124 2290 Isocr.
1145 2260 1213 2289 xvii
1231 2269 1297 2290 21:
1321 2258 1492 2298 παραμένει
1513 2259 1628 2298 vulg-2

301 2305 474 2343 παραμενοῖ
497 2302 633 2333 Bekker
791 2312 828 2341 15
854 2302 887 2334 δὲ
913 2313 975 2333 om.
1003 2302 1108 2341 SFQ
1125 2302 1154 2332 D
1264 2302 1409 2342 μάλιστά
1431 2316 1482 2342 μοι
1506 2302 1552 2333 S:
1575 2315 1628 2341 μοι

301 2345 447 2384 μάλιστα
464 2351 543 2377 cett.
682 2356 721 2386 19
744 2349 803 2378 τοῦ
819 2348 864 2378 Ἀ.
888 2346 1053 2377 Dindors:
1076 2350 1141 2378 τῶν
1159 2348 1203 2378 Ἀ.
1224 2346 1321 2377 codd.
1457 2356 1497 2384 24
1521 2345 1628 2385 τειμό-

301 2402 408 2429 μαχον
425 2389 462 2421 S¹
597 2398 637 2428 25
662 2389 715 2428 ⁷311]
736 2391 808 2428 ἐνῆν
825 2390 854 2419 Α
942 2389 1046 2431 ταῦτ’]
1066 2389 1187 2422 τούτων
1206 2390 1341 2420 Dobree
1474 2391 1516 2419 26
1539 2391 1627 2422 εὐθὺς

301 2433 389 2473 vulg.
407 2445 414 2465 ι
439 2435 487 2465 ὅτι
505 2435 531 2464 δ’
548 2432 573 2464 S
590 2444 596 2464 :
622 2433 670 2465 ἔτι
688 2435 717 2465 δ’
732 2432 764 2463 Α
781 2444 787 2464 :
811 2433 886 2464 τότε
904 2434 930 2465 δ’
948 2433 1085 2473 Sauppe
1233 2444 1273 2473 27
1293 2432 1443 2465 ἐκέλευσε
1463 2431 1562 2465 Blass
