1763 2778
83 138 222 195 [1247]
668 133 1185 189 [ΔΗΜΟΣΘΕΝΟΎΣ]
1490 132 1567 188 [Lm

243 237 346 292 αὐτῷ
385 238 444 278 ὅτι
481 237 596 279 αὐτὸς
632 240 705 288 μὲν
744 238 914 289 ἀνῆγμαι
954 237 1015 277 καὶ
1051 236 1125 290 οὐχ
1162 237 1243 278 οἶός
1279 253 1320 277 τε
1353 235 1400 287 ἦν
1436 238 1567 277 οἴκαδε

79 307 222 364 [1248]
243 303 474 357 ἀφικέσθαι,
505 305 570 345 ἵνα
600 303 654 356 μὴ
685 304 974 354 κατακωλύοιμι
1001 303 1092 345 τοὺς
1124 302 1332 355 πρέσβεις·
1369 303 1492 358 τούτῳ
1525 305 1565 343 δὲ

243 371 472 423 προσέταξα
503 371 784 422 ἐπιμελεῖσθαί
811 388 854 412 τε
887 375 965 411 τῶν
998 372 1097 411 οἴκοι
1130 370 1194 411 καὶ
1226 373 1398 416 διοικεῖν,
1433 371 1566 421 ὥσπερ

202 446 224 479 6
245 439 307 478 καὶ
333 440 375 478 ἐν
400 442 451 492 τῷ
478 439 704 490 ἔμπροσθεν
727 439 871 492 χρόνῳ.
944 439 986 478 ἐν
1011 440 1052 478 δὲ
1076 443 1123 495 τῇ
1150 438 1222 495 ἐμῇ
1247 438 1442 491 ἀποδημίᾳ
1468 437 1565 477 ἀπο-

243 504 525 558 διδράσκουσιν
549 505 666 546 αὐτὸν
693 505 839 546 οἰκέται
865 508 969 557 τρεῖς
997 503 1044 555 ἐξ
1070 505 1193 557 ἀγροῦ
1224 505 1328 556 παρὰ
1353 504 1503 550 τούτου,
1530 505 1566 544 οἱ
1587 524 1604 554 5

242 574 313 623 μὲν
347 572 413 612 δύο
442 573 496 612 ὧν
530 573 606 625 ἐγὼ
638 572 767 613 ἔδωκα
796 573 912 626 αὐτῷ,
941 572 960 611 ὁ
993 573 1036 613 δὲ
1060 572 1116 614 εἷς
1138 572 1194 612 ὧν
1218 571 1332 613 αὐτὸς
1359 570 1566 621 ἐκτήσατο.

243 639 393 680 διώκων
418 639 486 680 οὖν
503 640 711 680 ἁλίσκεται
735 639 810 679 ὑπὸ
835 638 1011 691 τριήρους
1032 639 1094 678 καὶ
1114 638 1289 692 κατήχθη
1310 640 1364 680 εἷς
1385 640 1564 690 Αἴγιναν,

244 707 305 746 καὶ
339 708 422 747 ἐκεῖ
450 706 614 759 ἐπράθη.
684 706 817 757 ἐπειδὴ
851 709 891 747 δὲ
919 705 1171 746 κατέπλευσα
1203 707 1281 758 ἐγὼ
1306 709 1564 759 τριηραρχῶν,

242 773 513 827 προσέρχεταί
532 790 599 825 μοι
623 775 778 815 Δείνων
803 774 823 813 ὁ
849 774 1025 826 ἀδελφὸς
1049 774 1070 812 ὁ
1093 774 1243 819 τούτου,
1269 771 1399 825 λέγων
1432 771 1500 823 τήν
1523 789 1567 813 τε

241 840 380 881 τούτου
417 840 639 894 συμφοράν,
677 841 792 883 αὐτός
828 858 869 881 τε
912 842 971 881 ὅτι
1011 839 1060 880 δι’
1102 841 1270 892 ἀπορίαν
1310 840 1483 892 ἐφοδίων
1524 840 1568 880 οὐ
1592 859 1628 881 10

242 908 533 961 πεπορευμένος
565 910 623 959 εἵη
657 908 722 948 ἐπὶ
753 911 893 948 τοῦτον
924 907 1150 959 πέμποντος
1181 907 1320 947 τούτου
1352 908 1454 961 αὐτῷ
1485 908 1566 947 ἐπι·

244 975 405 1022 στολάς,
442 976 504 1016 καὶ
534 975 613 1026 ἅμα
643 975 777 1028 λέγων
807 975 904 1028 πρὸς
937 976 1004 1026 ἐμὲ
1039 975 1090 1018 ὡς
1119 975 1252 1015 ἀκούοι
1283 973 1401 1014 αὐτὸν
1431 976 1567 1016 δεινῶς

203 1054 224 1090 7
243 1044 475 1084 διακεῖσθαι.
548 1043 720 1085 ἀκούσας
758 1041 790 1082 δ’
820 1043 898 1095 ἐγὼ
929 1046 1051 1082 ταῦτα
1088 1043 1150 1082 καὶ
1183 1041 1472 1095 συναχθεσθεὶς
1504 1041 1567 1082 ἐπὶ

241 1115 289 1166 τῇ
313 1111 456 1164 ἀτυχίᾳ
479 1115 528 1167 τῇ
551 1110 702 1156 τούτου,
730 1109 968 1150 ἀποστέλλω
994 1109 1064 1150 τὸν
1090 1109 1272 1150 Δείνωνα
1294 1108 1364 1149 τὸν
1388 1108 1566 1161 ἀδελφὸν

242 1177 359 1217 αὐτοῦ
384 1177 496 1220 εὐθὺς
519 1177 583 1218 ἐπὶ
607 1181 758 1224 τοῦτον,
787 1176 875 1219 δοὺς
901 1178 1063 1229 ἐφόδιον
1087 1176 1189 1231 αὐτῷ
1223 1176 1448 1229 τριακοσίας
1473 1178 1563 1226 δρα-
1590 1192 1626 1223 15

241 1243 359 1297 χμάς.
430 1245 670 1297 ἀφικόμενος
695 1244 728 1285 δ’
754 1244 866 1286 οὗτος
894 1245 955 1285 καὶ
982 1244 1109 1284 ἐλθὼν
1143 1243 1194 1285 ὡς
1223 1245 1291 1294 ἐμὲ
1316 1247 1470 1295 πρῶτον
1494 1245 1566 1294 μὲν

240 1310 440 1362 ἠσπάζετο
474 1312 536 1352 καὶ
569 1309 705 1368 ἐπῄνει
741 1312 802 1352 ὅτι
830 1311 1037 1364 παρέσχον
1068 1310 1118 1351 τὰ
1151 1311 1292 1363 ἐφόδια
1324 1314 1376 1365 τῷ
1403 1311 1565 1364 ἀδελφῷ

241 1378 370 1425 αὐτοῦ,
411 1380 472 1419 καὶ
509 1379 677 1431 ὠδύρετο
713 1382 785 1429 τὴν
821 1380 939 1419 αὑτοῦ
976 1377 1200 1430 συμφοράν,
1240 1379 1302 1418 καὶ
1340 1381 1566 1430 κατηγορῶν

241 1445 321 1496 ἅμα
350 1449 427 1486 τῶν
461 1449 600 1486 ἑαυτοῦ
629 1447 783 1486 οἰκείων
810 1446 936 1486 ἐδεῖτό
960 1462 1035 1497 μου
1058 1447 1262 1496 βοηθῆσαι
1288 1446 1402 1499 αὐτῷ,
1430 1445 1566 1496 ὥσπερ

241 1513 303 1553 καὶ
331 1515 371 1554 ἐν
395 1517 447 1567 τῷ
474 1513 698 1565 ἔμπροσθεν
723 1514 854 1567 χρόνῳ
880 1511 927 1562 ἦν
952 1512 1041 1565 περὶ
1065 1511 1184 1553 αὐτὸν
1213 1511 1399 1562 ἀληθινὸς
1432 1513 1564 1564 φίλος·
1588 1533 1626 1555 20

241 1580 303 1620 καὶ
330 1579 460 1620 κλάων
486 1580 576 1631 ἅμα,
600 1581 661 1620 καὶ
686 1579 817 1632 λέγων
842 1581 902 1620 ὅτι
922 1578 968 1630 ἓξ
985 1581 1047 1620 καὶ
1067 1581 1193 1620 εἴκοσι
1217 1582 1325 1630 μνῶν
1348 1578 1566 1631 λελυμένος

200 1659 220 1692 8
240 1648 312 1697 εἴη,
339 1649 581 1700 εἰσενεγκεῖν
613 1649 715 1702 αὐτῷ
748 1664 783 1687 τι
816 1646 974 1687 ἐκέλευέ
1004 1664 1054 1699 με
1085 1648 1138 1689 εἷς
1163 1649 1211 1686 τὰ
1239 1647 1375 1697 λύτρα.
1446 1650 1567 1686 ταῦτα

240 1716 281 1754 δὲ
312 1716 389 1767 ἐγὼ
422 1715 572 1755 ἀκούων
606 1715 668 1754 καὶ
702 1713 873 1764 ἐλεήσας
907 1717 1061 1761 τοῦτον,
1089 1715 1151 1755 καὶ
1188 1713 1269 1765 ἅμα
1303 1715 1403 1766 ὁρῶν
1442 1717 1565 1756 κακῶς

239 1781 484 1832 διακείμενον
505 1783 567 1822 καὶ
584 1782 810 1822 δεικνύοντα
829 1782 925 1832 ἕλκη
952 1783 994 1822 ἐν
1012 1785 1097 1823 ταῖς
1117 1780 1280 1832 κνήμαις
1298 1781 1373 1821 ὑπὸ
1393 1783 1562 1832 δεσμῶν,

238 1849 294 1889 ὧν
322 1848 379 1888 ἔτι
407 1851 477 1891 τὰς
502 1848 623 1891 οὐλὰς
655 1849 754 1902 ἔχει,
784 1850 846 1889 καὶ
876 1850 945 1889 ἐὰν
975 1849 1189 1900 κελεύσητε
1214 1847 1333 1888 αὐτὸν
1357 1847 1493 1899 δεῖξαι,
1520 1847 1565 1888 οὐ
1586 1870 1626 1901 ²5

78 1917 219 1973 [1249]
237 1914 289 1966 μὴ
327 1915 504 1972 ’θελήσῃ,
544 1916 812 1968 ἀπεκρινάμην
847 1916 950 1971 αὐτῷ
987 1917 1048 1956 ὅτι
1084 1917 1147 1956 καὶ
1179 1917 1220 1956 ἐν
1252 1919 1306 1970 τῷ
1339 1915 1564 1967 ἔμπροσθεν

239 1983 369 2037 χρόνῳ
405 1984 488 2033 εἵην
517 1983 618 2038 αὐτῷ
652 1985 771 2037 φίλος
805 1983 1005 2034 ἀληθινός,
1034 1982 1096 2023 καὶ
1131 1986 1199 2024 νῦν
1226 1983 1267 2022 ἐν
1298 1988 1345 2040 τῇ
1379 1987 1565 2037 συμφορᾷ

239 2048 483 2102 βοηθήσοιμι
520 2050 635 2106 αὐτῷ,
675 2051 736 2091 καὶ
773 2050 842 2093 τάς
878 2068 921 2092 τε
955 2051 1197 2103 τριακοσίας,
1229 2050 1275 2092 ἃς
1311 2053 1364 2105 τῷ
1400 2051 1562 2103 ἀδελφῷ

289 2170 303 2190 1
329 2159 369 2199 ἣν
386 2159 410 2191 S
424 2159 534 2200 AQlt
559 2164 627 2200 εἵην
643 2162 731 2201 vulg.
838 2171 858 2201 3
881 2176 917 2194 τε
936 2172 999 2193 om.
1019 2160 1048 2191 A
1157 2172 1176 2200 4
1201 2160 1252 2202 δὲ]
1271 2159 1325 2193 οὖν
1341 2160 1372 2190 Α
1485 2170 1504 2199 5
1531 2163 1561 2201 ἐξ

239 2226 248 2236 .
267 2228 275 2236 .
293 2227 302 2236 .
320 2204 436 2236 τούτου
451 2204 516 2236 del.
537 2205 752 2236 Herwerden
883 2216 905 2245 9
929 2208 945 2237 ὁ
961 2206 1076 2237 τούτου
1093 2203 1124 2235 Α
1141 2216 1148 2236 z
1173 2207 1190 2237 ὁ
1206 2215 1271 2237 οιη.
1291 2204 1314 2235 S
1329 2203 1395 2243 FQ
1408 2203 1438 2234 D
1502 2206 1563 2242 τήν

238 2248 292 2289 τε]
324 2248 421 2286 τήνδε
454 2247 522 2287 SQ
680 2259 719 2280 10
743 2248 808 2290 ὅτι]
839 2251 878 2281 ὡς
902 2248 932 2279 Α
1089 2258 1127 2279 12
1153 2247 1208 2288 ἐμὲ
1229 2248 1320 2279 SD:
1343 2262 1381 2288 με
1404 2247 1459 2278 A:
1484 2249 1562 2286 ὑμᾶς

238 2292 328 2332 vulg.
421 2301 458 2330 14
481 2292 678 2325 ἀποστέλλω
693 2293 724 2323 Α
738 2305 745 2324 :
763 2293 875 2332 πέμπω
887 2292 910 2323 S
924 2292 950 2322 F
962 2292 992 2330 Q
1007 2293 1036 2322 D
1109 2302 1211 2330 14-15
1235 2293 1292 2323 τὸν
1308 2292 1450 2332 ἀδελφὸν
1466 2293 1561 2323 αὐτοῦ

239 2336 303 2367 del.
318 2335 455 2375 Sauppe
548 2346 587 2376 15
609 2337 769 2369 αὐτοῦΑέ
793 2337 909 2368 τούτου
920 2341 998 2368 cett.
1113 2336 1152 2365 16
1175 2336 1263 2375 ὥςμε
1277 2335 1301 2366 S
1318 2334 1347 2364 D
1436 2338 1561 2376 πρῶτον

238 2379 297 2420 μὲν
315 2379 338 2410 S
354 2379 421 2418 ΡΩ
435 2379 486 2410 D:
505 2383 629 2421 πρῶτον
643 2380 674 2410 Α
804 2380 841 2410 18
864 2380 957 2420 prius
974 2379 1040 2420 καὶ]
1060 2389 1139 2409 num
1155 2377 1238 2420 κᾷτα
1250 2380 1267 2410 ‘3
1356 2377 1561 2419 διωδύρετοΑ

240 2431 279 2453 21
305 2423 413 2455 κλάων
427 2422 481 2454 Α;
505 2424 624 2455 κλαίων
641 2428 720 2455 cett.
834 2433 876 2454 22
899 2437 931 2455 τι
949 2422 1093 2461 ἐκέλευε]
1113 2421 1263 2454 ἐκέλευσε
1279 2421 1310 2452 Α
1413 2432 1455 2460 24
1479 2424 1559 2453 δεικ-

240 2466 355 2499 νύοντα
367 2467 391 2497 S
405 2477 412 2497 z
431 2469 510 2499 ἐπιδ.
526 2472 604 2498 cett.
696 2468 755 2499 ὑπὸ
774 2468 796 2497 S
807 2467 839 2497 A
852 2479 859 2498 τ
885 2468 943 2498 ὑπὸ
959 2470 1022 2498 τῶν
1035 2466 1059 2496 F
1070 2465 1100 2505 Q
1115 2466 1143 2496 D
1233 2476 1274 2504 25
1293 2466 1446 2504 κελεύητε
1462 2465 1560 2496 BlaSS

241 2520 281 2549 27
308 2513 362 2542 νῦν
380 2510 426 2551 ἐν]
448 2512 511 2543 νυνὶ
529 2510 560 2540 Α
714 2511 755 2541 28
780 2511 969 2550 βοηθήσοιμι
996 2509 1179 2540 Schaefer:
1207 2510 1399 2548 βοηθήσαιμι
1417 2509 1514 2539 codd.
