1763 2778
85 134 220 189 [1291]
644 128 1165 184 [ΔιιλιοΣΘΕΝοΎΣ]
1491 127 1568 182 [1.v1

79 235 220 290 [1292]
242 235 405 286 ἐνεργον
438 237 564 273 ποιεῖν
607 234 662 274 εἰς
693 232 765 283 τὴν
803 233 1015 284 Αἴγυπτον,
1048 231 1138 272 ἀλλ’
1169 231 1393 271 ἐλυσιτέλει
1430 235 1565 285 πολλῷ

177 316 222 350 30
239 304 396 352 μᾶλλον
415 301 518 340 τοῦτ’
535 297 556 350 ἦ
575 298 676 352 δεῦρ’
702 301 959 340 ἐπαναπλεῖν.
1019 300 1148 338 ἐκεῖσε
1172 298 1244 349 μέν
1272 315 1315 350 γε
1342 299 1401 338 ἀεὶ
1427 297 1565 350 ὡραῖος

242 369 262 407 ὁ
286 371 422 414 πλοῦς,
452 368 514 408 καὶ
539 367 596 408 δὶς
616 364 638 416 ἢ
659 367 740 418 τρὶς
764 367 941 419 ὑπῆρχεν
967 365 1096 406 αὐτοῖς
1121 364 1372 417 ἐργάσασθαι
1393 368 1446 419 τῷ
1463 364 1564 419 αὐτῷ

240 435 422 489 ἀργυρίῳ
461 436 627 475 ἐνταῦθα
651 433 684 474 δ’
710 432 1027 484 ἐπιδημήσαντας
1058 431 1364 485 παραχειμάζειν
1393 432 1471 472 ἔδει
1505 432 1565 471 καὶ

240 501 463 554 περιμένειν
504 500 575 551 την
622 500 780 553 ὡραίαν.
852 499 948 540 ὥστ’
987 500 1130 540 ἐκεῖνοι
1175 501 1248 550 μὲν
1287 500 1322 539 οἱ
1364 498 1603 548 δανεισταὶ5

1283 564 1342 579 ‘vx'
1423 565 1432 578 Q

241 567 626 621 προσκεκερδήκασιν
653 568 715 607 καὶ
741 568 808 608 οὐκ
839 568 1031 619 ἀφείκασι
1066 567 1218 608 τούτοις
1251 576 1378 606 ουοεν·
1415 569 1507 616 ημῖν
1531 564 1565 606 δ’

240 635 314 689 οὐχ
339 636 445 677 ὅπως
477 634 565 687 περὶ
593 638 661 675 τοῦ
684 634 800 675 τόκου
825 635 845 673 ὁ
869 634 990 687 λόγος
1016 635 1140 680 ἐστίν,
1169 632 1259 674 ἀλλ’
1284 633 1373 673 οὐδὲ
1396 633 1566 686 τάρχαῖα

240 703 464 752 ἀπολαβεῖν
489 701 697 753 δυνάμεθα.

176 781 216 816 3¹
309 769 376 820 Μὴ
419 769 486 809 οῦν
524 768 775 823 ἀποδέχεσθε
815 768 955 810 τούτου
988 768 1268 821 φενακίζοντος
1295 768 1393 818 ὑμᾶς
1426 766 1489 807 καὶ
1517 768 1565 806 τὰ

241 839 336 888 πρὸς
373 836 463 878 τοὺς
505 836 652 878 ἄλλους
687 838 896 878 δανειστὰς
930 834 1187 888 πεπραγμένα
1216 833 1562 887 παραβάλλοντος,
1589 853 1627 873 ιο

239 902 330 944 ἀλλ’
372 904 437 944 ἐπὶ
478 902 550 954 τὴν
591 903 831 956 συγγραφὴν
868 902 1028 955 ἀνάγετ’
1066 902 1183 942 αὐτὸν
1221 901 1285 942 καὶ
1322 900 1370 941 τὰ
1408 902 1451 941 ἐκ
1498 903 1565 951 τῆς

240 972 474 1023 συγγραφῆς
499 971 640 1011 δίκαια.
712 971 800 1011 ἔστι
829 971 905 1023 γὰρ
939 970 1028 1021 ἐμοί
1055 986 1095 1010 τε
1120 968 1262 1009 λοιπὸν
1287 966 1438 1018 διδάξαι
1466 968 1565 1019 ὑμᾶς

239 1041 363 1085 τοῦτο,
400 1038 462 1078 καὶ
491 1038 602 1078 οὗτος
637 1037 880 1091 ἰσχυρίζεται
911 1041 963 1092 τῷ
995 1037 1096 1091 αὐτῷ
1126 1036 1264 1090 τούτῳ,
1296 1035 1464 1088 φάσκων
1496 1034 1566 1085 την

242 1104 478 1157 συγγραφὴν
509 1105 683 1145 κελεύειν
716 1105 914 1155 σωθείσης
943 1106 1011 1154 τῆς
1040 1104 1136 1145 νεὼς
1164 1103 1392 1143 ἀποδιδόναι
1419 1101 1463 1142 τὸ
1495 1100 1562 1141 δά-

175 1188 220 1224 32
240 1188 356 1212 ιἐιυν-
420 1172 482 1212 καὶ
506 1171 617 1223 ἡμεῖς
641 1174 761 1212 ταῦτα
785 1172 883 1212 οὕτω
910 1173 1042 1224 φαμὲν
1078 1174 1158 1211 δεῖν
1189 1170 1311 1223 ἔχειν.
1381 1168 1503 1220 ἡδέως
1532 1167 1564 1209 δ’
1588 1187 1624 1218 15

239 1237 287 1279 ἂν
312 1240 506 1290 πυθοίμην
532 1238 647 1279 αὐτοῦ
673 1242 759 1284 σοῦ,
787 1239 955 1289 πότερον
981 1238 1031 1280 ὡς
1063 1239 1160 1290 ὑπὲρ
1185 1236 1472 1289 διεφθαρμένης
1496 1237 1565 1286 τῆς

239 1306 336 1348 νεὼς
361 1303 596 1358 διαλέγει,ἦ
628 1306 678 1348 ὡς
716 1307 810 1358 ὑπὲρ
846 1304 1121 1360 σεσῳσμένης.
1194 1305 1227 1345 εἰ
1264 1306 1336 1355 μὲν
1374 1305 1447 1356 γὰρ
1486 1302 1561 1344 διέ-

241 1376 413 1425 φθαρται
438 1373 460 1423 ἡ
487 1376 578 1415 ναῦς
603 1374 666 1413 καὶ
691 1373 913 1419 ἀπόλωλεν,
945 1374 984 1413 τί
1006 1373 1094 1424 περὶ
1119 1375 1196 1412 τῶν
1231 1372 1357 1412 τόκων
1386 1369 1566 1423 διαφέρει

240 1440 302 1480 καὶ
327 1439 451 1490 ἀξιοῖς
474 1440 576 1491 ἡμᾶς
602 1440 831 1491 κομίζεσθαι
855 1439 946 1481 τοὺς
971 1440 1025 1481 εἰς
1041 1438 1176 1479 Ῥόδον
1200 1439 1356 1485 τόκους,·
1383 1438 1470 1478 οὔτε
1489 1436 1564 1490 γὰρ

239 1507 328 1549 τοὺς
357 1507 493 1549 τόκους
518 1507 605 1548 οὔτε
630 1507 801 1560 τάρχαῖα
826 1505 1018 1559 προσήκει
1041 1506 1140 1557 ἡμᾶς
1166 1506 1401 1556 ἀπολαβεῖν.
1474 1505 1508 1545 εἰ
1532 1503 1565 1544 δ’
1586 1525 1627 1547 20

240 1574 349 1614 ἐστὶν
373 1574 395 1625 ἡ
423 1577 514 1616 ναῦς
540 1578 619 1615 σῶς
646 1574 708 1614 καὶ
732 1573 783 1626 μὴ
801 1573 1045 1626 διέφθαρται,
1073 1574 1135 1614 διὰ
1159 1574 1201 1614 τί
1221 1572 1312 1624 ἡμῖν
1337 1571 1405 1612 οὐκ
1430 1572 1564 1612 ἀποδί-

176 1654 219 1688 33
240 1644 314 1683 δως
339 1643 387 1681 τὰ
415 1640 597 1694 χρήματα
621 1642 645 1682 ἃ
675 1640 936 1693 συνεγράψω;
967 1641 1090 1681 πόθεν
1115 1640 1182 1680 οὗν
1214 1638 1484 1691 ἀκριβέστατα
1517 1637 1566 1679 ἂν

239 1707 411 1759 μάθοιτε,
443 1707 580 1760 ἄνδρες
605 1708 822 1759 Ἀθηναῖοι,
857 1709 918 1748 ὅτι
951 1707 1157 1762 σέσῳσται
1185 1707 1208 1758 ἡ
1241 1710 1351 1753 ναῦς;
1388 1706 1566 1757 μάλιστα

239 1777 311 1826 μὲν
337 1774 383 1826 ἐξ
405 1775 521 1816 αὐτοῦ
545 1779 611 1816 τοῦ
637 1774 736 1816 εῖναι
760 1774 831 1826 τὴν
855 1777 949 1816 ναῦν
979 1776 1021 1815 ἐν
1053 1778 1155 1829 πλῷ,
1182 1774 1255 1827 οὐχ
1281 1773 1398 1825 ἧττον
1431 1775 1472 1814 δὲ
1503 1772 1566 1812 καὶ

241 1841 286 1893 ἐξ
321 1843 375 1882 ὧν
414 1841 522 1883 αὐτοὶ
564 1842 670 1883 οὗτοι
707 1841 909 1894 λέγουσιν.
982 1840 1162 1892 ἀξιοῦσιν
1204 1843 1285 1894 γὰρ,
1319 1840 1420 1891 ἡμᾶς
1448 1838 1496 1880 τά
1523 1857 1566 1880 τε
1587 1857 1625 1888 25

240 1909 384 1961 ἀρχαῖα
409 1910 632 1960 ἀπολαβεῖν
659 1909 720 1948 καὶ
744 1908 860 1961 μέρος
885 1925 921 1949 τι
945 1912 1022 1949 τῶν
1054 1909 1192 1955 τόκων,
1220 1908 1271 1950 ὡς
1305 1906 1565 1962 σεσῳσμένης

77 1950 219 2050 [12934
238 1977 310 2025 μὲν
334 1977 401 2026 τῆς
427 1975 535 2022 νεώς,
563 1976 607 2016 οὐ
632 1976 893 2017 πεπλευκυίας
925 1977 966 2016 δὲ
996 1974 1123 2015 πάντα
1155 1975 1224 2016 τὸν
1259 1978 1398 2016 πλοῦν.
1469 1991 1563 2014 σκο-

241 2045 349 2083 πεῖτε
386 2041 438 2089 δέ,
482 2041 510 2082 ὦ
547 2042 685 2095 ἄνδρες
722 2041 939 2093 Ἀθηναῖοι,
971 2043 1138 2094 πότερον
1168 2042 1279 2093 ἡμεῖς
1307 2045 1389 2083 τοῖς
1420 2042 1461 2081 ἐκ
1497 2043 1566 2092 τῆς

284 2161 303 2181 2
326 2164 366 2192 ’γε
389 2149 444 2182 A:
468 2151 529 2193 ’γὰρ
553 2150 577 2182 S
591 2151 616 2182 F
631 2150 662 2189 Q
678 2151 707 2182 D
839 2151 884 2183 ἀεὶ
911 2153 1019 2192 ὡραῖος
1041 2150 1175 2190 Sandys
1194 2162 1200 2182 :
1225 2150 1365 2191 ἀκέραιος
1389 2150 1412 2181 S
1427 2150 1495 2189 FQ
1511 2149 1565 2181 D.-

240 2195 398 2236 ἆκαριαῖος
415 2193 445 2223 Λ
578 2204 597 2233 5
622 2193 851 2234 παραμένεινΛ
982 2196 1004 2224 6
1020 2193 1384 2236 προσκεκερδάγκασιΛ,
1400 2194 1564 2224 IIcrwer-

240 2238 318 2275 den,
337 2239 475 2268 sormam
494 2249 560 2269 non
581 2243 660 2268 ante
677 2238 855 2268 Aelianum
876 2238 952 2278 (181
977 2238 1007 2278 ι)
1026 2243 1217 2277 usurpatam
1309 2238 1449 2278 ἆφήκασι
1467 2237 1562 2268 codd.

244 2291 282 2312 10
305 2282 593 2324 παρεμβάλλοντος
625 2281 733 2318 Wolf,
767 2281 900 2312 Dobrce
1059 2292 1092 2311 11
1119 2281 1297 2322 ἀναγάγετε
1329 2281 1359 2310 Λ
1470 2281 1564 2312 αὐτὸν

239 2325 327 2363 vulg.
346 2337 353 2355 τ
378 2327 476 2363 αὐτὴν
494 2326 518 2355 S
656 2335 691 2354 12
717 2326 785 2364 ἐμοί
799 2339 834 2357 τε
852 2324 882 2354 Λ
899 2337 905 2355 :
932 2326 1040 2365 ἔμοιγε
1054 2330 1132 2355 cett.
1272 2334 1309 2362 13
1334 2326 1382 2356 καὶ
1401 2323 1465 2354 SA
1482 2336 1487 2354 :
1513 2325 1563 2356 καὶ

238 2369 263 2410 ᾧ
297 2369 408 2406 FQD
491 2367 719 2409 διισχυρίζεται
750 2367 780 2397 Λ
874 2370 912 2398 16
940 2367 1031 2408 ὑπὲρ]
1065 2369 1133 2409 περὶ
1164 2367 1195 2397 Λ
1301 2377 1337 2406 17
1362 2368 1473 2397 verius
1486 2367 1563 2398 sort.

240 2414 421 2453 σεσῳμένης
434 2416 467 2442 et
486 2412 556 2452 (23)
575 2411 724 2452 σέσῳται,
744 2412 783 2442 cf.
804 2411 902 2441 phot.
921 2422 947 2442 s.
959 2422 988 2442 ν.
1090 2421 1126 2440 21
1155 2414 1216 2443 σῶς
1235 2411 1402 2442 Dindorf:
1429 2412 1496 2443 σώα
1511 2410 1564 2440 vel

240 2456 302 2496 σῴα
319 2456 415 2487 codd.
506 2457 561 2487 οὐκ
580 2456 731 2488 ἀποδίδως
748 2454 779 2484 Λ
794 2467 800 2486 :
826 2457 861 2486 οὐ
879 2456 968 2487 δίδως
989 2456 1012 2485 S
1024 2454 1048 2485 F
1065 2454 1094 2492 Q
1109 2454 1138 2484 D
1280 2465 1321 2493 24
1347 2456 1379 2486 ἐν
1391 2457 1435 2494 τῷ
1450 2456 1520 2494 πλῷ
1532 2453 1566 2483 Α
