1763 2778
170 129 244 186 mu]
688 135 718 172 E
731 135 873 172 ΡΩΤΙ
887 134 1006 172 ΚΟΣ
1517 127 1657 183 [1404]

169 233 318 275 ἅπασιν
344 234 455 275 ἔστιν
478 234 628 288 γνῶναί
651 251 738 279 σου,
766 232 810 273 τὸ
835 233 996 279 κάλλος,
1024 233 1087 273 καὶ
1110 233 1249 273 τούτου
1274 232 1318 273 τὸ
1342 237 1493 286 χρῶμα,

169 301 217 342 δι’
251 301 295 342 οὗ
329 301 392 341 καὶ
420 303 468 341 τὰ
502 300 603 352 μέλη
642 301 704 341 καὶ
740 301 836 340 ὅλον
873 299 918 340 τὸ
953 303 1070 350 σῶμα
1105 300 1302 352 φαίνεται.
1373 299 1401 355 ᾧ
1423 300 1495 340 τίν’

168 368 442 421 ἁρμόττουσαν
468 368 584 409 εἰκόν’
610 367 756 420 ἐνέγκω
783 370 945 408 σκοπῶν
970 366 1043 420 οὐχ
1063 367 1152 419 ὁρῶ,
1173 367 1280 407 ἀλλὰ
1299 368 1492 419 παρίστα-

166 437 234 476 ταί
254 452 322 487 μοι
345 438 501 476 δεῖσθαι
518 439 597 476 τῶν
621 435 872 487 ἀναγνόντων
897 435 1009 475 τόνδε
1031 433 1101 475 τὸν
1125 434 1250 486 λόγον
1274 436 1321 475 σὲ
1348 436 1491 486 θεωρῆ-

127 514 146 548 5
168 519 237 543 σαι
276 502 339 544 καὶ
379 504 487 550 ἰδεῖν,
531 503 595 543 ἵνα
633 502 868 554 συγγνώμης
910 501 1017 555 τύχω
1057 503 1179 553 μηδὲν
1216 502 1352 552 ὅμοιον
1390 502 1496 554 ἔχων

167 571 306 612 εἰπεῖν.
368 574 421 625 τῷ
442 571 518 622 γὰρ
536 566 622 622 (ἂν)
642 568 817 610 εἰκάσειέ
834 585 905 615 τις,
924 567 944 609 ὃ
965 568 1108 619 θνητὸν
1126 566 1171 609 ὂν
1192 568 1389 609 ἀθάνατον
1412 573 1494 610 τοῖς
1518 587 1556 613 11

166 638 316 678 ἰδοῦσιν
353 636 601 689 ἐνεργάζεται
637 636 772 682 πόθον,
812 636 874 676 καὶ
910 636 1107 688 ὁρώμενον
1145 635 1213 676 οὐκ
1256 636 1492 688 ἀποπληροῖ,

167 703 230 744 καὶ
263 705 465 756 μεταστὰν
498 703 796 756 μνημονεύεται,
837 704 899 744 καὶ
935 703 1007 753 τὴν
1036 707 1114 744 τῶν
1151 706 1250 744 θεῶν
1285 702 1401 754 ἀξίαν
1431 702 1494 744 ἐπ’

165 771 373 824 ἀνθρώπου
410 770 534 823 φύσιν
570 770 666 824 ἔχει,
697 769 795 823 πρὸς
827 773 901 822 μὲν
935 770 1007 820 τὴν
1044 769 1277 823 εὐπρέπειαν
1308 770 1492 821 ἀνθηρόν,

106 851 145 874 10
164 837 262 890 πρὸς
303 840 344 879 δὲ
385 836 456 880 τὰς
495 839 622 880 αἰτίας
663 837 951 888 ἀνυπονόητον,·
995 838 1100 878 ἀλλὰ
1141 836 1218 888 μὴν
1256 837 1343 878 οὐδὲ
1385 836 1493 877 ταῦτ’

165 905 278 946 ἔστιν
305 905 565 945 αἰτιάσασθαι
596 901 722 957 [πρὸς]
751 904 822 954 τὴν
850 904 928 954 σὴν
959 906 1072 956 ὄψιν,
1098 904 1124 946 ἃ
1155 908 1323 947 πολλοῖς
1353 904 1494 946 ἄλλοις

163 971 235 1023 ἤδη
279 971 500 1025 συνέπεσεν
539 976 619 1012 τῶν
661 972 833 1013 κάλλους
880 972 1179 1025 μετασχόντων.
1249 968 1272 1021 ἦ
1320 970 1397 1024 γὰρ
1442 970 1491 1012 δι’
1516 987 1556 1012 12

164 1040 380 1092 ἀρρυθμίαν
413 1042 484 1080 τοῦ
518 1038 724 1093 σχήματος
760 1038 921 1080 ἅπασαν
959 1039 1228 1091 συνετάραξαν
1264 1038 1334 1088 τὴν
1367 1038 1489 1089 ὑπάρ-

163 1123 317 1161 χουσαν
348 1105 596 1158 εὐπρέπειαν,
624 1103 646 1156 ἦ
681 1105 728 1146 δι’
763 1106 947 1160 ἀτύχημά
979 1122 1018 1146 τι
1050 1106 1186 1147 καὶτὰ
1210 1109 1339 1148 καλῶς
1365 1111 1491 1156 πεφυ-

103 1189 141 1221 15
164 1174 259 1214 κότα
281 1173 550 1225 συνδιέβαλον
573 1174 689 1228 αὐτῷ.
759 1174 813 1213 ὧν
836 1173 966 1214 οὐδενὶ
988 1172 1061 1224 τὴν
1087 1173 1165 1224 σὴν
1187 1174 1285 1226 ὄψιν
1317 1174 1493 1226 εὕροιμεν

162 1240 210 1282 ἂν
230 1241 374 1294 ἔνοχον
398 1239 680 1294 γεγενημένην·
719 1241 818 1281 οὕτω
843 1242 920 1293 γὰρ
943 1239 1089 1293 σφόδρ’
1112 1240 1344 1293 ἐφυλάξατο
1361 1241 1493 1282 πάσας
1514 1241 1653 1296 [1405]

162 1309 230 1350 τὰς
255 1308 437 1351 τοιαύτας
474 1310 592 1361 κῆρας
622 1309 738 1351 ὅστις
768 1307 855 1349 ποτ’
889 1307 937 1358 ἦν
973 1311 1073 1349 θεῶν
1105 1308 1126 1348 ὁ
1159 1310 1229 1358 τῆς
1260 1310 1334 1358 σῆς
1360 1309 1493 1361 ὅψεως

162 1376 406 1427 προνοηθείς,
444 1376 550 1417 ὥστε
589 1377 711 1427 μηδὲν
750 1374 943 1428 μέμψεως
981 1374 1104 1426 ἄξιον,
1149 1376 1197 1415 τὰ
1237 1377 1279 1416 δὲ
1322 1379 1494 1416 πλεῖστα

162 1442 413 1494 περίβλεπτά
437 1460 510 1483 σου
537 1445 796 1493 καταστῆσαι.
846 1443 909 1484 καὶ
932 1444 1004 1493 μὲν
1030 1442 1076 1493 δὴ
1104 1442 1166 1483 καὶ
1189 1446 1267 1483 τῶν
1287 1441 1494 1495 ὁρωμένων
1517 1456 1558 1491 13

103 1521 143 1544 20
162 1509 484 1562 ἐπιφανεστάτου
520 1513 591 1562 μὲν
628 1512 742 1552 ὄντος
778 1513 846 1550 τοῦ
883 1510 1111 1562 προσώπου,
1139 1510 1276 1551 τούτου
1312 1509 1344 1550 δ’
1379 1509 1496 1550 αὐτοῦ

161 1580 239 1618 τῶν
263 1577 461 1628 ὀμμάτων,
489 1578 547 1618 ἔτι
570 1582 726 1629 μᾶλλον
752 1579 792 1617 ἐν
817 1578 967 1620 τούτοις
992 1578 1220 1628 ἐπεδείξατο
1244 1577 1315 1628 τὴν
1342 1577 1496 1617 εὔνοιαν

164 1642 212 1695 ἢν
245 1644 353 1698 εἶχεν
385 1646 440 1687 εἰς
473 1646 523 1687 σὲ
551 1648 597 1685 τὸ
629 1644 845 1693 δαιμόνιον.
918 1644 964 1685 οὐ
993 1646 1067 1698 γὰρ
1099 1645 1222 1696 μόνον
1255 1644 1351 1696 πρὸς
1375 1643 1419 1684 τὸ
1444 1646 1493 1684 τὰ

167 1711 435 1764 κατεπείγονθ’
460 1712 556 1764 ὁρᾶν
580 1711 752 1763 αὐτάρκη
775 1711 1040 1766 παρέσχηται,
1067 1711 1158 1752 ἀλλ’
1189 1713 1305 1753 ἐνίων
1335 1711 1415 1752 οὐδ’
1451 1713 1492 1752 ἐκ

165 1782 241 1819 τῶν
274 1779 553 1831 πραττομένων
584 1779 907 1832 γιγνωσκομένης
938 1782 1007 1830 τῆς
1041 1780 1193 1831 ἀρετῆς,
1220 1783 1294 1819 σοῦ
1326 1780 1389 1819 διὰ
1414 1782 1493 1819 τῶν

105 1853 144 1884 25
164 1848 233 1897 τῆς
274 1847 408 1899 ὅψεως
444 1849 618 1898 σημείων
654 1847 704 1888 τὰ
739 1846 942 1887 κάλλιστα
981 1851 1059 1887 τῶν
1095 1846 1201 1897 ἠθῶν
1238 1846 1490 1899 ἐνεφάνισεν,

215 1965 229 1986 1
255 1957 370 1988 τούτου
386 1957 482 1987 codd.
499 1967 507 1987 t
530 1956 669 1997 τουτ<ο)ὶ
687 1955 830 1986 (Στὸηετῑ
967 1966 986 1986 2
1011 1961 1088 1995 post
1105 1955 1181 1988 διὀῧ
1198 1957 1299 1988 iterat
1315 1957 1352 1988 τὸ
1369 1956 1492 1990 κάλλος

166 1999 191 2030 S
207 2000 268 2030 sed
293 2000 426 2039 punctis
451 1999 597 2030 deletum
724 1999 807 2039 μέλη
827 1998 861 2029 F¹
882 2010 889 2030 t
912 1999 993 2040 μέρη
1009 2005 1087 2031 cett.
1192 2002 1339 2041 φαίνεται
1372 2001 1493 2033 codd.:

165 2042 366 2085 φαιδρύνεται
381 2044 526 2074 Ετοηετῖ
538 2047 627 2073 recte
642 2044 720 2074 sort.
734 2043 775 2073 cf.
793 2043 911 2082 Eurip.
926 2044 1048 2075 Helen.
1064 2045 1128 2082 678
1179 2045 1252 2076 τίνα
1264 2044 1415 2075 Bekker:
1433 2043 1493 2076 τιν’

165 2088 205 2119 ἂν
221 2087 318 2118 codd.
385 2096 404 2125 3
429 2089 490 2128 οὐχ
506 2089 567 2128 ὁρῶ
584 2096 652 2117 om.
668 2086 693 2117 S
752 2088 773 2116 6
797 2089 835 2118 ἂν
853 2087 928 2119 add.
948 2087 1083 2118 Bekker
1148 2088 1165 2120 ἢ
1188 2088 1302 2126 θνητὸν
1318 2089 1355 2119 ὒν
1373 2088 1493 2118 Blass:

167 2131 281 2168 θνητὸν
297 2132 334 2163 ὒν
350 2130 374 2161 S
391 2131 481 2169 vulg.
496 2141 504 2161 :
528 2134 652 2169 θνητῶν
666 2132 684 2163 ὃ
702 2141 717 2161 1·
730 2130 759 2160 D
773 2130 896 2170 (Wolf)
1011 2142 1028 2171 7
1055 2130 1255 2173 ἐνεργάζεται
1272 2131 1434 2162 Sehaefer
1447 2132 1490 2162 cf.

166 2173 199 2203 lx
215 2183 276 2213 25:
301 2176 366 2215 ἐργ.
385 2175 481 2205 codd.
564 2209 567 2211 ¹
586 2184 620 2204 11
648 2175 723 2215 πρὸς
739 2174 821 2205 secl.
842 2174 938 2205 Blass
1037 2176 1150 2207 ἄλλοις
1166 2186 1231 2205 om.
1252 2175 1278 2205 F
1394 2185 1432 2205 12
1455 2175 1490 2215 ἢ]

167 2231 194 2249 ει
214 2217 239 2248 S
331 2227 369 2256 13
393 2217 561 2259 ἀρρυθμίαν
577 2217 695 2249 Wolf:
719 2219 872 2260 ῥᾳθυμίαν
888 2218 985 2249 codd.
1079 2220 1249 2260 σχήματος
1266 2218 1290 2249 S
1301 2219 1341 2248 ΙΓΙ
1354 2218 1398 2248 Y¹
1410 2229 1426 2249 r
1438 2219 1467 2249 D
1484 2229 1492 2249 τ

168 2262 312 2301 σώματος
328 2261 419 2300 vulg.
561 2260 757 2302 συνέπραξαν
774 2261 798 2292 S
809 2261 834 2291 F
847 2271 933 2293 corr.
946 2261 976 2300 Q
988 2261 1016 2292 rl
1153 2272 1190 2301 15
1215 2262 1451 2299 συνδιέβαλλον
1467 2262 1492 2293 S

168 2304 322 2346 εὕροιμεν-ἶ
341 2303 444 2345 ευρομ’
461 2304 486 2335 S
501 2315 508 2336 :
534 2304 648 2346 εὕροιμ’
664 2305 694 2334 Y
706 2315 722 2334 r
733 2305 763 2334 D
864 2306 904 2335 16
927 2306 1023 2346 οὕτω]
1042 2309 1115 2338 οὔτε
1133 2305 1157 2336 S
1267 2308 1305 2336 18
1329 2306 1362 2337 δὲ
1378 2306 1467 2344 vulg.
1484 2316 1492 2336 :

168 2347 203 2379 δὲ
219 2348 269 2379 καὶ
288 2347 345 2378 SY
358 2358 375 2378 r
388 2349 417 2378 D
436 2349 501 2388 (καὶ
518 2353 599 2378 ante
616 2349 829 2389 παραβλεπτὰ
841 2353 971 2388 transp.
985 2349 1151 2389 Spengel)
1230 2359 1270 2389 19
1292 2349 1493 2389 περίβλεπτά

167 2390 240 2432 σου]
273 2391 481 2432 περιελθόντα
511 2405 569 2423 του
600 2391 624 2422 S
640 2403 647 2422 ε
676 2391 875 2432 περίβλεπτά
905 2407 963 2424 του
994 2402 1010 2422 r
1143 2402 1187 2423 20
1216 2392 1489 2433 ἐπιφανεστάτου]

167 2443 422 2477 σοιφανεστατου
438 2435 462 2466 S
551 2445 594 2466 22
616 2435 755 2466 alterum
772 2436 810 2467 τὸ
826 2445 891 2467 om.
911 2435 935 2466 S
948 2435 978 2465 D
