1763 2778
123 102 253 156 [1183]
676 108 1202 164 [ΔΗΜΟΣΘΕΝΟΎΣ]
1473 112 1599 166 [mma

835 232 1044 259 ΜΑΡΤΎῬῙΑ.

212 314 254 358 56
341 312 664 364 Ὀλυμπιόδωρος
691 313 763 362 μὲν
793 312 930 352 οὑτοσὶ
962 312 1136 354 τοιοῦτός
1170 314 1280 353 ἐστιν
1312 313 1528 366 ἄνθρωπος,
1556 315 1599 355 οὐ

273 379 396 430 μόνον
432 378 576 425 ἄδικος,
618 380 723 419 ἀλλὰ
764 379 825 419 καὶ
867 382 1128 431 μελαγχολᾶν
1165 382 1289 420 δοκῶν
1332 379 1481 421 ἅπασιν
1518 386 1599 424 τοῖς

275 447 431 487 οἰκείοις
471 446 533 485 καὶ
574 449 656 488 τοῖς
698 446 908 498 γνωρίμοις
944 452 991 502 τῇ
1028 446 1256 499 προαιρέσει
1292 450 1359 487 τοῦ
1393 449 1498 499 βίου,
1539 449 1599 489 καὶ

595 514 604 527 Q
1507 516 1576 529 'RN

274 513 369 565 ὅπερ
412 513 551 553 Σόλων
587 531 606 553 ο
655 511 869 564 νομοθέτης
902 512 1025 565 λέγει,
1064 518 1330 566 παραφρονῶν
1378 515 1429 557 ὡς
1476 530 1637 567 ουοεις5

275 580 433 621 πώποτε
459 580 764 633 παρεφρόνησεν
790 580 1019 632 ἀνθρώπων,
1038 581 1193 633 γυναικὶ
1209 582 1438 632 πειθόμενος
1459 582 1598 639 πόρνῃ.

276 646 338 687 καὶ
362 645 484 699 ἄκυρά
507 664 554 700 γε
577 650 699 687 ταῦτα
723 646 852 688 πάντα
872 646 1158 698 ἐνομοθέτησεν
1177 647 1276 689 εἶναι
1295 649 1314 688 ὁ
1340 650 1491 695 Σόλων,
1519 650 1541 688 ὅ
1564 666 1600 690 τι

275 713 322 754 ἄν
354 731 412 756 τις
446 714 600 766 γυναικὶ
637 714 869 765 πειθόμενος
899 713 1064 771 πράττῃ,
1099 714 1233 758 ἄλλως
1265 732 1309 756 τε
1340 716 1402 756 καὶ
1425 716 1595 772 τοιαύτῃ.

212 793 253 829 57
275 781 362 833 περὶ
385 783 458 832 μὲν
483 781 551 822 οὖν
576 781 724 822 τούτων
750 785 881 823 καλῶς
905 781 926 821 ὃ
949 781 1164 834 νομοθέτης
1189 782 1424 833 ἐπεμελήθη,
1452 784 1529 836 ἐγὼ
1559 785 1599 824 δὲ

274 849 380 899 ὑμῶν
416 847 564 900 δέομαι,
604 848 666 889 καὶ
701 848 745 888 οὐ
780 849 905 899 μόνον
945 848 1036 901 ἐγώ,
1074 850 1182 890 ἀλλὰ
1223 850 1284 890 καὶ
1320 850 1342 901 ἡ
1382 849 1453 902 ἐμὴ
1487 849 1597 904 γυνή,

275 915 600 968 Ὀλυμπιοδώρου
632 917 674 956 δὲ
709 917 862 956 τουτουὶ
900 915 1070 969 ἀδελφή,
1109 917 1171 957 καὶ
1199 916 1223 969 ἡ
1255 916 1428 970 θυγάτηρ
1463 917 1485 968 ἡ
1513 917 1597 969 ἐμή,

275 982 601 1034 Ὀλυμπιοδώρου
637 985 678 1023 δὲ
714 983 867 1023 τουτουὶ
904 984 1111 1036 ἀδελφιδῆ,
1153 984 1375 1033 ἱκετεύομεν
1405 985 1505 1030 ὑμᾶς
1537 985 1599 1025 καὶ

275 1050 578 1101 ἀντιβολοῦμεν,
607 1047 636 1090 ὦ
661 1049 799 1102 ἄνδρες
828 1052 1024 1097 δικασταί,
1058 1050 1230 1093 ἅπαντες
1260 1051 1373 1102 ἡμεῖς
1393 1050 1601 1103 (νομίσατε

211 1126 252 1168 58
274 1117 350 1168 γὰρ
375 1118 524 1158 ἐκείνας
543 1116 680 1157 ἐνθάδε
699 1115 894 1168 παρεῖναι)
917 1117 1095 1168 μάλιστα
1118 1121 1190 1169 μὲν
1210 1118 1363 1159 τουτονὶ
1378 1117 1597 1170 Ὀλυμπιό-

275 1186 398 1236 δωρον
422 1187 560 1224 πεῖσαι
574 1183 626 1234 μὴ
644 1184 792 1224 ἀδικεῖν
807 1184 922 1235 ἡμᾶς,
940 1185 1008 1224 ἐὰν
1029 1184 1062 1224 δ’
1082 1184 1156 1237 ἄρα
1180 1185 1233 1236 μὴ
1251 1184 1361 1242 ’θέλῃ
1376 1187 1597 1232 πείθεσθαι,

274 1252 371 1302 ὑμᾶς
395 1250 665 1302 μεμνημένους
689 1250 874 1292 ἁπάντων
898 1255 976 1292 τῶν
1003 1251 1215 1303 εἰρημένων
1239 1254 1493 1306 ψηφίζεσθαι
1516 1253 1540 1292 ὅ
1562 1269 1600 1293 τι

274 1316 322 1358 ἂν
356 1319 446 1369 ὑμῖν
471 1321 564 1376 δοκῇ
600 1317 819 1369 βέλτιστον
845 1318 907 1359 καὶ
936 1319 1183 1360 δικαιότατον
1210 1320 1320 1360 εἶναι.
1394 1320 1456 1360 καὶ
1480 1323 1601 1360 ταῦτα

275 1389 476 1428 ποιοῦντες
498 1385 547 1426 τά
571 1402 614 1426 τε
650 1386 780 1425 δίκαια
814 1385 1023 1438 γνώσεσθε
1060 1387 1123 1427 καὶ
1155 1386 1203 1426 τὰ
1229 1386 1485 1439 συμφέροντα
1509 1387 1600 1438 ἡμῖν

275 1451 438 1499 ἅπασιν,
467 1452 540 1506 οὐχ
566 1453 708 1503 ἥκιστα
732 1455 774 1493 δὲ
799 1452 1108 1509 Ὀλυμπιοδώρῳ
1134 1454 1236 1508 αὐτῷ
1262 1455 1415 1508 τουτῳί.

322 1572 340 1592 2
365 1563 472 1594 οὕτοσὶ
490 1562 636 1595 τοιοῦτός
654 1562 751 1593 Blass
775 1562 852 1594 coll.
875 1574 967 1594 xxxv
991 1573 1032 1601 5:
1064 1564 1229 1596 τοιουτοσί
1253 1563 1276 1593 S
1290 1563 1358 1603 FQ
1373 1564 1403 1593 D
1421 1574 1428 1594 τ
1452 1563 1600 1596 τοιοῦτός

275 1604 304 1634 Λ
322 1616 329 1635 :
352 1607 459 1638 τοίνυν
475 1605 500 1635 F
517 1620 567 1648 γρ.
584 1607 613 1645 Q
630 1620 679 1648 γρ.
697 1618 703 1637 :
727 1608 834 1638 τοίνυν
850 1608 1012 1639 τοιουτοσῖ
1028 1608 1121 1638 editt.
1140 1608 1294 1647 plerique
1455 1617 1474 1645 3
1500 1610 1601 1639 δοκῶν

275 1658 338 1679 om.
358 1649 406 1689 Sl,
427 1650 459 1680 in
481 1660 545 1688 mg.
566 1651 642 1682 add.
661 1651 733 1681 cad.
752 1661 794 1681 m.
951 1662 968 1691 7
995 1653 1010 1681 ὁ
1029 1661 1092 1683 om.
1111 1651 1136 1681 F
1155 1652 1183 1681 D
1295 1651 1312 1683 ὅ
1327 1665 1357 1682 τι
1377 1650 1417 1683 ἂν
1436 1651 1539 1689 vulg„
1557 1651 1598 1681 cf.

276 1693 353 1722 xlvii
381 1703 443 1732 77:
474 1694 552 1725 ὅταν
578 1695 625 1725 S:
658 1693 706 1725 {50²
734 1694 773 1725 ἂν
801 1693 898 1724 Blass
1073 1696 1093 1724 8
1124 1696 1232 1727 ἄλλως
1250 1718 1257 1726 .
1279 1720 1285 1726 .
1304 1718 1310 1725 .
1330 1695 1461 1736 τοιαύτῃ
1482 1704 1548 1725 om.
1576 1694 1600 1724 S

279 1745 316 1774 15
340 1740 446 1768 πεῖσαι
472 1737 599 1767 ReiSkC
615 1749 622 1767 Ξ
645 1739 779 1769 πείσατε
796 1738 890 1769 codd.
1026 1738 1102 1780 θέλῃ
1115 1739 1204 1777 vulg.
1221 1749 1228 1769 :
1250 1739 1370 1780 Θελήσῃ
1388 1738 1413 1768 F
1430 1751 1480 1779 ‘yp-
1500 1737 1531 1776 Q
1547 1750 1598 1779 γρ.

279 1788 317 1819 19
333 1780 437 1821 τούτῳ
454 1780 562 1818 codd„
582 1791 666 1811 corr.
688 1781 784 1811 Blass

322 1823 358 1853 ln
376 1823 400 1854 S
418 1824 643 1864 subscriptum

708 1874 812 1900 ΚΑΤΑ
843 1873 1167 1900 ΟΛΤΜΠῙΟΔΩΡΟΎ

860 1917 1019 1946 ΒΛΑΒΗΣ

932 1962 958 2002 1}

1623 870 1660 892 10

1624 1207 1659 1239 15
