1763 2778
111 144 172 200 Lx]
593 149 939 187 ΕΠΙΤΑΦΙΟΣ
1452 141 1595 197 [1393]

112 247 292 290 καλέσαι.
353 249 416 289 καὶ
450 250 526 301 γὰρ
563 249 596 289 εἶ
631 250 704 300 μὲν
741 248 794 289 εἰς
831 246 1044 300 χρημάτων
1081 245 1260 297 δαπάνην
1301 246 1325 297 ἤ
1361 245 1433 286 τιν’

111 316 240 367 ἄλλην
261 317 426 367 θεωρίαν
447 317 616 356 ἱππικῶν
631 311 654 365 ἢ
671 318 868 367 γυμνικῶν
888 314 1021 354 ἄθλων
1042 312 1215 367 ἐτάχθην
1233 315 1433 364 κοσμῆσαι

110 382 180 424 τὸν
224 382 367 436 τάφον,
411 383 568 437 ὅσῳπερ
618 381 666 422 ἂν
713 381 1014 434 προθυμότερον·
1043 380 1107 420 καὶ
1148 380 1433 433 ἀφειδέστερον

111 454 231 491 ταῦτα
253 448 600 503 παρεσκευάσμην,
625 448 802 502 τοσούτῳ
822 451 978 499 μᾶλλον
995 446 1044 488 ἂν
1065 446 1301 499 προσήκοντ’
1318 446 1434 498 ἔδοξα

72 527 90 560 5
111 516 379 567 πεποιηκέναι·
415 517 522 570 λόγῳ
550 515 583 556 δ’
608 515 819 556 ἐπαινέσαι
852 515 1012 557 τούτους
1044 514 1134 556 τοὺς
1158 514 1301 566 ἄνδρας
1328 516 1430 566 αἱρε-

110 585 203 630 θείς,
222 583 269 624 ἂν
293 583 345 635 μὴ
369 583 459 625 τοὺς
477 583 691 624 ἀκούοντας
710 581 1060 633 συμβουλομένους
1079 581 1210 633 λάβω,
1228 585 1434 634 φοβοῦμαι

110 650 161 703 μὴ
199 657 246 708 τῇ
282 651 478 704 προθυμίᾳ
512 650 744 691 τούναντίον
778 649 822 689 οὗ
860 652 920 690 δεῖ
953 648 1121 699 ποιήσω.
1193 649 1213 688 ὁ
1250 651 1323 700 μὲν
1357 648 1432 701 γὰρ
1457 653 1497 686 14

111 722 284 761 πλοῦτος
316 718 378 758 καὶ
407 717 450 757 τὸ
483 717 605 771 τάχος
639 717 703 758 καὶ
736 716 760 768 ἡ
798 716 916 769 ἰσχὺς
953 717 1015 757 καὶ
1049 715 1114 756 ὅσ’
1138 715 1246 756 ἄλλα
1281 715 1433 757 τούτοις

111 786 240 836 ὅμοια,
282 784 485 837 αὐτάρκεις
522 785 608 838 ἔχει
645 786 715 826 τὰς
753 782 912 834 ὀνήσεις
947 787 1030 825 τοῖς
1069 783 1329 834 κεκτημένοις,
1371 783 1433 823 καὶ

55 867 93 890 10
113 856 324 905 κρατοῦσιν
348 854 390 893 ἐν
420 852 563 899 αὐτοῖς,
591 852 650 894 οἷς
681 850 731 892 ἂν
764 851 879 908 παρῇ,
908 850 979 891 κᾶν
1014 850 1148 901 μηδεὶς
1185 854 1261 890 τῶν
1296 850 1433 891 ἄλλων

111 920 322 971 βούληται·
346 919 428 970 ἡδὲ
445 923 523 960 τῶν
540 920 675 971 λόγων
695 919 816 959 πειθὼ
841 921 910 969 τῆς
934 922 1013 959 τῶν
1037 918 1258 958 ἀκουόντων
1284 917 1432 959 εὐνοίας

113 990 356 1039 προσδεῖται,
384 987 446 1027 καὶ
470 988 569 1038 μετὰ
594 986 735 1036 ταύτης
760 985 847 1037 μέν,
875 985 948 1026 κᾶν
978 986 1146 1037 μετρίως
1175 986 1286 1041 ῥηθῇ,
1314 984 1433 1035 δόξαν

112 1053 253 1106 ἤνεγκε
278 1054 341 1094 καὶ
364 1052 483 1108 χάριν
507 1057 731 1105 προσποιεῖ,
759 1053 851 1094 ἄνευ
877 1055 919 1093 δὲ
944 1052 1099 1103 ταύτης,
1128 1050 1199 1093 κᾶν
1223 1050 1432 1107 ὑπερβάλῃ

111 1125 165 1176 τῷ
188 1120 324 1174 λέγειν
348 1125 490 1167 καλῶς,
517 1120 720 1174 προσέστη
747 1124 829 1162 τοῖς
853 1120 1079 1161 ἀκούουσιν.

54 1194 92 1227 15
180 1187 326 1229 Πολλὰ
359 1189 491 1229 τοίνυν
523 1188 627 1241 ἔχων
656 1189 781 1229 εἰπεῖν
816 1189 870 1228 ὧν
908 1189 988 1229 οἵδε
1023 1186 1243 1240 πράξαντες
1279 1187 1435 1228 δικαίως
1458 1192 1498 1229 Ῑ5

113 1254 456 1309 ἐπαινεθήσονται,
484 1255 618 1306 ἐπειδὴ
643 1254 741 1308 πρὸς
765 1255 898 1297 αὐτοῖς
923 1256 1001 1306 εἶμι
1026 1259 1109 1297 τοῖς
1133 1255 1277 1307 ἔργοις,
1300 1255 1434 1305 ἀπορῶ

69 1319 73 1326 ’
112 1324 155 1364 τί
195 1326 350 1375 πρῶτον
392 1324 501 1363 εἴπω·
552 1322 854 1376 προσιστάμενα
894 1321 970 1375 γάρ
1008 1339 1074 1374 μοι
1112 1321 1227 1363 πάντ’
1271 1322 1325 1363 εἷς
1365 1321 1436 1362 ἕνα

114 1389 248 1442 καιρὸν
277 1390 488 1442 δύσκριτον
520 1391 758 1440 καθίστησιν
787 1390 859 1440 τὴν
889 1391 1044 1442 αἵρεσιν
1073 1389 1211 1430 αὐτῶν.
1281 1388 1327 1429 οὐ
1359 1387 1436 1439 μὴν

113 1458 221 1498 ἀλλὰ
261 1457 504 1510 πειράσομαι
539 1457 611 1508 τὴν
645 1457 764 1507 αὐτὴν
795 1456 1041 1508 ποιήσασθαι
1070 1461 1137 1497 τοῦ
1167 1457 1290 1508 λόγου
1322 1454 1435 1506 τάξιν

53 1539 94 1561 20
113 1525 213 1577 ἥπερ
246 1524 419 1576 ὑπῆρξεν
454 1528 523 1565 τοῦ
560 1524 652 1576 βίου
690 1526 853 1567 τούτοις.
924 1526 1006 1565 οἵδε
1041 1526 1116 1577 γὰρ
1154 1522 1198 1574 ἐξ
1232 1525 1356 1576 ἀρχῆς
1393 1524 1435 1563 ἐν
1459 1526 1501 1560 16

113 1595 238 1633 πᾶσιν
260 1595 342 1633 τοῖς
367 1593 628 1643 παιδεύμασιν
654 1591 759 1641 ἦσαν
787 1593 1009 1644 ἐπιφανεῖς,
1041 1593 1089 1632 τὰ
1119 1590 1322 1642 πρέποντα
1353 1589 1434 1630 καθ’

113 1659 270 1710 ἡλικίαν
300 1660 514 1701 ἀσκοῦντες
547 1658 731 1707 ἑκάστην,
760 1659 823 1699 καὶ
854 1661 978 1699 πᾶσιν
1003 1658 1238 1711 ἀρέσκοντες
1262 1658 1320 1700 οἷς
1344 1656 1434 1711 χρή,

113 1730 312 1780 γονεῦσιν,
341 1727 490 1778 φίλοις,
520 1727 691 1768 οἰκείοις.
762 1730 971 1778 τοιγαροῦν
1005 1726 1141 1778 ὥσπερ
1172 1727 1262 1778 ἴχνη
1293 1725 1434 1778 γνωρί-

116 1794 237 1844 ζουσα
269 1798 338 1834 νῦν
360 1793 384 1844 ἡ
410 1797 488 1834 τῶν
519 1793 673 1834 οἰκείων
705 1793 835 1835 αὐτοῖς
871 1794 932 1834 καὶ
971 1794 1101 1845 φίλων
1137 1792 1265 1844 μνήμη
1304 1795 1437 1833 πᾶσαν

56 1874 93 1906 25
114 1861 219 1913 ὥραν
257 1861 323 1902 ἐπὶ
359 1861 519 1902 τούτους
559 1859 725 1913 φέρεται
762 1864 814 1915 τῷ
854 1861 975 1915 πόθῳ,
1020 1860 1139 1901 πόλλ’
1178 1859 1438 1912 ὑπομνήματα
1462 1881 1502 1915 17

114 1927 394 1979 λαμβάνουσα,
412 1929 455 1968 ἐν
480 1928 536 1969 οἷς
563 1927 722 1985 συνῄδει
744 1927 896 1969 τούτοις
921 1928 1097 1980 ἀρίστοις
1124 1928 1250 1969 οὖσιν.
1303 1926 1436 1976 ἐπειδὴ
1459 1915 1599 1971 [1394]

114 1994 147 2035 δ’
174 1996 228 2037 εἰς
264 1994 407 2047 ἄνδρας
442 1996 648 2048 ἀφίκοντο,
674 1995 721 2036 οὐ
752 1995 874 2047 μόνον
906 1999 988 2037 τοῖς
1025 1996 1204 2037 πολίταις
1239 1995 1437 2048 γνώριμον

114 2061 186 2113 τὴν
222 2063 350 2103 αὐτῶν
383 2062 508 2115 φύσιν
533 2063 640 2103 ἀλλὰ
669 2062 732 2102 καὶ
765 2067 888 2103 πᾶσιν
918 2063 1139 2114 ἀνθρώποις
1172 2061 1436 2112 κατέστησαν.

161 2182 175 2202 Ι
201 2173 229 2204 εἷ
245 2172 278 2202 in
297 2182 360 2203 ras.
378 2171 403 2202 S
478 2181 498 2210 3
522 2172 560 2204 ἂν
572 2171 682 2202 om.Y
750 2182 813 2210 3-4
839 2171 1065 2213 ἀκριβέστερον
1078 2171 1254 2210 ‘rofi'roFQ
1322 2180 1341 2210 5
1365 2170 1436 2202 τού-

115 2229 188 2248 τους
207 2215 284 2254 SY,
299 2215 340 2246 cf.
362 2218 398 2253 ἐξ
420 2224 468 2255 15,
485 2225 536 2254 32,
554 2216 634 2255 Lys.
650 2215 671 2245 ii
692 2226 705 2245 1
724 2227 730 2246 :
761 2215 876 2247 τούσδε
889 2216 978 2255 vulg.
1074 2226 1113 2246 10
1138 2217 1171 2247 ἐν
1184 2215 1249 2246 del.
1263 2215 1436 2253 Schaefer‚

114 2260 173 2290 sed
200 2258 240 2289 cf.
261 2259 307 2288 lxi
325 2269 376 2298 37,
399 2260 553 2289 Prooem.
572 2259 653 2289 xxiv
805 2269 842 2289 12
866 2260 986 2298 ταύτης
1001 2258 1060 2299 μὲν
1077 2259 1101 2290 S
1117 2270 1124 2289 :
1147 2259 1206 2298 μὲν
1222 2259 1340 2296 ταύτης
1360 2263 1438 2289 cett.

114 2302 188 2343 κᾶν]
209 2303 246 2334 ἂν
259 2304 317 2334 κᾶν
334 2302 412 2333 SY¹
505 2312 544 2341 14
568 2316 723 2343 προσεστι
741 2303 765 2333 S
857 2313 893 2341 17
918 2302 1156 2344 προσιστάμενα
1180 2302 1259 2340 SY,
1284 2302 1325 2332 cf.
1353 2301 1437 2332 Plat.

115 2346 231 2385 Symp.
260 2346 383 2384 175D:
407 2358 531 2387 προιστ.
558 2347 672 2385 vulg.:
695 2346 808 2385 possis
831 2359 959 2387 παριστ.
981 2347 1023 2376 ob
1046 2347 1252 2377 antecedens
1274 2344 1438 2386 προσέστη

114 2390 175 2430 γάρ
197 2402 251 2429 μοι
275 2389 299 2420 S
312 2389 336 2420 F
350 2400 357 2420 :
380 2391 442 2430 ’γὰρ
465 2389 555 2428 vulg.
649 2391 688 2421 18
711 2391 771 2427 τὴν
794 2390 914 2429 scripsi
940 2400 1013 2420 cum
1038 2389 1062 2420 S
1077 2401 1084 2420 ε
1108 2403 1159 2428 μοι
1182 2391 1241 2427 τὴν
1266 2388 1441 2428 legebatur

115 2443 157 2462 22
173 2432 218 2465 οἷς
229 2433 292 2474 χρὴ
302 2443 367 2463 om.
378 2434 402 2464 S
414 2432 456 2463 Y¹
501 2443 543 2471 24
560 2433 682 2465 οἰκείων
693 2433 816 2474 αὐτοῖς]
828 2435 949 2466 οἰκείων
959 2435 1057 2471 αὐτῆς
1066 2433 1090 2464 S
1101 2433 1125 2442 Α
1140 2443 1147 2450 ·
1161 2434 1265 2465 αὐτοῖς
1277 2433 1398 2464 οἰκείων
1409 2431 1440 2462 Y

1291 2503 1353 2534 22*
