1763 2778
172 116 236 172 m]
543 120 703 158 ΠΡΟΣ
754 118 1127 157 ΚΑΛΛΙΠΠΟΝ
1520 119 1654 176 [1238]

723 232 948 259 ΜΑΡΤΥΡῙΑῙ.

230 295 325 338 ’Ότι
364 298 437 349 μὲν
478 296 607 347 ἀληθῆ
649 294 806 336 ἅπαντα
844 294 954 335 εἶπον
996 293 1094 347 πρὸς
1134 295 1245 346 ὑμᾶς,
1290 293 1320 335 ὦ
1362 294 1498 346 ἄνδρες
1519 305 1539 339 8

172 364 367 410 δικασταί,
393 367 472 404 τῶν
499 366 720 416 μαρτυριῶν
751 362 958 412 ἀκηκόατε.
1021 363 1266 414 ’προσελθὼν
1296 363 1337 402 δὲ
1364 366 1498 416 συχνῷ

171 432 300 486 χρόνῳ
326 432 493 483 ὕστερον
511 430 608 483 πρὸς
633 429 702 470 τὸν
726 428 876 481 πατέρα
896 428 1135 471 Κάλλιππος
1154 429 1289 469 οὑτοσὶ
1309 429 1351 469 ἐν
1370 428 1497 474 ἄστει,

133 515 151 547 5
171 498 286 551 ἤρετο
321 497 510 539 αὐτὸν-εἰ
543 497 617 549 ἤδη
644 497 935 548 ἐπιδεδημηκὼς
972 498 1029 547 εἵη
1064 497 1084 535 6
1118 495 1384 549 Κηφισιάδης,
1422 496 1498 550 ὅτῳ

171 564 444 618 γεγραμμένον
469 566 527 615 εἴη
548 565 762 605 ἀποδοῦναι
780 563 825 604 τὸ
846 564 1029 616 ἀργύριον
1054 562 1098 604 τὸ
1122 563 1197 604 ὑπὸ
1222 567 1291 604 τοῦ
1316 564 1499 605 Λύκωνος

171 636 240 673 τοῦ
262 631 542 685 “Ηρακλεώτου
572 630 854 684 καταλειφθέν.
927 631 1239 683 ἀποκριναμένου
1266 633 1306 672 δὲ
1331 634 1398 670 τοῦ
1424 648 1495 671 πα-

170 699 262 752 τρὸς
285 700 347 740 ὅτι
370 700 493 739 οἴοιτο
524 698 610 750 μέν,
639 700 672 739 εἰ
696 698 832 750 μέντοι
866 699 1057 749 βούλοιτο
1092 700 1146 740 εἷς
1180 701 1348 750 Πειραιᾶ
1382 715 1498 738 κατα-

170 768 304 818 βῆναι,
326 766 397 817 τὴν
416 766 624 818 ἀκρίβειαν
650 768 813 812 εἴσοιτο,
838 768 847 783 ‘
866 764 984 806 οἶσθά
1009 783 1070 806 τοι
1086 764 1096 779 ’
1122 766 1214 818 ἔφη,
1245 767 1255 783 ‘
1271 767 1292 805 ὅ
1316 782 1353 806 τι
1373 766 1496 811 ἔστιν,

113 852 151 873 10
171 832 201 874 ὦ
228 835 407 881 Πασίων,
429 835 451 874 ὅ
475 850 525 874 σε
549 833 721 885 ἐρωτῶ’,·
758 832 837 884 (καὶ
862 834 916 884 μὰ
934 832 1004 873 τὸν
1030 834 1109 874 Δία
1135 833 1198 873 καὶ
1217 836 1285 873 τὸν
1309 832 1498 873 Ἀπόλλω
1519 850 1540 884 9

173 900 236 942 καὶ
259 900 329 951 τὴν
360 899 564 952 Δήμητρα,
591 901 636 941 οὐ
664 901 870 953 ψεύσομαι
896 900 992 951 πρὸς
1022 901 1134 951 ὑμᾶς,
1161 897 1191 940 ὦ
1225 899 1362 952 ἄνδρες
1392 903 1496 940 δικα·

171 968 275 1015 σταί,
298 967 388 1009 ἀλλ’
413 967 438 1008 ἃ
462 972 530 1008 τοῦ
553 967 700 1020 πατρὸς
725 967 879 1019 ἤκουον,
903 966 1143 1020 διηγήσομαι
1169 965 1291 1019 ὑμῖν.)
1345 965 1503 1018 ’ἔξεστί

171 1035 256 1076 σοι’
294 1035 371 1088 ἔφη
410 1034 500 1087 (ἐμέ
534 1052 577 1077 τε
613 1035 655 1076 εὗ
692 1038 858 1087 ποιῆσαι
892 1035 954 1075 καὶ
988 1034 1104 1075 αὐτὸν
1129 1036 1251 1085 μηδὲν
1276 1037 1498 1086 βλαβῆναι.

172 1101 371 1155 προξενῶν
406 1104 479 1154 μὲν
512 1104 590 1155 γὰρ
622 1101 806 1157 τυγχάνω
835 1106 913 1143 τῶν
942 1101 1247 1154 “Ηρακλεωτῶν,
1274 1102 1442 1153 βούλοιο
1468 1100 1499 1140 δ’

114 1182 149 1214 15
171 1169 231 1217 ἄν,
264 1170 316 1212 ὡς
351 1170 459 1221 οἶμαι
495 1170 586 1222 ἐγώ,
624 1171 693 1222 ἐμὲ
729 1173 887 1222 μᾶλλον
922 1169 967 1210 τὸ
1000 1169 1184 1222 ἀργύριον
1213 1173 1359 1220 λαβεῖν
1383 1165 1406 1219 ἢ
1432 1167 1501 1208 τὸν

169 1237 352 1289 μέτοικον
387 1236 596 1290 ἄνθρωπον
634 1237 696 1278 καὶ
731 1239 772 1278 ἐν
806 1238 932 1292 Σκίρῳ
964 1240 1217 1277 κατοικοῦντα
1249 1237 1313 1277 καὶ
1342 1235 1500 1278 οὐδενὸς

170 1303 294 1355 ἄξιον.
366 1304 626 1357 συμβέβηκεν
652 1307 694 1346 δὲ
723 1302 899 1345 τοιοῦτόν
928 1321 978 1345 τι·
1016 1304 1036 1343 ὁ
1061 1304 1201 1345 Λύκων
1229 1302 1417 1357 τυγχάνει
1447 1301 1500 1343 ὢν

172 1371 234 1413 καὶ
264 1371 381 1415 ἅπαις
414 1373 476 1413 καὶ
511 1373 757 1425 κληρονόμον
787 1371 927 1412 οὐδένα
951 1373 1052 1412 οἴκοι
1077 1371 1316 1417 καταλιπών,
1346 1371 1396 1413 ὡς
1421 1371 1499 1422 ἐγὼ

171 1439 429 1491 πυνθάνομαι.
501 1439 597 1492 πρὸς
635 1442 676 1480 δὲ
713 1440 850 1494 τούτῳ,
884 1438 1017 1489 ἐπειδὴ
1053 1440 1107 1481 εἷς
1137 1438 1286 1491 ’Ἄργος
1324 1436 1498 1491 κατήχθη
1524 1457 1567 1482 10

112 1523 153 1546 20
170 1507 424 1560 τετρωμένος,
468 1511 522 1562 τῷ
564 1506 740 1562 προξένῳ
788 1510 866 1547 τῶν
907 1505 1198 1558 εἩρακλεωτῶν
1239 1509 1292 1560 τῷ
1332 1505 1499 1559 Ἀργείῳ

172 1574 411 1630 Στραμμένῳ
451 1575 500 1614 τὰ
539 1574 723 1628 χρήματα
765 1573 933 1614 δέδωκεν
971 1573 996 1613 ἃ
1035 1572 1209 1626 κατήχθη
1246 1572 1330 1624 μετ’
1368 1572 1497 1612 αὐτοῦ.
1521 1572 1663 1628 [1239]

173 1643 254 1684 οἶος
277 1641 346 1682 οὖν
371 1643 448 1693 εἰμι
477 1643 540 1682 καὶ
574 1642 652 1694 ἐγὼ
684 1643 732 1681 τὰ
766 1640 904 1681 ἐνθάδε
940 1639 1056 1682 αὐτὸς
1090 1639 1224 1690 ἀξιοῦν
1259 1638 1497 1691 λαμβάνειν·

171 1709 341 1762 ἡγοῦμαι
364 1710 440 1762 γὰρ
465 1710 611 1752 δίκαιος
635 1709 736 1750 εἶναι
759 1708 881 1762 ἔχειν.
953 1707 1003 1748 σὺ
1028 1707 1108 1753 οὖν,
1136 1708 1169 1747 εἰ
1202 1706 1277 1759 ἄρα
1308 1706 1360 1758 μὴ
1387 1706 1497 1747 ἀπεί-

173 1781 316 1829 ληφεν,
336 1775 433 1829 λέγε
452 1777 512 1817 ὅτι
532 1777 609 1829 ἐγὼ
629 1777 890 1829 ἀμφισβητῶ,
911 1774 961 1815 ἂν
980 1774 1054 1827 ἄρα
1073 1774 1169 1831 ἔλθῃ
1190 1775 1210 1813 6
1231 1772 1499 1827 Κηφισιάδης.

113 1857 152 1891 25
174 1845 208 1885 εἶ
233 1843 265 1884 δ’
290 1843 364 1896 ἄρα
393 1844 630 1897 ἀπείληφεν,
657 1843 751 1896 λέγε
784 1844 845 1883 ὅτι
879 1842 956 1896 ἐγὼ
991 1841 1188 1894 μάρτυρας
1225 1842 1330 1895 ἔχων
1365 1839 1501 1891 ἠξίουν

173 1911 332 1964 ἐμφανῆ
359 1913 607 1961 καταστῆσαι
631 1909 679 1951 τὰ
704 1909 887 1964 χρήματα
912 1906 935 1960 ἢ
961 1908 1030 1950 τὸν
1056 1908 1356 1959 κεκομισμένον,
1381 1907 1442 1947 καὶ
1468 1907 1505 1947 εἴ

173 1978 232 2020 τίς
266 1995 314 2029 με
350 1977 543 2029 βούλεται
578 1977 816 2030 ἀφελέσθαι,
854 1976 1047 2030 πρόξενον
1083 1977 1179 2016 ὄντα
1212 1973 1501 2028 ἀφαιρεθῆναι.’

173 2044 307 2096 ἐπειδὴ
332 2047 374 2086 δὲ
406 2044 509 2100 αὐτῷ
543 2046 685 2097 εἴρητο,
723 2044 850 2097 (ἐγώζ
879 2044 956 2097 ἔφη
983 2044 1004 2083 6
1029 2041 1168 2095 πατήρ,
1194 2040 1239 2082 ‘OE
1271 2042 1498 2087 Κάλλιππε,
1525 2059 1562 2084 11

172 2112 406 2165 χαρίζεσθαι
427 2110 502 2163 μέν
527 2129 592 2152 σοι
616 2112 815 2162 βούλομαι
843 2109 921 2162 (καὶ
952 2113 1028 2163 γὰρ
1055 2109 1102 2150 ἂν
1130 2110 1192 2150 καὶ
1216 2111 1440 2160 μαινοίμην,
1468 2109 1501 2148 εἰ

215 2221 236 2251 6
258 2219 481 2263 γεγραμμένον
498 2220 626 2251 Reiske
641 2231 649 2251 τ
675 2219 950 2262 ἐπιγεγραμμένον
966 2221 1076 2259 codd.‚
1092 2220 1132 2251 cf.
1149 2223 1163 2257 ξ
1180 2231 1219 2260 19
1322 2230 1361 2250 10
1383 2219 1422 2259 ὦ]
1443 2221 1458 2250 6
1476 2218 1500 2249 S

174 2265 190 2296 ὅ
208 2264 254 2295 S:
271 2264 318 2296 διό
332 2264 400 2303 FQ
414 2265 443 2294 D
536 2274 570 2294 11
591 2264 790 2305 δὴμητρανδ
803 2264 845 2295 al.
940 2274 978 2303 13
996 2265 1092 2296 αὐτὸν
1102 2264 1203 2295 BlaSS
1218 2275 1225 2294 :
1243 2264 1379 2295 σεαυτὸν
1389 2263 1500 2293 codd:

174 2309 257 2349 αὐτῷ
283 2307 499 2338 Herwerden
658 2317 695 2347 15
722 2310 761 2340 ὡς
786 2307 886 2348 οἶμαι]
912 2321 1030 2347 ωσομαι
1056 2308 1080 2338 S
1191 2308 1249 2339 τὸν
1272 2307 1337 2336 del.
1366 2305 1500 2335 Dobree

177 2352 216 2381 16
246 2352 347 2393 Σκίρῳ
378 2350 583 2391 Scherling:
615 2351 722 2392 Σκύρῳ
754 2352 852 2382 codd.
1011 2362 1052 2381 20
1082 2350 1294 2391 τετρωμένος]
1327 2363 1444 2390 προμεν
1477 2348 1501 2379 S

174 2404 213 2425 21
238 2394 433 2436 Στραμμένῳ
449 2399 588 2425 servant
606 2395 629 2425 S
645 2395 675 2424 D
693 2394 756 2425 soli
914 2396 1020 2433 26-27
1046 2396 1077 2426 εἴ
1089 2408 1138 2426 τις
1156 2394 1180 2424 S
1194 2393 1224 2432 Q
1238 2394 1267 2423 D
1286 2405 1293 2425 :
1318 2395 1348 2424 εἴ
1360 2406 1391 2424 τι
1408 2391 1498 2430 vulg.

173 2448 217 2478 29
239 2439 291 2471 καὶ
307 2438 451 2470 alterum
469 2438 533 2468 del.
554 2438 663 2469 Cobet
679 2438 753 2469 coll.
772 2437 830 2468 xxi
844 2439 918 2477 208,
940 2438 1093 2468 Prooem.
1113 2438 1171 2468 xlv
1272 2437 1427 2477 μεμοίμην
1445 2435 1468 2466 S

1356 2495 1414 2525 13*
