1763 2778
84 514 101 546 5

62 970 100 993 10

438 131 474 167 Π
487 130 601 167 ΡΟΟ
612 131 627 167 Ι
639 131 679 167 Μ
692 128 764 168 lA.
833 132 1132 170 XXV-XXVII
1472 131 1609 185 [1437]

330 228 340 242 Ι
364 227 374 242 9
417 229 426 243 9

123 231 260 282 χεσθε,
293 245 362 268 τοτ
406 231 530 280 ορθῶς
564 227 725 279 δόξουσι
753 226 901 280 λέγειν.
964 227 1054 269 ἔστι
1086 230 1128 269 δὲ
1162 232 1244 270 τοῖς
1272 227 1451 279 μάλιστα

123 296 356 337 πεπεικόσιν
373 296 472 347 ὑμᾶς
496 295 602 336 ταῦτ’
623 294 687 347 ἐφ’
707 296 762 335 ὧν
787 298 855 336 νῦν
880 296 987 341 ἐστε,
1008 296 1159 337 τούτοις
1186 296 1249 335 καὶ
1273 295 1451 346 μάλιστα

124 361 329 415 συμφέρον
353 362 398 403 τὸ
422 363 545 415 λόγου
568 365 702 415 τυχεῖν
727 362 817 404 τοὺς
844 362 1137 415 ἀντιλέγοντας.
1207 362 1255 403 ἂν
1277 365 1350 413 μὲν
1373 364 1449 415 γὰρ
1470 379 1491 414 3

123 427 276 479 διδάξαι
300 432 521 480 δυνηθῶσιν
546 429 596 472 ὡς
625 429 693 469 οὐκ
725 429 835 469 ἔστιν
860 428 990 481 ἄρισθ’
1016 430 1040 470 ἃ
1064 430 1216 471 τούτοις
1249 433 1365 476 δοκεῖ,
1392 429 1449 469 ὅτ’

123 496 235 537 οὐδὲν
260 495 482 549 ἡμάρτηταί
503 514 576 543 πω,
602 500 717 536 τοῦτο
747 496 966 549 πράξαντες
1000 495 1144 552 ἀθῴους
1173 500 1241 536 τοῦ
1271 496 1450 537 κινδύνου

122 562 361 614 ποιήσουσιν
387 564 537 606 αὐτούς.
599 565 668 605 ἐὰν
694 566 734 604 δὲ
768 563 820 615 μὴ
854 566 1086 614 δυνηθῶσιν,
1115 564 1253 605 οὔκουν
1282 564 1449 616 ὕστερόν

122 629 159 683 γ’
185 632 366 682 ἐπιτιμᾶν
391 630 562 681 ἕξουσιν,
591 630 681 671 ἀλλ’
708 630 771 670 ὅσ’
796 631 1012 683 ἀνθρώπων
1038 630 1085 681 ἦν
1111 631 1240 683 ἔργον,
1268 631 1447 678 ἀκοῦσαι,

121 697 270 738 τούτων
284 696 554 752 τετυχηκότες,
572 697 620 738 ἂν
634 698 828 749 ἡττῶνται
844 699 1000 740 δικαίως
1018 697 1265 750 στέρξουσιν,
1285 698 1347 738 καὶ
1362 698 1447 749 μεθ’

121 764 306 806 ἁπάντων
322 770 401 806 τῶν
426 765 745 817 ἀποβαινόντων,
766 764 867 806 ὁποῖ’
893 764 976 805 ἄττ’
994 765 1041 806 ἂν
1061 765 1097 822 ᾗ,
1122 764 1447 816 κοινωνήσουσιν.

749 942 819 980 ΚΖ

187 1034 309 1085 Οἶμαι
345 1037 426 1074 δεῖν
454 1035 565 1085 ὑμᾶς,
597 1033 625 1074 ὦ
658 1033 795 1086 ἄνδρες
829 1032 1044 1085 Ἀθηναῖοι,
1085 1034 1172 1087 περὶ
1208 1036 1449 1085 τηλικούτων

119 1100 434 1153 βουλευομένους
466 1102 617 1142 διδόναι
648 1103 872 1154 παρρησίαν
903 1101 1056 1157 ἑκάστῳ
1087 1106 1165 1142 τῶν
1195 1108 1445 1154 συμβουλευ-

120 1168 257 1208 όντων.
328 1169 406 1220 ἐγὼ
438 1168 472 1209 δ’
498 1168 741 1209 οὐδεπώποθ’
766 1168 979 1221 ἡγησάμην
1011 1169 1192 1223 χαλεπὸν
1221 1169 1266 1210 τὸ
1296 1170 1449 1221 διδάξαι

97 1236 168 1276 .τᾶ
190 1234 373 1287 βέλτισθ’
399 1236 498 1287 ὑμᾶς
527 1234 593 1284 (ὡς
628 1238 704 1288 γὰρ
737 1238 873 1278 ἁπλῶς
906 1238 1042 1283 εἰπεῖν,
1076 1236 1221 1279 πάντες
1255 1236 1449 1290 ὑπάρχειν

60 1661 99 1683 20

120 1303 335 1355 ἐγνωκότες
359 1302 494 1355 ἔμοιγε
519 1301 696 1354 δοκεῖτε),
724 1304 830 1344 ἀλλὰ
862 1303 905 1343 τὸ
939 1308 1076 1345 πεῖσαι
1104 1303 1290 1356 πράττειν
1314 1309 1447 1345 ταῦτα·

120 1371 278 1410 ἐπειδὰν
302 1369 376 1422 γάρ
402 1387 438 1410 τι
463 1369 556 1426 δόξῃ
585 1370 647 1411 καὶ
671 1374 876 1428 ψηφισθῇ,
904 1370 983 1411 τότ’
1010 1373 1100 1412 ἴσον
1125 1375 1194 1412 τοῦ
1222 1375 1449 1424 πραχθῆναι

119 1435 260 1490 ἀπέχει
286 1437 460 1490 ὅσονπερ
484 1437 574 1490 πρὶν
599 1437 723 1489 δόξαι.
793 1438 904 1479 ἔστιν
928 1441 1000 1489 μὲν
1025 1439 1092 1479 οὖν
1117 1440 1171 1479 ὧν
1196 1439 1275 1491 ἐγὼ
1305 1440 1447 1490 νομίζω
1469 1458 1489 1484 2

119 1502 237 1557 χάριν
261 1505 358 1555 ὑμᾶς
383 1508 466 1547 τοῖς
488 1508 592 1546 θεοῖς
617 1506 808 1557 ὀφείλειν,
830 1505 874 1545 τὸ
899 1505 988 1548 τοὺς
1014 1508 1076 1546 διὰ
1095 1505 1164 1556 τὴν
1185 1507 1311 1546 αὐτῶν
1330 1507 1448 1558 ὕβριν

118 1571 208 1622 ὑμῖν
234 1570 540 1622 πολεμήσαντας
558 1569 639 1623 (οὐ)
659 1571 796 1619 πάλαι,
820 1576 890 1613 νῦν
910 1574 951 1613 ἐν
971 1573 1060 1623 ὑμῖν
1078 1573 1214 1624 μόνοις
1233 1575 1301 1624 τῆς
1321 1575 1448 1614 αὑτῶν

120 1639 313 1690 σωτηρίας
340 1638 447 1692 ἔχειν
472 1641 542 1681 τὰς
566 1640 743 1681 ἐλπίδας.
804 1639 915 1690 ἄξιον
941 1639 974 1679 δ’
998 1640 1170 1690 ἡσθῆναι
1199 1644 1251 1695 τῷ
1282 1642 1449 1692 παρόντι

120 1709 251 1760 καιρῷ·
290 1705 545 1757 συμβήσεται
577 1708 653 1759 γὰρ
682 1708 785 1758 ὑμῖν,
813 1706 860 1747 ἂν
887 1707 911 1747 ἃ
939 1706 1015 1760 χρὴ
1046 1707 1320 1758 βουλεύσησθ’
1350 1709 1447 1760 ὑπὲρ

120 1773 249 1819 αὐτοῦ,
284 1775 354 1815 τὰς
385 1775 490 1826 παρὰ
519 1778 595 1814 τῶν
622 1774 927 1825 διαβαλλόντων
957 1774 1028 1824 τὴν
1059 1775 1176 1815 πόλιν
1206 1775 1315 1826 ἡμῶν
1339 1779 1443 1827 βλα-

120 1841 297 1892 σφημίας
323 1840 423 1896 ἔργῳ
448 1842 547 1892 μετὰ
571 1840 688 1892 δόξης
713 1843 836 1892 καλῆς
862 1841 1158 1884 ἀπολύσασθαι.
1467 1845 1607 1906 [1438]

165 1961 185 1981 2
211 1953 286 1983 ἐστε
304 1950 394 1991 vulg.
410 1950 491 1990 Pap.
509 1962 516 1982 :
541 1951 632 1983 ἔσται
650 1951 674 1982 S
686 1950 717 1982 Y
731 1950 770 1982 F1
782 1950 809 1981 C
900 1961 915 1990 4
945 1951 1014 1992 ὅτε]
1031 1952 1079 1983 ὅτι
1092 1950 1172 1991 Pap.
1264 1961 1283 1990 5
1308 1951 1446 1993 ἡμάρτη-

118 2008 171 2027 ται
202 1995 226 2025 S
259 1994 348 2034 vulg.
388 1995 468 2034 Pap.
486 2006 492 2026 z
525 1995 683 2036 ἡμάρτετε
701 2005 716 2024 1‘
871 1997 936 2033 5-6
960 1997 1017 2026 τοῦ
1049 1995 1191 2027 κινδύνου
1216 2009 1248 2026 π.
1277 1996 1407 2027 ἑαυτούς
1432 2006 1448 2026 r

120 2039 213 2079 (τοῦ.
229 2062 236 2069 .
250 2062 257 2069 .
271 2038 383 2070 αὐτούς
401 2038 488 2069 coni.
510 2038 658 2077 Dobree)
677 2050 684 2069 :
712 2038 786 2070 τοὺς
811 2038 972 2070 κινδύνους
997 2052 1030 2069 π.
1056 2041 1161 2070 αὐτοῖς
1194 2038 1217 2069 S
1241 2039 1329 2077 vulg.
1365 2039 1444 2078 Pap.

119 2091 137 2120 7
163 2082 201 2119 ἧν
225 2082 334 2123 ἔργον]
361 2082 439 2123 ἔργα
462 2082 500 2119 ἧν
524 2092 541 2112 r
687 2082 834 2123 ἀκοῦσαι]
862 2083 997 2114 ἀκοῦσαι
1021 2095 1080 2113 συν
1099 2082 1166 2122 [hic
1192 2082 1320 2121 deficit)
1345 2082 1446 2121 Pap-z

119 2126 251 2157 ἀκοῦσαι
269 2128 429 2158 συνειπεῖν
446 2125 477 2155 Y
492 2125 520 2155 D
540 2126 714 2166 (συνειπεῖν
733 2126 764 2155 in
779 2125 809 2155 Y
823 2126 953 2165 punctis
969 2126 1131 2163 deletum)
1146 2137 1152 2162 ;
1172 2127 1246 2156 add.
1262 2127 1421 2157 ἀντειπεῖν
1432 2135 1449 2156 ι·

122 2178 161 2199 10
177 2169 241 2210 KZ]
262 2168 313 2201 λα’
325 2169 348 2199 S
434 2179 471 2198 12
489 2169 633 2210 ἑκά]στῳ
647 2170 762 2208 incipit
777 2169 896 2199 iterum
913 2169 992 2208 Pap.
1085 2180 1121 2207 14
1140 2172 1239 2202 εἰπεῖν
1252 2169 1360 2200 ἁπλῶς
1372 2180 1416 2198 xv
1432 2179 1444 2198 1

121 2222 159 2251 15
185 2212 293 2252 ἔμοιγε
309 2212 418 2251 Codd.‚
442 2212 521 2252 Pap.
539 2222 546 2241 τ
569 2227 621 2252 μοι
639 2223 683 2242 XV
703 2223 715 2242 1
835 2215 872 2243 16
895 2213 962 2244 τότ’
979 2215 1049 2244 ἴσον
1067 2212 1090 2243 S
1107 2213 1208 2251 vulg.,
1228 2213 1308 2252 Pap.
1324 2223 1332 2243 τ
1355 2214 1449 2243 τοῦτ’

117 2257 189 2287 ἴσον
207 2255 286 2295 Pap.
307 2267 371 2295 mg.
391 2267 398 2287 τ
421 2259 606 2288 τοσοῦτονῐ·
712 2266 748 2294 17
774 2257 845 2297 πρὶν
862 2257 972 2293 codd.,
990 2256 1068 2295 Pap.
1087 2268 1093 2287 z
1117 2258 1172 2287 τοῦ
1192 2258 1260 2297 πρὶν
1279 2256 1359 2294 Pap.
1380 2266 1444 2293 mg.

120 2299 226 2339 ἔστιν]
252 2300 305 2329 hic
323 2300 378 2336 λβ’
394 2300 502 2330 adscr.
523 2299 558 2337 S,
579 2299 700 2329 dehinc
720 2310 787 2329 non
805 2300 964 2338 adscripti
983 2301 1014 2329 in
1035 2300 1059 2330 S
1079 2301 1208 2330 numeri
1344 2298 1387 2330 ὧν
1404 2310 1448 2330 xv

121 2352 141 2372 2
160 2343 228 2381 (ubi
247 2342 280 2374 ἓν
296 2342 339 2374 ὧν
357 2343 380 2373 S
396 2343 420 2372 F
435 2343 474 2381 Y,
497 2345 529 2383 ἐξ
545 2342 586 2374 ὧν
602 2342 646 2375 Α)
668 2354 676 2374 :
701 2345 739 2374 ὡς
757 2343 810 2372 hic
827 2344 922 2374 codd.
938 2342 1018 2382 Pap.
1093 2343 1131 2372 18
1154 2344 1192 2374 τὸ
1208 2344 1281 2375 τοὺς
1298 2342 1443 2373 Vindob.

120 2396 151 2423 4,
170 2396 215 2415 xv
231 2396 249 2415 2
265 2397 272 2416 :
295 2389 352 2418 τοῦ
374 2387 448 2418 τοὺς
472 2387 522 2416 vel
549 2386 681 2418 τούτους
698 2387 750 2416 hic
770 2386 793 2417 S
811 2387 899 2425 vulg.
995 2397 1033 2425 19
1057 2389 1127 2426 ὑμῖν
1145 2386 1182 2417 S1
1200 2398 1206 2417 ε
1232 2387 1305 2425 ἡμῖν
1323 2386 1443 2416 Scorr.

121 2428 147 2458 F
160 2428 189 2466 Q
205 2429 234 2458 Y
248 2440 264 2459 r
375 2431 410 2460 οὺ
426 2430 502 2460 add.
523 2430 687 2461 Schaeser
704 2441 747 2459 ex
763 2440 808 2460 xv
824 2440 843 2459 2
955 2440 992 2461 21
1020 2433 1090 2471 ὑμῖν
1110 2440 1229 2461 omnes
1246 2430 1298 2460 hic
1317 2434 1350 2460 et
1366 2440 1411 2460 xv
1427 2440 1446 2459 2

118 2472 149 2502 A
162 2472 188 2502 F
203 2472 252 2503 Y:
279 2482 343 2503 om.
363 2483 409 2503 xv
425 2483 444 2503 2
462 2474 486 2504 S
575 2483 616 2503 22
641 2473 862 2510 διαβαλόντων
879 2472 959 2512 Pap.
