1763 2778
131 110 267 168 [1432]

707 116 1192 154 ΔΙ-ΙΜΟΣΘΕΝΟΎΣ

251 227 269 261 3
290 216 501 272 λῃστρίδες
526 214 773 269 προσέσχον.
848 215 899 258 ὡς
928 217 1003 269 γὰρ
1032 215 1080 256 ἂν
1104 214 1303 269 χρήσαιτό
1330 232 1400 262 τις,
1427 212 1457 255 ‹T›
1482 214 1619 268 ἄνδρες

290 282 505 334 Ἀθηναῖοι,
528 286 658 324 καλῶς
678 282 839 334 δυνάμει
863 282 1230 339 παρεσκευασμένῃ,
1253 284 1374 325 οὕτως
1397 283 1506 333 ὑμεῖς
1532 283 1616 323 εἰώ-

292 353 384 390 θατε
408 354 462 404 τῷ
487 349 756 401 βουλεύεσθαι
780 352 968 403 χρῆσθαι,
996 348 1129 399 ὀξέως.
1201 353 1262 390 δεῖ
1283 353 1325 391 δὲ
1352 349 1620 400 βουλεύεσθαι

290 419 362 468 μὲν
393 415 457 469 ἐφ’
491 417 673 470 ἡσυχίας,
705 421 833 458 ποιεῖν
863 420 904 458 δὲ
934 418 982 457 τὰ
1011 415 1181 466 δόξαντα
1211 419 1311 468 μετὰ
1341 418 1527 467 σπουδῆς,
1556 417 1619 457 καὶ

290 485 538 536 λογίσασθαι
561 484 665 524 τοῦθ’
692 485 751 524 ὅτι
778 486 812 525 εἷ
835 484 886 535 μὴ
919 484 980 524 καὶ
1006 484 1159 537 τροφὴν
1189 483 1325 534 ἱκανὴν
1350 487 1523 535 ποριεῖτε
1555 483 1618 523 καὶ
1639 495 1656 526 5

292 552 516 603 στρατηγόν
540 568 627 591 τινα
651 554 719 590 τοῦ
744 551 922 602 πολέμου
954 555 1046 592 νοῦν
1070 551 1218 604 ἔχοντα
1248 549 1530 603 προστήσεσθε
1557 551 1618 592 καὶ

290 617 422 669 μένειν
448 618 511 658 ἐπὶ
543 622 621 658 τῶν
647 620 747 659 οὕτω
782 618 980 669 δοξάντων
1011 617 1239 668 ἐθελήσετε,
1270 617 1503 670 ψηφίσμαθ’
1526 618 1619 669 ὑμῖν

291 684 508 737 περιέσται,
536 686 599 726 καὶ
623 686 937 737 παραναλώσετε
962 687 1035 736 μὲν
1054 684 1171 726 πάνθ’
1190 685 1253 725 ὅσ’
1278 685 1327 726 ἂν
1351 684 1616 735 δαπανήσητε,

289 753 440 803 βελτίω
466 751 498 791 δ’
524 752 603 792 οὐδ’
629 753 760 792 ὁτιοῦν
787 755 836 793 τὰ
868 751 1066 805 πράγματ’
1093 753 1219 799 ἔσται,
1248 755 1413 805 κρινεῖτε
1443 752 1476 792 δ’
1501 751 1546 792 ὃν
1571 750 1619 792 ἂν

291 819 492 870 βούλησθ’
510 819 777 871 ὀργισθέντες.
848 820 926 872 ἐγὼ
946 821 987 860 δὲ
1007 820 1208 872 βούλομαι
1226 819 1317 861 τοὺς
1338 819 1503 872 ἐχθροὺς
1521 820 1619 870 ὑμᾶς

292 885 549 936 ἀμυνομένους
573 887 745 939 ὀφθῆναι
766 887 956 939 πρότερον
975 883 998 937 ἢ
1018 887 1108 928 τοὺς
1133 888 1299 928 πολίτας
1325 887 1541 938 κρίνοντας·
1575 885 1621 926 οὐ

291 954 367 1005 γὰρ
395 953 486 1004 ἡμῖν
512 953 642 993 αὐτοῖς
673 957 864 1005 πολεμεῖν
894 957 1052 1005 μᾶλλον
1077 951 1099 1004 ἢ
1127 953 1281 996 ’κείνοις
1312 955 1434 1005 ἐσμὲν
1465 954 1619 993 δίκαιοι.

249 1028 272 1061 4
292 1019 341 1060 ἵν’
365 1019 432 1060 οὖν
456 1019 522 1071 μή,
548 1020 593 1060 τὸ
616 1021 764 1075 ῥᾷστον
790 1020 987 1067 ἁπάντων,
1015 1020 1235 1072 ἐπιτιμήσω
1253 1021 1388 1072 μόνον,
1410 1019 1455 1061 ὃν
1473 1021 1621 1072 τρόπον

291 1086 338 1127 ἄν
361 1104 428 1138 μοι
452 1090 602 1127 δοκεῖτε
620 1091 741 1127 ταῦτα
761 1090 926 1139 ποιῆσαι
952 1087 1107 1138 διδάξω,
1129 1088 1280 1138 δεηθεὶς
1303 1089 1410 1139 ὑμῶν
1429 1087 1480 1138 μὴ
1506 1090 1618 1139 θορυ-

290 1156 418 1205 βῆσαι
441 1153 530 1204 μηδ’
550 1153 800 1205 ἀναβάλλειν
820 1155 981 1206 νομίσαι
1005 1172 1055 1207 με
1080 1157 1143 1195 καὶ
1167 1156 1313 1208 χρόνον
1334 1157 1524 1205 ἐμποιεῖν.
1575 1154 1620 1195 οὐ

290 1223 366 1273 γὰρ
383 1222 418 1262 οἱ
446 1221 572 1275 “saxia
588 1221 598 1235 ’
624 1222 686 1261 καὶ
713 1224 723 1239 ‘
739 1221 910 1274 τήμερον
927 1222 937 1236 ’
962 1223 1140 1263 εἰπόντες
1163 1221 1325 1273 μάλιστ’
1354 1223 1408 1264 εἷς
1431 1219 1505 1274 [τὸ]
1530 1221 1620 1263 δέον

290 1287 482 1340 λέγουσιν
504 1287 564 1339 (οὐ
599 1290 676 1341 γὰρ
708 1288 756 1329 ἂν
781 1288 829 1328 τά
855 1288 891 1341 γ’
918 1289 989 1340 ἤδη
1015 1288 1261 1342 γεγενημένα
1294 1292 1470 1329 κωλῦσαι
1504 1291 1617 1339 δυνη-

291 1355 449 1405 θείημεν
475 1360 521 1412 τῇ
555 1357 638 1396 νυνὶ
663 1353 860 1410 βοηθείᾳ),
888 1356 980 1396 ἀλλ’
1008 1355 1051 1398 ὃς
1078 1355 1127 1397 ἂν
1157 1355 1264 1413 δείξῃ
1293 1358 1351 1398 τίς
1381 1359 1620 1409 πορισθεῖσα

291 1421 518 1473 παρασκευὴ
540 1425 736 1472 διαμεῖναι
755 1422 979 1473 δυνήσεται,
1001 1422 1098 1465 τέως
1117 1422 1166 1463 ἂν
1184 1420 1206 1473 ἢ
1228 1424 1524 1476 περιγενώμεθα
1541 1427 1619 1463 τῶν

132 1478 269 1533 [1433]
291 1490 444 1541 ἐχθρῶν
469 1485 492 1539 ἢ
522 1489 753 1531 πεισθέντες
783 1491 1064 1541 διαλυσώμεθα
1092 1489 1161 1530 τὸν
1186 1491 1375 1542 πόλεμον·
1413 1491 1512 1530 οὕτω
1543 1491 1618 1544 γὰρ

292 1555 420 1596 οὐκέτι
444 1559 512 1595 τοῦ
537 1560 679 1597 λοιποῦ
704 1556 934 1611 πάσχοιμεν
960 1557 1008 1598 ἂν
1034 1561 1172 1598 κακῶς.

920 1699 989 1736 ΚΒ

360 1779 485 1830 Οἶμαι
506 1778 658 1821 πάντας
682 1778 730 1819 ἂν
755 1780 866 1830 ὑμᾶς,
895 1777 924 1819 ὦ
949 1779 1085 1831 ἄνδρες
1110 1779 1326 1830 Ἀθηναῖοι,
1354 1781 1616 1833 ὁμολογῆσαι,

294 1847 355 1885 ὅτι
378 1848 438 1886 δεῖ
460 1845 530 1895 τὴν
556 1847 675 1887 πόλιν
697 1846 819 1897 ἡμῶν,
846 1847 940 1887 ὅταν
965 1849 1037 1897 μὲν
1061 1847 1150 1899 περὶ
1173 1851 1251 1887 τῶν
1280 1849 1389 1888 ἰδίων
1412 1847 1518 1888 τινὸς
1541 1851 1619 1888 τῶν

293 1913 411 1962 αὐτῆς
434 1913 688 1964 βουλεύηται,
732 1915 825 1964 ἴσην
866 1915 1057 1965 πρόνοιαν
1089 1914 1198 1967 ἔχειν
1235 1918 1304 1955 τοῦ
1345 1914 1620 1966 συμφέροντος

293 1980 468 2030 ὅσηνπερ
503 1983 573 2020 τοῦ
603 1980 765 2026 δικαίου,
792 1981 886 2020 ὅταν
911 1980 944 2021 δ’
968 1982 1067 2033 ὑπὲρ
1094 1985 1172 2021 τῶν
1205 1985 1465 2035 συμμαχικῶν
1489 1978 1512 2031 ἢ
1543 1984 1620 2023 τῶν

295 2050 448 2092 κοινῶν,
468 2047 554 2087 οἷον
572 2048 635 2087 καὶ
654 2047 699 2087 τὸ
715 2048 798 2088 νυνὶ
817 2048 955 2099 παρόν,
975 2047 1142 2099 μηδενὸς
1165 2049 1287 2090 οὕτως
1313 2049 1364 2091 ὡς
1387 2051 1455 2088 τοῦ
1471 2049 1621 2089 δικαίου

295 2114 530 2166 φροντίζειν.
600 2115 641 2154 ἐν
665 2116 739 2165 μὲν
764 2116 839 2167 γὰρ
872 2115 1036 2157 ἐκείνοις
1068 2115 1114 2155 τὸ
1146 2117 1356 2158 λυσιτελὲς
1382 2114 1548 2168 ἐξαρκεῖ,
1576 2116 1620 2156 ἐν

341 2214 359 2243 5
384 2207 411 2237 εἰ
433 2206 485 2237 καὶ
501 2206 545 2244 μὴ
563 2216 579 2236 1·
592 2206 622 2235 D
634 2206 660 2236 C
787 2217 809 2246 9
833 2210 967 2247 κρινεῖτε
990 2210 1016 2239 δ’
1032 2208 1069 2239 ὒν
1086 2217 1103 2237 r
1119 2206 1267 2239 Vindob.
1287 2218 1306 2246 4
1327 2206 1450 2248 (Wolf)
1467 2218 1474 2237 ι
1497 2208 1618 2248 κρίνετε

294 2247 320 2280 δ’
339 2250 376 2280 ὃν
393 2248 416 2279 S
441 2259 540 2286 corn,
554 2249 579 2279 C
596 2261 602 2279 :
627 2251 751 2290 κρίνετε
776 2250 801 2282 δ’
823 2249 866 2282 ὧν
885 2250 922 2281 Sl
948 2251 1036 2290 vulg.
1155 2261 1254 2282 10<11
1280 2251 1491 2291 ἀμυνομένους
1510 2253 1587 2291 ὑμᾶς
1603 2262 1619 2281 r

298 2302 334 2329 15
351 2292 549 2328 ἀναβάλλειν
573 2292 603 2331 Q
629 2304 695 2333 mg.
715 2293 742 2324 C
763 2299 795 2324 et
820 2294 852 2323 iv
879 2304 936 2333 14:
963 2295 1138 2331 ἀναβαλεῖν
1164 2294 1188 2325 S
1212 2295 1326 2334 vulg.:
1351 2297 1526 2332 ἀναλαβεῖν
1552 2294 1618 2333 FQ

297 2337 335 2365 16
351 2337 389 2366 τὸ
405 2346 469 2367 om.
490 2336 531 2369 D,
548 2337 590 2369 cs.
604 2336 636 2366 iv
655 2348 700 2376 14,
717 2348 762 2367 xx
777 2339 827 2371 26,
844 2348 895 2376 41,
914 2337 1097 2375 Prooem.1‚
1119 2339 1164 2368 liv
1247 2340 1284 2368 18
1310 2340 1374 2370 νυνὶ
1391 2344 1469 2368 ante
1487 2340 1617 2380 βοηθείᾳ

294 2389 310 2408 r
323 2383 357 2409 et
371 2379 403 2408 iv
419 2389 475 2418 14:
497 2385 575 2410 ante
589 2382 741 2419 διαμεῖναι
757 2380 781 2411 S
795 2381 899 2419 vu!g.:
927 2381 992 2411 del.
1015 2381 1125 2411 Focke
1198 2391 1236 2420 19
1259 2381 1354 2422 τέως]
1371 2382 1428 2414 ἕως
1444 2392 1460 2411 r
1472 2381 1615 2412 Vindob.

295 2433 334 2460 4;
356 2422 396 2452 cf.
416 2422 448 2452 iv
468 2433 505 2461 14
605 2434 642 2453 21
671 2424 853 2464 πάσχοιμεν
870 2434 885 2453 r
900 2423 926 2454 C
944 2424 1088 2455 Vindob.
1111 2437 1129 2465 4
1147 2429 1180 2455 et
1198 2425 1230 2454 iv
1251 2435 1308 2463 15:
1331 2431 1467 2466 σχοῖμεν
1485 2424 1509 2455 S
1526 2425 1616 2463 vulg.

295 2467 336 2495 26
361 2467 440 2505 ὅσην
454 2466 532 2508 ὑπὲρ
545 2467 568 2497 S
583 2466 608 2496 F
622 2468 660 2506 D:
674 2467 735 2497 sed
747 2467 787 2497 cf.
802 2467 955 2498 Prooem.
972 2468 1029 2497 xvi
1148 2469 1190 2498 28
1214 2471 1411 2501 λυσιτελοῦν
1426 2479 1442 2499 1·
1453 2468 1482 2498 D
1494 2468 1520 2498 C

1642 834 1680 856 ¹0

1642 1170 1679 1202 15

1641 1506 1680 1528 20
