1763 2778
171 132 286 188 XLvn]
357 136 517 175 ΚΑΤΑ
566 137 772 176 ΕΎΕΡΓ.
822 138 926 175 ΚΑΙ
977 138 1234 177 ΜΝΙΙΣΙΒ.
1285 140 1464 178 mmm.
1520 134 1657 189 [1149]

173 248 234 288 καὶ
267 247 335 288 οὐκ
366 246 665 299 ἀπολαμβάνων
695 248 742 287 τὰ
773 247 893 298 σκεύη
924 247 1013 301 παρ’
1038 247 1166 295 αὐτοῦ,
1194 247 1380 306 προσῄειν
1406 252 1501 303 πρός

171 333 213 356 τε
237 314 326 357 τοὺς
352 314 603 357 ἀποστολέας
634 314 696 355 καὶ
725 314 796 365 τὴν
821 314 975 366 βουλήν
1000 312 1077 367 [καὶ
1101 318 1169 356 τὸν
1194 314 1343 369 δῆμον],
1369 317 1500 370 λέγων

172 383 231 422 ὅτι
267 382 336 423 οὐκ
372 383 595 423 ἀποδίδωσί
619 399 685 433 μοι
717 384 765 422 τὰ
795 383 914 433 σκεύη
941 383 960 422 ὁ
988 383 1218 435 Θεόφημος,
1246 384 1270 424 ἃ
1294 383 1432 437 ὦφλεν
1459 387 1500 426 ἐν

169 450 221 505 τῷ
255 450 505 504 δικαστηρίῳ.
565 450 776 506 προσῇσαν
809 451 850 490 δὲ
883 450 944 489 καὶ
975 452 1010 491 οἱ
1042 450 1160 490 ἄλλοι
1188 451 1417 505 τριήραρχοι
1453 459 1500 510 τῇ

130 517 310 573 5βουλῇ,
338 517 428 557 ὅσοι
467 516 519 568 μὴ
559 515 873 568 παρελάμβανον
910 517 1014 570 παρὰ
1052 521 1129 557 τῶν
1170 519 1417 571 ὀφειλόντων
1450 521 1499 559 τὰ

169 583 303 635 σκεύη.
376 584 437 624 καὶ
468 587 630 624 πολλῶν
659 584 794 636 λόγων
823 584 1046 636 γενομένων
1075 585 1326 636 ἀποκρίνεται
1355 586 1445 637 ἡμῖν
1476 587 1498 638 ἡ

168 650 296 702 βουλὴ
316 652 563 704 ψηφίσματι,
586 650 606 691 ὃ
631 651 904 704 ἀναγνώσεται
923 653 1024 704 ὑμῖν,
1045 651 1353 704 εἰσπράττεσθαι
1371 653 1500 710 τρόπῳ

167 716 196 774 ᾧ
216 717 265 759 ἂν
290 719 503 770 δυνώμεθα.

731 828 930 858 ΨΗΦΙΣΜΑ.

109 931 147 952 10
234 907 451 960 Γενομένου
485 910 618 949 τοίνυν
645 913 713 949 τοῦ
743 910 1007 962 ψηφίσματος
1039 910 1177 950 τούτου
1207 911 1250 951 ἐν
1279 917 1326 968 τῇ
1350 912 1496 968 βουλῇ,
1519 931 1563 966 34

167 976 230 1016 καὶ
267 975 425 1018 οὐδενὸς
463 979 716 1029 γραφομένου
759 977 1009 1029 παρανόμων,
1051 976 1157 1017 ἀλλὰ
1199 979 1329 1029 κυρίου
1370 980 1495 1024 ὄντος,

167 1044 402 1096 προσελθὼν
421 1043 580 1098 Εὐέργῳ
599 1044 739 1098 τουτῳὶ
758 1047 810 1098 τῷ
832 1044 994 1098 ἀδελφῷ
1020 1048 1089 1084 τοῦ
1108 1044 1340 1097 Θεοφήμου,
1362 1045 1497 1096 ἐπειδὴ

166 1109 234 1151 τὸν
272 1111 493 1164 Θεόφημον
530 1111 604 1165 οὐχ
644 1111 724 1153 οἶός
765 1127 809 1152 τε
848 1110 895 1162 ἧν
933 1112 1043 1157 ἰδεῖν,
1080 1111 1187 1165 ἔχων
1219 1110 1263 1151 τὸ
1299 1112 1498 1165 ψήφισμα

167 1181 321 1230 πρῶτον
345 1180 417 1229 μὲν
442 1176 627 1235 ἀπῄτησα
652 1177 700 1218 τὰ
729 1178 848 1229 σκεύη
877 1178 941 1218 καὶ
972 1177 1165 1218 ἐκέλευσα
1194 1178 1314 1220 αὐτὸν
1342 1179 1498 1232 φράσαι

110 1264 146 1295 15
167 1248 219 1300 τῷ
240 1244 455 1300 Θεοφήμῳ,
473 1245 610 1286 ἔπειτα
628 1246 822 1286 διαλιπὼν
839 1245 987 1297 ἡμέρας
1012 1245 1134 1292 τινάς,
1156 1246 1206 1287 ὡς
1225 1246 1294 1286 οὐκ
1314 1247 1498 1287 ἀπεδίδου

166 1313 214 1352 τὰ
247 1312 380 1363 σκεύη,
409 1312 501 1353 ἀλλ’
528 1312 719 1367 ἐχλεύαζέ
745 1331 806 1365 με,
834 1313 1083 1366 παραλαβὼν
1117 1312 1312 1366 μάρτυρας
1349 1314 1498 1366 ἠρόμην

167 1378 286 1420 αὐτὸν
320 1380 469 1433 πότερα
497 1380 761 1432 νενεμημένος
782 1382 843 1431 εἵη
870 1380 968 1432 πρὸς
990 1379 1062 1422 τὸν
1083 1380 1265 1433 ἀδελφὸν
1286 1376 1314 1433 ἢ
1337 1380 1449 1433 κοινὴ
1471 1381 1495 1432 ἡ

167 1445 285 1487 οὐσία
307 1448 366 1497 εἵη
387 1447 530 1490 αὐτοῖς.
582 1447 893 1500 ἀποκριναμένου
913 1446 956 1488 δέ
972 1464 1039 1499 μοι
1060 1447 1236 1500 Εὐέργου
1256 1448 1314 1488 ὅτι
1334 1465 1494 1499 νενεμη-
1518 1458 1559 1495 35

166 1513 282 1566 μένος
308 1515 365 1565 εἴη
393 1514 456 1556 καὶ
478 1515 601 1569 χωρὶς
633 1515 756 1565 οἰκοίη
783 1516 803 1555 ὁ
832 1516 1062 1567 Θεόφημος,
1089 1514 1204 1556 αὐτὸς
1235 1517 1276 1556 δὲ
1308 1517 1413 1568 παρὰ
1445 1520 1497 1570 τῷ

109 1602 146 1624 20
168 1582 298 1633 πατρί,
336 1582 557 1633 πυθόμενος
599 1583 642 1623 οὗ
683 1582 771 1637 ᾤκει
802 1583 823 1621 ὁ
857 1583 1089 1635 Θεόφημος,
1113 1582 1255 1633 λαβὼν
1289 1584 1395 1635 παρὰ
1429 1585 1498 1633 τῆς

168 1649 291 1702 ἀρχῆς
315 1649 512 1701 ὑπηρέτην
538 1648 660 1700 ἦλθον
687 1650 752 1691 ἐπὶ
771 1649 843 1700 τὴν
859 1651 987 1690 οἰκίαν
1005 1653 1074 1689 τοῦ
1095 1649 1325 1702 Θεοφήμου.
1380 1666 1496 1690 κατα-

167 1716 308 1767 λαβὼν
333 1718 374 1757 δὲ
399 1716 515 1758 αὐτὸν
539 1716 607 1757 οὐκ
632 1717 744 1757 ἔνδον
769 1719 876 1762 ὄντα,
895 1715 1088 1757 ἐκέλευσα
1106 1716 1177 1767 τὴν
1197 1716 1403 1769 ἄνθρωπον
1427 1716 1499 1767 τὴν

168 1783 453 1825 ὑπακούσασαν
467 1787 675 1836 μετελθεῖν
690 1784 809 1825 αὐτὸν
825 1785 924 1824 ὅπου
941 1786 1013 1834 εἴη,
1031 1784 1176 1834 ταύτην
1191 1782 1238 1834 ἣν
1254 1783 1495 1837 μεμαρτυρή-

170 1867 285 1891 κασιν
309 1850 417 1892 οὗτοι
442 1850 772 1904 προκαλέσασθαι
793 1850 863 1891 τὸν
889 1851 1111 1904 Θεόφημον
1137 1854 1392 1904 παραδοῦναι,
1421 1852 1498 1903 ἐγὼ

110 1936 148 1967 ²5
169 1919 211 1958 δὲ
240 1917 403 1969 ἐξαιτῶν
432 1919 477 1960 οὐ
506 1918 671 1970 δύναμαι
701 1922 966 1971 παραλαβεῖν,
994 1918 1043 1958 ἵν’
1070 1919 1179 1969 ὑμεῖς
1208 1918 1279 1969 τὴν
1309 1916 1499 1968 ἀλήθειαν
1521 1913 1657 1968 [1150]

169 1984 360 2035 πύθησθε,
386 1985 573 2038 ὁπότερος
599 1984 716 2038 ἦρξεν
740 1989 885 2039 χειρῶν
911 1986 1067 2026 ἀδίκων.
1129 1985 1180 2028 ὡς
1206 1987 1249 2027 δὲ
1274 1986 1500 2038 ἀφικνεῖται
1520 1986 1564 2030 36

169 2051 191 2090 ὁ
233 2052 453 2105 Θεόφημος
489 2053 761 2104 μετελθούσης
797 2053 914 2093 αὐτὸν
957 2055 1026 2103 τῆς
1067 2053 1288 2105 ἀνθρώπου,
1324 2050 1500 2109 ἀπῄτουν

170 2117 287 2159 αὐτὸν
315 2119 362 2160 τὸ
393 2119 620 2173 διάγραμμα
648 2124 726 2160 τῶν
759 2124 923 2166 σκευῶν,
949 2118 1080 2172 λέγων
1107 2121 1166 2160 ὅτι
1190 2119 1262 2170 ἤδη
1289 2119 1379 2172 περὶ
1402 2120 1497 2160 ἀνα-

171 2185 305 2238 γωγὴν
335 2188 431 2237 εἵην,
459 2187 522 2228 καὶ
555 2188 751 2228 ἐδείκνυον
775 2186 818 2227 τὸ
843 2186 1038 2239 ψήφισμα
1062 2189 1131 2237 τῆς
1155 2190 1321 2238 βουλῆς.
1380 2185 1432 2228 ὧς
1457 2188 1498 2226 δὲ

112 2273 152 2303 30
171 2252 290 2294 ταῦτά
313 2270 388 2305 μου
410 2253 602 2307 λέγοντος
628 2254 696 2294 οὐκ
722 2255 918 2301 ἀπεδίδου,
946 2255 1052 2295 ἀλλὰ
1077 2254 1234 2304 ἠπείλει
1261 2254 1321 2294 καὶ
1346 2255 1496 2293 ἐλοιδο-

214 2374 234 2394 2
258 2365 383 2396 καὶτὸν
406 2367 506 2405 δῆμον
528 2365 592 2396 del.
617 2365 753 2405 Sauppe
780 2365 853 2397 coll.
875 2368 889 2403 ξ
911 2375 951 2404 37
1090 2376 1126 2394 12
1150 2364 1252 2405 τούτῳ
1277 2365 1386 2403 codd„
1412 2373 1498 2395 corr.

171 2405 271 2438 Blass
405 2419 442 2448 17
467 2408 675 2449 νενεμημένος
695 2409 726 2448 Q
743 2422 794 2450 γρ.
815 2409 843 2438 D
862 2421 868 2440 :
898 2408 1123 2450 μεμερισμένος
1145 2408 1259 2447 SFQ,
1280 2409 1321 2439 cf.
1344 2407 1496 2447 Hesych.

170 2450 266 2491 νέμει·
283 2451 399 2493 μερίζει
492 2453 512 2491 ἡ
530 2458 640 2484 servat
659 2454 682 2484 S
701 2453 792 2483 solus
930 2455 967 2483 18
992 2452 1216 2494 νενεμημένος]
1233 2450 1459 2493 μεμερισμένος
1474 2450 1500 2481 F

230 2517 315 2539 141-44
1392 2506 1413 2537 8
