1763 2778
132 135 208 193 Lxl]
649 141 965 178 ΕΡΩΤΙΚΟΣ
1504 137 1650 192 [1406]

133 239 358 292 ἀνθρώπους
373 240 523 290 ὁμιλία·
544 242 710 280 πολλῶν
721 236 798 291 γὰρ
816 238 1139 291 ἐντυγχανόντων
1157 255 1223 279 σοι
1240 238 1303 279 καὶ
1318 256 1461 280 παντο-

134 309 260 348 δαπὰς
293 306 436 358 φύσεις
467 306 656 359 ἐχόντων,
684 304 741 345 ἔτι
771 307 813 347 δὲ
841 304 1154 357 προσαγομένων
1183 305 1368 346 ἁπάντων
1400 307 1464 347 ἐπὶ

134 375 204 416 τὰς
231 375 380 415 ἑαυτῶν
410 373 632 423 συνηθείας,
659 372 759 412 οὕτω
790 376 918 414 καλῶς
947 371 1144 424 προέστης
1175 376 1254 413 τῶν
1279 373 1464 414 τοιούτων

134 441 239 482 ὥστε
276 440 424 482 πάντας
462 439 534 490 τὴν
570 438 667 491 πρὸς
703 441 751 480 σὲ
787 440 928 491 φιλίαν
961 438 1214 491 ἠγαπηκότας
1249 439 1371 494 ἔχειν.
1443 440 1465 481 ὃ
1488 449 1529 484 18

94 522 113 556 5
135 511 300 559 σημεῖον
331 511 409 547 τῶν
442 506 609 557 ἐνδόξως
647 507 709 547 καὶ
734 506 1027 558 φιλανθρώπως
1055 506 1123 556 ζῆν
1148 506 1465 559 προαιρουμένων

134 575 260 615 ἐστίν.
331 574 458 614 καίτοι
488 576 591 615 τινὲς
624 573 896 624 ηὐδοκίμησαν
929 573 1001 624 ἤδη
1035 577 1113 614 τῶν
1145 590 1187 614 τε
1214 579 1461 625 συμβουλευ-

135 641 293 683 σάντων
319 641 369 683 ὡς
393 640 438 681 οὗ
456 640 533 694 χρὴ
553 642 622 682 τὰς
645 644 723 681 τῶν
748 641 950 693 τυχόντων
970 641 1126 691 ὁμιλίας
1152 640 1462 695 προσδέχεσθαι,

134 708 199 750 καὶ
229 712 307 749 τῶν
335 707 581 749 πεισθέντων
617 707 781 750 τούτοις·
819 704 842 758 ἢ
877 708 951 760 γὰρ
983 706 1081 759 πρὸς
1113 707 1230 762 χάριν
1255 708 1466 760 ὁμιλοῦντα

133 780 215 818 τοῖς
261 775 433 828 φαύλοις
480 775 695 827 ἀναγκαῖον
742 774 843 815 εἶναι
891 774 1188 826 διαβάλλεσθαι
1235 777 1339 828 παρὰ
1384 780 1465 818 τοῖς

77 860 114 882 ιο
134 847 314 889 πολλοῖς,
354 839 379 894 ἢ
417 842 752 893 διευλαβούμενον
792 841 863 884 τὰς
904 842 1086 884 τοιαύτας
1127 841 1357 893 ἐπιπλήξεις
1398 842 1463 884 ὑπ’

134 909 261 951 αὐτῶν
279 913 357 950 τῶν
377 910 700 962 ἐντυγχανόντων
720 910 1053 962 δυσχεραίνεσθαι
1073 911 1322 960 συμπίπτειν.
1388 911 1465 963 ἐγὼ
1490 917 1530 952 Ι9

134 979 176 1018 δὲ
196 979 260 1018 διὰ
282 981 397 1017 τοῦτο
423 977 485 1017 καὶ
507 980 664 1028 μᾶλλον
688 976 800 1026 οἶμαί
825 994 872 1016 σε
902 979 982 1017 δεῖν
1012 977 1279 1028 ἐγκωμιάζειν,
1306 978 1364 1018 ὅτι
1389 981 1466 1018 τῶν

135 1044 272 1085 ἄλλων
296 1044 339 1085 ἕν
363 1061 400 1084 τι
423 1048 500 1084 τῶν
525 1042 728 1084 ἀδυνάτων
753 1042 943 1094 οἰομένων
970 1044 1068 1084 εἶναι
1093 1047 1136 1084 τό
1170 1047 1252 1086 τοῖς
1281 1044 1466 1085 ἁπάντων

134 1112 294 1163 τρόποις
323 1110 520 1164 ἀρέσκειν,
552 1111 603 1151 σὺ
633 1114 800 1151 τοσοῦτο
834 1111 982 1151 τούτων
1013 1110 1219 1163 διήνεγκας
1255 1112 1360 1152 ὥστε
1389 1115 1466 1152 τῶν
1486 1117 1628 1173 [1407]

77 1190 113 1223 15
134 1182 323 1232 χαλεπῶν
360 1178 422 1218 καὶ
458 1178 663 1218 δυσκόλων
699 1178 884 1218 ἁπάντων
919 1181 1265 1231 περιγεγενῆσθαι,
1295 1183 1362 1219 τοῦ
1396 1181 1467 1230 μὲν

136 1244 493 1298 συνεξαμαρτάνειν
517 1246 624 1286 τισὶν
649 1244 729 1285 οὐδ’
755 1245 935 1297 ὑποψίαν
961 1245 1095 1287 ἐνδοὺς
1120 1249 1201 1287 τοῖς
1226 1244 1378 1292 ἄλλοις,
1399 1248 1466 1296 τῆς

135 1314 177 1353 δὲ
225 1312 321 1365 πρὸς
367 1312 506 1355 αὐτοὺς
547 1313 782 1365 δυσχερείας
822 1318 870 1369 τῇ
912 1316 988 1353 τῶν
1028 1313 1185 1365 τρόπων
1227 1312 1467 1367 εὐαρμοστίᾳ

137 1378 345 1433 κρατήσας.
415 1379 514 1431 πρὸς
560 1380 694 1420 τοίνυν
731 1379 820 1421 τοὺς
863 1379 1046 1432 ἐραστάς,
1090 1381 1122 1420 εἰ
1160 1380 1236 1433 χρὴ
1278 1380 1341 1420 καὶ
1379 1380 1466 1432 περὶ
1488 1396 1533 1422 20

135 1447 283 1488 τούτων
310 1448 446 1493 εἰπεῖν,
468 1447 567 1487 οὕτω
589 1450 717 1489 καλῶς
735 1464 803 1497 μοι
819 1449 946 1488 δοκεῖς
967 1447 1028 1487 καὶ
1054 1447 1274 1499 σωφρόνως
1299 1448 1464 1498 ὁμιλεῖν,

75 1531 117 1553 20
136 1514 241 1555 ὥστε
264 1518 342 1555 τῶν
367 1515 569 1554 πλείστων
593 1513 672 1554 οὐδ’
698 1513 743 1554 ὃν
768 1513 817 1554 ἂν
841 1514 1088 1565 προέλωνται
1112 1511 1468 1567 μετρίωςένεγκεῖν

135 1580 373 1632 δυναμένων,
392 1581 457 1621 σοὶ
482 1583 605 1622 πᾶσιν
627 1580 710 1621 καθ’
734 1581 964 1633 ὑπερβολὴν
990 1581 1173 1633 ἀρέσκειν
1192 1581 1466 1633 συμβέβηκεν.

136 1647 157 1689 ὃ
193 1651 261 1699 τῆς
298 1651 372 1698 σῆς
407 1649 546 1700 ἀρετῆς
585 1653 751 1699 σημεῖον
786 1648 1076 1700 ἐναργέστατόν
1114 1650 1236 1690 ἐστιν.
1307 1650 1362 1689 ὧν
1396 1651 1467 1700 μὲν

137 1717 213 1768 γὰρ
254 1716 404 1756 δίκαιον
444 1716 506 1756 καὶ
545 1716 681 1761 καλόν,
723 1716 850 1757 οὐδεὶς
888 1715 1048 1767 ἄμοιρος
1086 1716 1214 1756 αὐτῶν
1252 1717 1355 1768 παρὰ
1394 1718 1468 1756 σοῦ

138 1781 392 1833 καθέστηκεν·
429 1782 453 1823 ἃ
476 1781 509 1822 δ’
535 1784 589 1824 εἰς
615 1783 811 1837 αἰσχύνην
836 1782 932 1833 ἥκει,
960 1782 1109 1823 τούτων
1142 1782 1220 1823 οὐδ’
1251 1784 1306 1825 εἷς
1339 1782 1466 1824 ἐλπίδ’

80 1863 116 1896 25
138 1849 264 1892 οὐδεὶς
288 1849 460 1903 ἔρχεται·
497 1850 696 1900 τοσαύτην
720 1853 801 1891 τοῖς
825 1852 897 1900 μὲν
922 1853 1000 1889 τῶν
1025 1851 1254 1900 βελτίστων
1279 1849 1465 1903 ὀρεγομέ-

138 1933 220 1959 νοις
246 1916 441 1968 ἐξουσίαν,
459 1921 541 1959 τοῖς
567 1917 600 1957 δ’
621 1917 968 1998 ἀποθρασύνεσθαι
993 1917 1255 1968 βουλομένοις
1275 1918 1468 1969 ἀτολμίαν

137 1983 160 2035 ἡ
188 2001 241 2034 ση
267 1983 509 2037 σωφροσύνη
537 1984 842 2036 παρεσκεύακεν.
913 2001 971 2024 ετι
995 1986 1126 2024 τοίνυν
1155 1988 1233 2025 τῶν
1266 1987 1468 2025 πλείστων
1490 1993 1531 2020 21

138 2052 182 2091 ἐκ
206 2053 275 2101 τῆς
299 2052 464 2101 σιωπῆς,
490 2051 586 2091 ὅταν
615 2048 690 2090 ὡσι
719 2050 813 2097 νέοι,
847 2067 919 2100 την
951 2053 1020 2101 τῆς
1057 2052 1322 2104 σωφροσύνης
1350 2051 1468 2102 δόξαν

139 2116 387 2169 θηρωμένων,
427 2117 478 2158 σὺ
513 2121 706 2158 τοσοῦτον
747 2134 794 2174 τῃ
837 2117 959 2169 φύσει
999 2118 1242 2171 διενήνοχας,
1288 2118 1384 2158 ὥστ’
1425 2116 1471 2167 εξ

78 2204 119 2237 3ο
138 2185 193 2225 ὧν
225 2183 357 2237 λέγεις
387 2184 450 2224 καὶ
481 2184 632 2235 ὁμιλεῖς
657 2188 737 2226 τοῖς
762 2184 1051 2238 ἐντυγχάνουσι
1073 2187 1195 2236 μηδὲν
1221 2185 1372 2226 ἐλάττω
1397 2184 1468 2235 τὴν

140 2251 228 2302 περὶ
264 2250 433 2291 σεαυτὸν
463 2250 641 2302 εὐδοξίαν
668 2248 691 2301 ἢ
723 2253 786 2291 διὰ
820 2250 949 2292 πάντα
977 2253 1025 2291 τὰ
1057 2254 1179 2292 λοιπὰ
1212 2255 1466 2302 πεποιῆσθαι·

183 2361 204 2389 6
227 2373 264 2391 τε
287 2369 353 2390 om.
395 2358 419 2390 S
430 2358 474 2389 Y¹
487 2369 502 2389 r
514 2359 544 2389 D
634 2359 920 2399 συμβουλευόντων
932 2359 992 2398 FQ
1085 2370 1118 2390 11
1147 2361 1338 2401 συμπίπτειν
1353 2359 1468 2391 Wolf:

143 2403 314 2443 συμπίπτει
332 2403 429 2433 codd.
611 2413 649 2441 13
673 2403 821 2435 ἁπάντων
839 2403 936 2433 Blass
954 2404 995 2434 cf.
1017 2403 1078 2442 Ep.
1099 2403 1144 2435 iii.
1162 2414 1215 2442 27,
1233 2405 1386 2442 Theogn.
1405 2414 1467 2443 24:

143 2446 255 2477 ἄλλων
276 2445 366 2484 vulg.
382 2457 389 2476 :
413 2447 526 2479 ἄλλοις
542 2456 579 2476 r:
602 2449 667 2477 τῶν
683 2450 815 2478 πολλῶν
833 2446 862 2475 D
881 2446 1006 2485 (Wolf)
1122 2457 1157 2486 17
1183 2448 1375 2489 εὐαρμοστία
1392 2448 1465 2477 cod.

144 2489 236 2520 coisl.
253 2498 318 2528 339
334 2489 380 2530 (u)
401 2498 486 2520 corr.
502 2500 508 2520 ε
534 2491 749 2532 συναρμοστίᾳ
768 2490 790 2520 S
803 2489 832 2528 Q
845 2490 875 2520 Y
887 2500 903 2520 r
914 2490 943 2519 D
961 2489 994 2520 vl
1113 2500 1155 2521 20
1179 2492 1217 2523 ἂν
1231 2500 1296 2521 om.
1316 2490 1339 2521 S
1351 2480 1395 2529 Q¹
1409 2500 1425 2521 r
1439 2490 1468 2520 D

145 2541 183 2563 21
203 2531 271 2572 σοὶ]
290 2545 347 2565 σου
365 2531 391 2563 S
478 2541 518 2571 31
538 2533 673 2564 σεαυτὸν
690 2532 807 2563 Blass:
832 2535 967 2565 σεαυτοῦ
985 2532 1083 2564 codd.
