1763 2778
91 121 227 177 [1243]
650 114 702 170 [Δ
716 120 751 157 H
763 120 803 157 M
815 114 1169 170 ΟΣΘΕΝΟΥΣ]
1510 114 1575 171 [m

187 230 230 264 23
250 222 371 258 ταῦτα
391 217 525 265 πιστά,
548 215 577 258 ὦ
597 217 734 271 ἄνδρες
759 219 959 266 δικασταί,·
999 219 1076 271 ἐγὼ
1100 220 1170 269 μὲν
1191 220 1264 270 γὰρ
1283 218 1411 259 οὐδενὶ
1430 219 1572 268 οἴομαι.

253 286 313 325 καὶ
347 286 366 325 ὁ
403 285 669 339 Ἀρχεβιάδης
704 287 759 327 εἷς
794 287 908 326 τοῦτο
945 286 1195 339 φαυλότητος
1232 285 1329 335 ἥκει,
1365 285 1469 325 ὥστε
1506 289 1573 326 τοῦ

253 354 490 393 Καλλίππου
516 353 684 403 δημότου
707 354 822 394 ὄντος
847 353 947 407 αὐτῷ
979 353 1040 393 καὶ
1071 351 1376 402 πολιτευομένου
1409 353 1472 393 καὶ
1502 353 1572 393 οὐκ

252 420 407 460 ἰδιώτου
442 421 556 460 ὄντος
599 423 896 471 καταμαρτυρεῖ,
937 420 998 460 καὶ
1035 420 1162 472 φησὶν
1196 419 1298 470 ἡμᾶς
1334 420 1406 469 μὲν
1445 420 1572 469 ἀληθῆ

249 485 397 538 λέγειν,
423 489 560 526 τοῦτον
586 488 626 526 δὲ
650 486 884 538 ψεύδεσθαι,
913 487 976 527 καὶ
1004 489 1125 526 ταῦτα
1154 486 1266 528 εἰδὼς
1288 487 1361 531 ὅτι,
1388 485 1435 526 ἂν
1460 485 1572 527 οὗτος

249 553 444 605 βούληται
461 552 765 605 ἐπισκήψασθαι
784 552 885 607 αὐτῷ
906 557 983 593 τῶν
1008 554 1358 606 ψευδομαρτυρίων
1383 553 1445 593 καὶ
1469 552 1572 592 ἄλλο

248 622 369 672 μηδὲν
393 622 560 671 ποιῆσαι
582 617 605 671 ἢ
631 619 863 673 ἐξορκῶσαι,
886 619 1037 672 ἀνάγκη
1063 620 1164 674 αὐτῷ
1190 620 1301 660 ἔσται
1327 620 1462 660 πίστιν
1487 620 1569 660 ἐπι-

185 700 229 734 29
250 690 373 728 θεῖναι
397 686 445 738 ἢν
471 686 520 728 ἂν
548 687 688 743 κελεύῃ
719 687 844 729 οὗτος.
917 687 1052 728 ἔπειτα
1084 688 1147 727 ἵνα
1173 688 1193 726 ὁ
1219 686 1471 738 Κηφισιάδης
1495 687 1569 743 ἔχῃ

248 753 292 794 τὸ
331 754 531 807 ἀργύριον,
575 754 782 806 ἄνθρωπος
822 753 1014 806 μέτοικος,
1058 751 1081 804 ἢ
1121 755 1320 806 Φορμίων,
1361 755 1406 794 ὅν
1445 759 1571 806 φησιν

90 816 227 872 [1244]
248 821 546 874 ἀπαληλιφέναι
569 839 605 861 τι
635 821 746 862 οὗτος
773 825 840 861 τοῦ
871 822 1066 874 ἀργυρίου,
1092 820 1366 872 πεισθήσεσθε
1386 821 1496 871 ’ὑμεῖς
1521 820 1570 861 ὡς

249 888 521 941 ἐπιορκήσειεν
552 885 636 941 (av)
669 889 689 928 ὁ
714 887 1001 943 Ἀρχεβιάδης,·
1038 888 1106 928 οὐκ
1140 889 1182 928 ἔκ
1214 905 1261 941 γε
1293 892 1371 928 τῶν
1396 888 1568 934 εἰκότων,

248 953 277 995 ὦ
301 955 437 1008 ἄνδρες
461 957 660 996 δικασταί.
719 956 764 996 οὐ
788 957 863 1009 γὰρ
888 954 998 1007 ἄξιον
1027 956 1114 996 οὔτε
1139 954 1406 1009 Ἀρχεβιάδου
1435 956 1570 995 κακίαν

248 1023 430 1073 οὐδεμίαν
457 1028 703 1076 καταγνῶναι
729 1024 818 1064 οὔτε
850 1027 920 1063 τοῦ
951 1023 1100 1075 πατρὸς
1129 1026 1198 1063 τοῦ
1227 1022 1432 1074 ἡμετέρου·
1468 1021 1569 1063 πολὺ

246 1092 321 1143 γὰρ
341 1090 458 1131 αὐτὸν
477 1091 691 1143 φιλότιμον
707 1092 798 1132 ἵστε
815 1093 973 1143 μᾶλλον
991 1093 1087 1131 ὄντα
1105 1086 1129 1141 ἢ
1149 1090 1266 1131 κακόν
1292 1107 1329 1130 τι
1353 1086 1376 1140 ἢ
1402 1088 1570 1142 αἰσχρὸν

246 1157 537 1208 ἐπιτηδεύοντα,
566 1159 628 1198 καὶ
654 1157 750 1210 πρὸς
778 1157 1019 1199 Κάλλιππον
1043 1158 1116 1211 οὐχ
1146 1158 1267 1199 οὕτως
1298 1158 1442 1210 ἔχοντα
1468 1157 1569 1197 ὥστε

182 1240 227 1275 30
248 1225 603 1277 καταφρονήσαντα
627 1225 766 1265 τούτου
787 1226 971 1277 ἀδικῆσαι
989 1222 1066 1277 [ἄν]
1084 1242 1121 1265 τι
1141 1224 1269 1265 αὐτόν.
1314 1223 1358 1264 οὐ
1377 1226 1451 1276 γὰρ
1471 1224 1568 1264 οὕτω

244 1308 312 1343 μοι
347 1294 454 1332 δοκεῖ
488 1293 680 1333 δύνασθαι
715 1291 812 1332 ὥστ’
849 1292 1192 1344 εὐκαταφρόνητος
1229 1291 1340 1337 εἶναι,
1376 1290 1428 1333 ὃς
1449 1292 1568 1332 οὕτως

246 1358 464 1412 ἐρρωμένος
488 1360 611 1406 ἐστίν,
632 1359 736 1400 ὥστε
761 1359 908 1410 πέρυσί
928 1377 993 1411 μοι
1019 1360 1157 1412 λαχὼν
1182 1358 1254 1409 τὴν
1277 1360 1388 1409 δίκην
1411 1357 1569 1408 ταυτηνὶ

246 1426 310 1467 καὶ
333 1425 680 1477 προκαλεσάμενος
704 1430 756 1481 τῷ
783 1426 997 1483 Λυσιθείδῃ
1026 1426 1249 1478 ἐπιτρέψαι,
1276 1426 1355 1478 ἐγὼ
1384 1427 1458 1477 μὲν
1486 1425 1568 1465 καί-

245 1510 317 1545 περ
342 1493 742 1547 καταπεφρονημένος
766 1493 832 1535 ὐπ’
858 1493 975 1534 αὐτοῦ
1003 1493 1118 1534 τοῦτό
1146 1510 1191 1545 γε
1221 1494 1344 1546 ὀρθῶς
1377 1493 1566 1544 ἐβουλευ-

245 1558 376 1611 σάμην
403 1559 517 1612 (κατὰ
539 1560 631 1603 τοὺς
654 1561 797 1611 νόμους
825 1561 903 1614 γὰρ
928 1560 1130 1613 ἐπέτρεψα
1157 1560 1220 1600 καὶ
1243 1558 1447 1612 ἀπήνεγκα
1473 1558 1567 1611 πρὸς

244 1627 315 1677 τὴν
339 1626 491 1682 ἀρχήν),
519 1628 632 1671 οὗτος
655 1630 696 1669 δὲ
723 1631 791 1669 τὸν
821 1627 919 1668 κατὰ
952 1627 1041 1669 τοὺς
1074 1628 1217 1678 νόμους
1249 1626 1567 1679 ἀπενηνεγμένον

244 1694 444 1746 διαιτητὴν
462 1695 624 1736 ἔπεισεν
644 1696 845 1746 ἀνώμοτον
865 1697 1078 1746 διαιτῆσαι,
1100 1695 1194 1745 ἐμοῦ
1213 1693 1567 1746 διαμαρτυρομένου

245 1764 342 1802 κατὰ
365 1761 454 1804 τοὺς
479 1762 622 1814 νόμους
653 1763 856 1814 ὀμόσαντα
888 1765 1052 1808 διαιτᾶν,
1080 1763 1145 1802 ἵνα
1175 1760 1277 1816 αὐτῷ
1301 1760 1325 1817 ᾖ
1350 1760 1444 1813 πρὸς
1468 1761 1566 1812 ὑμᾶς

243 1827 378 1881 λέγειν
404 1830 463 1870 ὅτι
490 1830 551 1870 καὶ
578 1831 828 1880 Λυσιθείδης,
857 1828 955 1882 ἀνὴρ
988 1829 1108 1871 καλὸς
1141 1827 1324 1881 κάγαθός,
1352 1828 1452 1880 ἔγνω
1478 1827 1566 1879 περὶ

178 1916 221 1952 31
245 1895 384 1937 αὐτῶν.
453 1897 690 1947 Λυσιθείδης
729 1896 818 1949 γάρ,
857 1895 886 1936 ὦ
923 1896 1062 1949 ἄνδρες
1097 1896 1294 1942 δικασταί,
1333 1896 1403 1936 ἕως
1439 1897 1511 1946 μὲν
1547 1894 1568 1933 ὁ

244 1962 372 2016 πατὴρ
405 1963 484 2014 ἔζη,
523 1963 586 2004 καὶ
623 1963 715 2004 ἄνευ
751 1964 868 2016 ὅρκου
907 1963 968 2003 καὶ
1006 1962 1092 2015 μεθ’
1131 1964 1247 2015 ὅρκου
1281 1964 1381 2004 ἴσως
1417 1961 1464 2002 ἂν
1500 1961 1568 2002 οὐκ

241 2029 431 2081 ἠδίκησεν
461 2032 625 2071 ἐκεῖνον·
663 2030 780 2081 ἔμελε
813 2032 888 2084 γὰρ
921 2031 1023 2086 αὐτῷ
1059 2031 1221 2071 ἐκείνου.
1293 2031 1387 2081 ἐμοῦ
1410 2031 1453 2071 δὲ
1475 2029 1569 2070 ἄνευ

286 2150 306 2180 4
330 2140 411 2179 ἡμᾶς
439 2139 500 2179 μὲν
523 2151 589 2171 om.
617 2139 655 2171 Ξ]
808 2141 830 2171 8
853 2140 978 2172 κελεύει
1007 2139 1032 2172 S
1189 2149 1228 2170 10
1251 2138 1490 2180 ἀπαληλιφέναι
1516 2138 1569 2170 D:

244 2183 499 2224 ἆπαληλειφέναι
531 2184 578 2215 S:
619 2183 829 2225 ἀπειληφέναι
861 2184 996 2225 ΩΒγρ.
1191 2193 1225 2213 ΙΙ
1260 2183 1300 2214 ἂν
1329 2183 1406 2214 add.
1441 2182 1568 2212 Reiske

248 2235 285 2264 13
308 2226 406 2267 πολὺ]
424 2228 535 2259 πολλὰ
554 2227 579 2257 F
737 2237 774 2267 14
798 2229 817 2265 ἢ
835 2228 936 2258 iterat
952 2232 1029 2266 post
1046 2227 1184 2267 αἰσχρὸν
1201 2226 1224 2256 S
1384 2227 1422 2256 16
1445 2227 1484 2257 ἂν
1500 2225 1566 2256 del.

244 2269 341 2300 Stahl
438 2272 540 2310 16-17
567 2272 648 2302 οὕτω
660 2270 728 2311 μοι]
747 2273 828 2302 οὕτω
843 2271 954 2312 μικρὸν
968 2270 1194 2309 Herwerden,
1212 2269 1370 2302 τοσοῦτόν
1385 2283 1436 2308 μοι
1455 2269 1569 2299 Naber

248 2323 287 2352 19
310 2313 590 2354 προκαλεσάμενος
618 2314 830 2345 Felicianus:
864 2327 979 2355 προσκ.
1004 2314 1100 2345 codd.
1269 2322 1307 2343 21
1334 2314 1408 2345 τοὺς
1433 2322 1498 2343 om.
1529 2311 1567 2343 S¹

244 2367 286 2396 23
310 2357 595 2399 διαμαρτυρομένου
612 2357 636 2389 S
651 2369 658 2389 :
683 2358 971 2397 διαμαρτυραμένου
989 2362 1067 2388 cett.

1595 835 1632 856 10

1590 1509 1629 1531 20
