1763 2778
78 154 212 210 [1261]
653 151 1139 191 ΔΗΜΟΣΘΕΝΟΤΣ
1475 148 1556 203 [ω

231 249 261 292 ὦ
286 251 422 304 ἄνδρες
446 252 642 302 δικασταί,
667 255 853 304 χαλεπῶς
879 250 943 303 ἐφ’
968 251 1025 293 οἷς
1049 249 1227 292 πέπονθα
1250 251 1461 306 ἐνηνοχώς,
1482 251 1555 305 οὐχ

231 318 349 369 ἦττον
387 318 490 359 τοῦτ’
523 317 838 372 ἀγανακτήσαιμ’
876 317 924 358 ἂν
959 319 1020 358 καὶ
1050 318 1241 370 ὑβρίσθαι
1269 320 1486 369 νομίσαιμι,
1521 319 1554 360 εἶ

231 386 314 426 οἶόν
338 385 372 425 τ’
398 387 536 433 εἰπεῖν,
564 387 601 427 ει’
627 385 732 425 ταῦτ’
766 386 894 435 ἀληθῆ
931 383 1036 435 δόξει
1075 386 1213 425 Κόνων
1249 386 1385 426 οὑτοσὶ
1417 385 1555 437 λέγειν

232 452 319 505 περὶ
342 453 470 507 ἡμῶν,
495 454 558 494 καὶ
582 452 756 503 τοσαύτη
782 469 840 494 τις
872 451 1015 504 ἄγνοια
1044 451 1135 504 παρ’
1159 453 1249 502 ὑμῖν
1282 453 1406 497 ἐστιν,
1440 451 1553 498 ὥσθ’,

231 520 364 561 ὁποῖος
383 519 432 560 ἄν
456 536 514 562 τις
548 520 716 562 ἕκαστος
749 519 848 559 εἶναι
880 525 938 576 φῇ
967 516 989 569 ἦ
1024 519 1044 558 ὁ
1074 520 1248 568 πλησίον
1280 518 1398 559 αὐτὸν
1433 517 1555 559 αἰτιά-
1574 535 1592 566 5

73 583 210 639 [1262]
232 603 363 637 σηται,
390 590 567 630 τοιοῦτος
591 585 892 637 νομισθήσεται,
919 589 990 626 τοῦ
1015 588 1059 627 δὲ
1082 585 1167 626 καθ’
1192 586 1340 638 ἡμέραν
1373 586 1465 637 βίον
1491 587 1554 626 καὶ

229 657 308 693 τῶν
334 653 650 704 ἐπιτηδευμάτων
673 653 762 705 μηδ’
789 654 918 694 ὁτιοῦν
949 654 1063 693 ἔσται
1086 657 1168 696 τοῖς
1195 655 1366 706 μετρίοις
1391 655 1553 706 ὄφελος.

169 723 211 758 16
231 720 339 770 ἡμεῖς
371 722 446 772 γὰρ
483 721 571 762 οὔτε
607 723 884 774 παροινοῦντες
917 719 999 761 οὔθ’
1034 721 1263 772 ὑβρίζοντες
1297 720 1363 760 ὑπ’
1399 719 1555 762 οὐδενὸς

229 787 444 840 ἀνθρώπων
471 786 688 840 ἑωράμεθα,
721 786 801 828 οὐδ’
837 787 1022 840 ἄγνωμον
1051 787 1164 828 οὐδὲν
1189 787 1388 842 ἡγούμεθα
1412 791 1552 833 ποιεῖν,

230 855 262 894 εἰ
299 854 387 906 περὶ
428 855 484 896 ὧν
529 853 731 907 ἠδικήμεθ’
773 853 959 907 ἀξιοῦμεν
999 856 1095 895 κατὰ
1136 854 1226 904 τοὺς
1266 855 1408 905 νόμους
1444 854 1554 904 δίκην
1577 869 1616 891 10

229 925 388 972 λαβεῖν.
459 921 697 974 ἰθυφάλλοις
739 924 782 963 δὲ
831 923 894 963 καὶ
942 921 1224 972 αὐτοληκύθοις
1271 925 1554 974 συγχωροῦμεν

229 987 426 1031 εἶναιτοῖς
445 983 548 1030 υἱέσι
562 993 644 1031 τοῖς
663 990 814 1035 τούτου,
844 989 905 1029 καὶ
931 988 1047 1041 ἔγωγ’
1074 989 1239 1043 εὔχομαι
1264 992 1345 1030 τοῖς
1372 991 1474 1030 θεοῖς
1499 989 1554 1030 εἷς

229 1056 394 1096 Κόνωνα
418 1056 482 1096 καὶ
506 1055 596 1098 τοὺς
620 1058 714 1098 υἱεῖς
738 1057 829 1098 τοὺς
853 1056 991 1097 τούτου
1015 1056 1077 1097 καὶ
1101 1059 1225 1097 ταῦτα
1248 1056 1311 1096 καὶ
1335 1057 1383 1096 τὰ
1405 1053 1554 1095 τοιαῦθ’

166 1135 206 1170 17
227 1120 382 1163 ἅπαντα
406 1123 632 1175 τρέπεσθαι.
704 1123 810 1164 οὗτοι
836 1123 911 1176 γάρ
937 1124 1044 1164 εἰσιν
1059 1124 1098 1165 οἱ
1122 1126 1329 1165 τελοῦντες
1353 1121 1555 1173 ἀλλήλους

226 1193 279 1244 τῷ
305 1190 528 1245 ἰθυφάλλῳ,
567 1191 630 1231 καὶ
665 1193 827 1230 τοιαῦτα
860 1193 1064 1233 ποιοῦντες
1095 1191 1119 1231 δι
1158 1190 1318 1241 πολλὴν
1357 1190 1553 1244 αἰσχύνην
1577 1204 1614 1235 15

227 1256 314 1311 ἔχει
350 1257 413 1298 καὶ
447 1256 595 1310 λέγειν,
632 1257 685 1309 μή
711 1257 752 1298 τί
780 1275 827 1310 γε
852 1257 897 1309 δὴ
934 1261 1062 1299 ποιεῖν
1098 1258 1329 1310 ἀνθρώπους
1360 1257 1550 1309 μετρίους.

227 1325 334 1365 ἀλλὰ
357 1325 399 1366 τί
419 1323 524 1364 ταῦτ’
550 1326 654 1376 ἐμοί;
683 1325 864 1376 θαυμάζω
889 1327 966 1379 γὰρ
992 1326 1131 1378 ἔγωγε,
1167 1327 1203 1366 εἴ
1225 1327 1284 1367 τίς
1319 1326 1431 1365 ἐστιν
1458 1325 1550 1376 πρό-

227 1396 352 1444 φασις
375 1391 466 1443 παρ’
491 1392 580 1443 ὑμῖν
606 1388 629 1442 ἢ
655 1394 807 1444 σκῆψις
831 1391 1028 1445 ηὑρημένη
1058 1391 1107 1433 δι’
1135 1392 1197 1443 ἤν,
1231 1392 1279 1433 ἂν
1297 1392 1472 1445 ὑβρίζων
1493 1407 1552 1432 τις

226 1457 485 1513 ἐξελέγχηται
510 1460 571 1500 καὶ
596 1459 764 1505 τύπτων,
786 1460 897 1510 δίκην
921 1460 968 1500 οὐ
992 1460 1126 1500 δώσει.
1197 1460 1234 1501 οἱ
1256 1461 1420 1512 μὲνγὰρ
1438 1458 1553 1509 νόμοι

226 1525 328 1566 πολὺ
352 1526 538 1566 τάναντία
563 1528 625 1567 καὶ
649 1528 718 1568 τὰς
743 1527 960 1579 ἀναγκαίας
991 1525 1228 1579 προφάσεις,
1254 1528 1359 1569 ὅπως
1381 1525 1435 1578 μὴ
1470 1527 1553 1577 μεί-
1575 1541 1616 1563 20

228 1593 312 1642 ξονς
336 1593 562 1645 γίγνωνται,
589 1595 834 1645 προείδοντο,
861 1594 945 1634 οῖον
968 1592 1137 1647 (ἀνάγκη
1161 1593 1237 1647 γάρ
1261 1611 1328 1646 μοι
1351 1597 1473 1634 ταῦτα
1491 1593 1552 1633 καὶ

227 1659 355 1709 ζητεῖν
380 1661 442 1701 καὶ
462 1660 731 1702 πυνθάνεσθαι
756 1662 820 1701 διὸ.
844 1665 983 1702 τοῦτον
1007 1660 1190 1714 γέγονεν)
1214 1662 1293 1703 εἶσὶ
1317 1661 1553 1713 κακηγορίας

104 1727 113 1737 “
163 1730 205 1765 18
226 1726 340 1766 δίκαι·
386 1728 489 1779 φασὶ
526 1728 657 1768 τοίνυν
695 1728 838 1770 ταύτας
880 1730 942 1768 διὰ
983 1732 1097 1769 τοῦτο
1135 1729 1356 1781 γίγνεσθαι,
1399 1729 1462 1768 ἵνα
1498 1726 1551 1779 μὴ

224 1794 519 1846 λοιδορούμενοι
542 1794 700 1835 τύπτειν
721 1794 922 1846 ἀλλήλους
942 1795 1205 1848 προάγωνται.
1263 1794 1386 1837 πάλιν
1405 1795 1553 1836 αἰκείας

227 1861 317 1900 εἶσί·
367 1862 429 1901 καὶ
466 1862 610 1903 ταύτας
649 1861 775 1902 ἀκούω
818 1864 881 1902 διὰ
927 1861 1030 1903 τοῦτ’
1073 1861 1172 1903 εἶναι
1210 1861 1280 1905 τὰς
1318 1863 1439 1908 δίκας,
1487 1862 1552 1902 ἵνα
1574 1877 1612 1908 25

224 1928 372 1978 μηδείς,
407 1928 500 1969 ὅταν
532 1929 658 1979 ἥττων
701 1927 738 1985 ᾗ,
773 1929 871 1984 λίθῳ
901 1932 999 1981 μηδὲ
1032 1933 1109 1970 τῶν
1141 1930 1328 1971 τοιούτων
1358 1929 1551 1981 ἀμύνηται

224 1995 373 2044 μηδενί,
401 1994 506 2035 ἀλλὰ
529 1995 601 2046 τὴν
628 1997 670 2036 ἐκ
693 1999 762 2036 τοῦ
793 1997 914 2048 νόμου
938 1998 1048 2047 δίκην
1077 1996 1263 2054 ἀναμένῃ.
1333 1997 1551 2049 τραύματος

224 2059 346 2102 πάλιν
383 2062 485 2102 εἰσὶν
520 2062 672 2114 γραφαὶ
707 2066 775 2103 τοῦ
807 2063 859 2115 μὴ
896 2063 1220 2116 τιτρωσκομένων
1250 2067 1368 2104 τινῶν
1403 2064 1550 2116 φόνους

164 2140 207 2177 19
226 2129 447 2181 γίγνεσθαι.
518 2129 563 2170 τὸ
599 2131 863 2182 φαυλότατον,
902 2131 1022 2182 οἶμαι,
1058 2130 1103 2171 τὸ
1138 2132 1207 2181 τῆς
1237 2131 1447 2183 λοιδορίας,
1475 2129 1550 2182 πρὸ

275 2246 288 2267 1
315 2244 472 2278 χαλεποις
500 2236 525 2268 S
682 2248 702 2269 2
726 2239 828 2280 τοῦτ’]
850 2239 966 2272 τούτου
981 2239 1012 2269 Α
1125 2240 1269 2280 ὑβρίσθαι
1287 2238 1312 2270 S
1331 2238 1400 2280 (me
1421 2239 1523 2274 teste&
1540 2249 1549 2271 ε

225 2282 410 2320 ὑβρισθῆναι
426 2281 604 2320 legebatur
693 2292 712 2322 5
737 2284 775 2315 ἄν
791 2296 840 2315 τις
857 2282 882 2314 S
899 2294 907 2314 :
930 2296 980 2315 τις
997 2284 1035 2315 ἂν
1052 2282 1076 2312 F
1090 2281 1120 2321 Q
1135 2294 1142 2313 :
1166 2296 1214 2316 τις
1230 2283 1262 2313 Α
1351 2284 1371 2313 8
1395 2285 1458 2314 οὔθ’
1475 2283 1546 2324 ὑ8.]

224 2326 288 2356 οὐδ’
304 2327 358 2361 ὑβ.
377 2324 490 2356 Baiter
578 2335 600 2364 9
624 2327 691 2357 οὐδ’
709 2325 844 2357 Bekker
861 2337 869 2357 τ
892 2329 959 2358 οὔτ’
976 2326 1072 2357 codd.
1178 2336 1213 2357 11
1241 2327 1419 2365 λαμβάνειν
1437 2325 1504 2365 FQ
1518 2326 1547 2356 D

228 2377 265 2406 15
285 2370 329 2409 τῷ
344 2372 460 2409 φαλλῷ
478 2368 510 2399 Α
555 2371 686 2400 τοιαῦτα
700 2370 787 2408 vulg.
803 2381 810 2400 :
835 2371 874 2401 τὰ
885 2369 1052 2401 τοιαῦταῧ
1144 2371 1183 2401 16
1197 2369 1241 2410 μή
1251 2384 1282 2402 τι
1295 2369 1458 2401 Schaeser
1473 2380 1480 2400 :
1504 2371 1547 2409 μὴ

225 2412 273 2443 ὅτι
296 2412 392 2443 codd.
469 2422 507 2442 21
526 2411 725 2453 γένωνταιΑ
802 2422 844 2451 23
864 2418 898 2444 et
909 2423 950 2452 25
967 2412 1078 2454 τοῦτο]
1089 2413 1234 2446 ταῦταΑ
1312 2423 1353 2452 25
1370 2413 1494 2445 ἀκούσω
1505 2412 1544 2444 S¹

223 2456 280 2487 τὰς
297 2456 384 2488 δίκας
400 2455 478 2486 secl.
499 2455 714 2487 Herwerden
826 2457 868 2486 26
882 2456 979 2498 μηδὲ]
998 2459 1017 2496 ἢ
1034 2456 1098 2495 FQ
1110 2457 1139 2487 D
1250 2466 1291 2496 27
1310 2456 1446 2499 ἀναμένῃ
1464 2456 1546 2488 SA:

223 2499 372 2540 ἀναμείνῃ
390 2498 416 2528 F
426 2498 456 2536 Q
467 2498 498 2528 D
