1763 2778
122 504 138 536 5

102 840 142 863 10

101 1517 140 1538 20

101 1844 138 1875 ²5

161 118 275 174 van]
345 123 505 161 ΚΑΤΑ
554 123 759 162 ΕΎΕΡΓ.
810 122 913 160 ΚΑΙ
964 122 1224 161 ΜΝΗΣΙΒ.
1272 123 1450 162 ΨΕΎΔ.
1507 117 1634 171 [1158]

163 223 398 276 προσελθὼν
436 226 488 277 τῷ
530 220 734 277 Θεοφήμῳ
760 226 806 278 τῇ
841 221 1030 275 ὑστεραίᾳ
1066 221 1185 261 ἕωθεν
1220 222 1263 262 ἐν
1291 227 1338 278 τῇ
1371 222 1486 262 πόλει
1507 221 1636 275 [1158]

161 288 357 342 μάρτυρας
393 289 497 343 ἔχων
527 289 708 329 ἐκέλευον
739 288 856 329 αὐτὸν
886 293 1041 341 πρῶτον
1067 290 1140 339 μὲν
1173 288 1244 339 τὴν
1277 289 1485 339 καταδίκην

161 355 466 408 ἀπολαμβάνειν
492 357 554 397 καὶ
581 357 811 397 ἀκολουθεῖν
837 356 901 396 ἐπὶ
926 355 996 405 τὴν
1019 354 1229 407 τράπεζαν,
1257 356 1391 396 ἔπειτα
1415 355 1484 406 τὴν

160 423 369 476 ἄνθρωπον
395 423 623 476 θεραπεύειν
646 422 694 474 ἣν
720 422 963 476 συνέκοψαν,
993 422 1055 462 καὶ
1081 421 1213 475 ἰατρὸν
1239 422 1416 475 εἰσάγειν
1441 422 1485 462 ὃν

161 490 270 531 αὐτοὶ
294 491 523 541 βούλοιντο.
594 494 715 530 ταῦτα
745 489 788 531 δέ
814 507 889 541 μου
920 489 1110 542 λέγοντος
1141 489 1203 530 καὶ
1228 493 1481 542 διαμαρτυρο-
1505 496 1548 538 63

159 557 290 609 μένου,
319 557 416 598 κακά
447 574 496 609 με
524 559 658 598 πολλὰ
692 558 867 599 εἰπόντες
892 558 912 596 ὁ
935 559 1008 608 μὲν
1033 557 1252 609 Θεόφημος
1275 556 1485 607 ἠκολούθει

159 625 288 676 μόλις,
315 626 522 678 διατριβὰς
547 626 720 676 ἐμποιῶν
747 624 810 664 καὶ
835 623 1006 677 φάσκων
1029 624 1255 675 βούλεσθαι
1282 624 1345 664 καὶ
1370 624 1484 666 αὐτός

161 707 268 732 τινας
306 696 558 744 παραλαβεῖν
589 691 787 744 μάρτυρας
810 690 945 743 (ταῦτα
971 691 1003 731 δ’
1029 692 1168 744 ἔλεγεν
1192 691 1393 744 τεχνάζων
1417 695 1485 731 τοῦ

160 759 308 812 χρόνον
325 757 587 811 ἐγγενέσθαι),
606 760 626 798 ὁ
647 758 679 799 δ’
702 759 876 811 Εὔεργος
895 759 1031 798 οὑτοσὶ
1052 758 1164 800 εὐθὺς
1183 759 1224 798 ἐκ
1244 761 1312 808 τῆς
1331 759 1484 800 πόλεως

159 826 244 878 μεθ’
284 825 429 878 ἑτέρων
468 827 612 878 ὁμοίων
644 827 745 881 αὐτῷ
781 827 908 867 ἐλθὼν
948 827 1003 868 εἷς
1039 826 1173 878 ἀγρόν,
1205 825 1252 865 τὰ
1287 826 1484 866 ὑπόλοιπα

162 893 297 944 σκεύη,
319 894 356 934 εἵ
377 910 465 934 τινα
489 899 536 951 τῇ
561 895 773 947 προτεραίᾳ
799 895 841 933 ἐν
865 897 918 948 τῷ
944 894 1077 948 πύργῳ
1099 893 1145 944 ἦν
1167 893 1230 933 καὶ
1252 892 1319 932 οὐκ
1346 892 1483 946 ἔτυχεν

161 959 235 1011 ἔξω
273 961 380 1007 ὄντα,
407 960 540 1011 ἐπειδὴ
572 960 604 1001 δ’
630 961 707 1013 ἐγὼ
734 959 870 1011 ἦλθον,
897 960 960 1000 διὰ
989 960 1060 1010 τὴν
1083 960 1222 1013 χρείαν
1248 959 1481 1013 κατηνέχθη,

160 1028 347 1079 ἐκβαλὼν
366 1027 437 1078 τὴν
458 1028 577 1080 θύραν
595 1028 719 1079 ἥνπερ
739 1028 802 1068 καὶ
827 1034 874 1085 τῇ
899 1028 1110 1081 προτεραίᾳ
1135 1026 1333 1078 ἐξέβαλον
1360 1031 1483 1069 κακῶς

159 1096 429 1146 ἐνεστηκυῖαν,
469 1094 599 1151 ᾤχετό
637 1112 712 1146 μου
750 1096 892 1146 λαβὼν
927 1097 976 1134 τὰ
1012 1094 1145 1145 σκεύη·
1192 1093 1220 1149 ᾧ
1252 1095 1340 1135 οὔτε
1377 1094 1484 1144 δίκην

160 1161 374 1214 ὠφλήκειν,
395 1162 484 1203 οὔτε
508 1163 761 1214 συμβόλαιον
786 1161 833 1213 ἣν
857 1179 924 1213 μοι
949 1161 1045 1214 πρὸς
1070 1161 1188 1202 αὐτὸν
1214 1161 1340 1201 οὐδέν.
1383 1161 1482 1200 ἐκτί-
1505 1166 1549 1207 64

159 1246 296 1271 νοντος
326 1228 369 1269 δέ
397 1247 470 1280 μου
499 1234 551 1284 τῷ
580 1229 796 1284 Θεοφήμῳ,
824 1228 852 1284 ᾧ
877 1228 1080 1282 ὠφλήκειν
1103 1228 1174 1279 τὴν
1199 1229 1322 1279 δίκην,
1350 1227 1483 1278 ἐπειδὴ

159 1295 334 1347 ἐξέτινον
359 1300 522 1337 πολλῶν
548 1297 754 1349 παρόντων
778 1297 982 1349 μαρτύρων
1007 1297 1141 1349 χιλίας
1165 1298 1238 1347 μὲν
1260 1296 1321 1335 καὶ
1346 1295 1485 1335 ἑκατὸν

160 1365 336 1417 δραχμὰς
355 1361 445 1415 <τὴν
466 1365 687 1414 καταδίκην,
706 1363 948 1416 ὀγδοήκοντα
973 1366 1014 1404 δὲ
1042 1364 1103 1404 καὶ
1129 1365 1269 1403 ἑκατὸν
1287 1360 1484 1416 δραχμὰς)

160 1430 223 1470 καὶ
258 1434 360 1483 τρεῖς
399 1431 461 1471 καὶ
497 1431 553 1471 δύ’
579 1432 715 1482 ὀβολὼ
751 1431 822 1481 τὴν
851 1430 1093 1483 ἐπωβελίαν,
1119 1430 1329 1483 τριάκοντα
1363 1433 1404 1470 δὲ
1437 1432 1484 1470 τὰ

159 1501 373 1549 πρυτανεῖα
399 1496 492 1549 (τῶν
523 1500 597 1551 γὰρ
632 1498 769 1539 ἄλλων
802 1498 914 1538 οὐδὲν
943 1498 1045 1552 αὐτῷ
1077 1499 1281 1548 ἐπιτιμίων
1318 1495 1483 1549 ὦφλον),

159 1565 303 1615 λαβὼν
336 1565 467 1606 τοίνυν
498 1565 589 1617 παρ’
616 1567 709 1616 ἐμοῦ
739 1566 802 1606 ἐπὶ
827 1571 874 1622 τῇ
898 1565 1068 1621 τραπέζῃ
1094 1565 1228 1618 χιλίας
1256 1566 1484 1616 τριακοσίας

159 1630 253 1672 δέκα
291 1636 395 1683 τρεῖς
432 1631 488 1672 δύ’
517 1633 654 1683 ὀβολὼ
687 1636 731 1672 τὸ
770 1633 930 1684 σύμπαν
968 1631 1197 1685 κεφάλαιον,
1227 1633 1484 1673 ἀπαιτοῦντος

161 1700 255 1749 ἐμοῦ
286 1697 334 1739 τά
367 1716 410 1740 τε
448 1700 632 1752 πρόβατα
671 1700 733 1740 καὶ
772 1702 820 1740 τὰ
859 1698 1082 1752 ἀνδράποδα
1122 1700 1184 1740 καὶ
1219 1700 1266 1739 τὰ
1305 1699 1423 1749 σκεύη
1461 1699 1485 1739 ἃ

158 1765 324 1817 ἡρπάκει
342 1783 429 1817 μου,
448 1766 515 1806 οὐκ
537 1767 614 1820 ἔφη
641 1767 865 1808 ἀποδώσειν
888 1784 966 1818 μοι,
990 1768 1024 1808 εἶ
1046 1765 1099 1819 μή
1119 1784 1177 1809 τις
1197 1765 1315 1806 αὐτὸν
1334 1765 1485 1819 ἀφήσει

160 1832 223 1872 καὶ
247 1832 338 1875 τοὺς
361 1832 447 1885 μετ’
466 1833 583 1874 αὐτοῦ
606 1838 683 1875 τῶν
709 1836 968 1887 ἐγκλημάτων
992 1834 1057 1875 καὶ
1079 1834 1168 1875 τοὺς
1186 1834 1384 1886 μάρτυρας
1407 1837 1484 1873 τῶν

158 1901 518 1954 ψευδομαρτυρίων.
588 1903 709 1941 ταῦτα
736 1903 778 1942 δὲ
806 1900 1120 1952 ἀποκριναμένου
1148 1901 1264 1941 αὐτοῦ
1288 1900 1484 1953 μάρτυρας
1504 1883 1638 1983 ῗέ159]

201 2018 221 2048 5
245 2009 418 2047 βούλοιντο
437 2010 460 2041 S
479 2021 565 2042 corr.
584 2021 626 2042 m.
645 2016 712 2042 ant.
733 2022 740 2042 z
764 2011 936 2048 βούλονται
954 2010 990 2041 Sl
1005 2011 1029 2041 F
1042 2010 1072 2050 Q
1088 2011 1117 2040 D
1218 2012 1238 2040 8
1260 2012 1317 2042 τοῦ
1333 2015 1444 2040 servat
1461 2009 1485 2040 S

158 2053 251 2083 solus
383 2064 404 2093 9
428 2056 444 2085 ὁ
470 2054 497 2085 δ’
523 2057 660 2095 Εὔεργος
687 2056 807 2086 codd.:
846 2056 983 2096 Εὔεργος
1011 2055 1037 2085 δ’
1063 2054 1184 2093 Blass3
1219 2054 1317 2084 valde
1345 2054 1485 2083 offendit

160 2096 322 2127 articulus
339 2098 401 2128 sed
417 2097 461 2129 cs.
478 2097 547 2128 xliv
565 2109 606 2136 42
757 2109 768 2128 1
780 2109 793 2128 1
819 2100 849 2130 εἴ
861 2112 932 2130 τινα
948 2098 1037 2137 vulg.
1055 2110 1063 2129 ε
1087 2100 1118 2129 εἴ
1130 2112 1161 2129 τι
1179 2097 1202 2127 S
1215 2097 1244 2136 Q
1261 2111 1312 2138 γρ.
1332 2108 1398 2137 quo
1415 2107 1485 2127 ser-

159 2144 236 2170 vato
253 2150 332 2171 mox
349 2141 393 2180 ὄν,
414 2141 434 2173 ἃ
451 2143 557 2180 ἐπειδὴ
577 2144 640 2183 ἐγὼ
658 2141 776 2181 Rtiger
873 2145 913 2184 τῇ
930 2141 953 2172 S
968 2141 998 2180 Q
1014 2155 1066 2183 γρ.
1086 2153 1092 2172 :
1118 2144 1150 2173 ἐν
1167 2144 1207 2184 τῇ
1225 2141 1312 2180 vulg.
1410 2154 1485 2181 πρυ-

160 2182 236 2225 τέρᾳ
253 2183 283 2222 Q
297 2183 327 2213 D
463 2194 500 2214 12
524 2185 551 2217 δ’
572 2190 650 2225 post
668 2187 776 2224 ἐπειδὴ
790 2186 865 2217 add.
891 2185 1080 2216 Felicianus
1216 2195 1253 2224 13
1279 2185 1431 2225 ἐξέβαλον
1448 2184 1484 2222 S,

159 2226 202 2257 Cf·
225 2229 240 2264 ξ
258 2235 321 2266 53:
348 2227 502 2268 ἐξέβαλεν
518 2229 607 2268 vulg.
723 2240 761 2268 14
787 2232 995 2267 ἐνεστηκυῖαν
1015 2229 1039 2259 S
1055 2240 1062 2259 t
1087 2231 1261 2267 ἑστηκυῖαν
1275 2228 1363 2267 vulg.
1444 2229 1484 2259 τὰ

161 2269 261 2309 σκεύη
278 2270 343 2301 del.
363 2271 499 2302 Dobree
617 2282 720 2312 15-17
746 2274 944 2304 ἐκτείνοντος
961 2295 968 2303 .
987 2297 995 2304 .
1015 2297 1021 2303 .
1042 2272 1195 2313 ἐξέτεινον
1213 2272 1236 2302 S
1355 2272 1458 2310 15-16
1473 2293 1483 2310 ,

162 2313 344 2346 ἐκτίνοντός
357 2328 417 2355 μου
433 2319 478 2356 τῷ
496 2340 503 2348 .
522 2338 530 2346 .
547 2339 554 2346 .
573 2317 673 2354 δίκην.
722 2318 829 2354 ἐπειδὴ
851 2314 921 2359 (Se)
939 2315 1056 2354 Riiger
1184 2316 1222 2345 18
1244 2313 1321 2358 (τὴν
1337 2339 1344 2345 .
1363 2338 1370 2344 .
1388 2338 1395 2344 .
1413 2317 1485 2354 δρα-

161 2355 265 2399 χμὰς)
279 2358 354 2389 add.
375 2357 512 2390 Boeckh
644 2370 749 2390 21-22
771 2360 955 2401 τριακοσίας
971 2359 1048 2391 δέκα
1062 2359 1164 2401 τρεῖςῖ
1178 2359 1387 2399 τετρακοσίας
1403 2360 1485 2398 τρεῖς

162 2399 218 2432 hic
234 2405 267 2431 et
286 2403 302 2439 ξ
321 2411 359 2441 77
377 2401 408 2440 Q
423 2415 474 2443 γρ.
609 2413 649 2442 23
676 2403 764 2443 ἐμοῦ]
783 2417 842 2443 μου
859 2403 883 2433 F
897 2404 926 2441 Q
942 2403 971 2432 D
