1746 2774
101 841 136 862 10

100 1515 138 1537 20

99 1846 136 1876 25

99 2180 139 2212 30

614 123 932 160 ΕΠΙΣΤΟΛΙΙ
972 128 1026 163 1v
1505 120 1639 172 {1487}

156 237 291 272 τευμαι
316 219 407 273 παρ’
430 221 533 272 ὑμῖν,
555 225 633 261 τῶν
658 220 730 271 ἤδη
756 220 1029 273 γεγειι·ημεί·ων
1053 221 1176 267 ἐστίν,
1194 220 1267 271 ἀφ’
1291 223 1346 261 ὧν
1372 220 1478 261 εὐτυ-

158 292 243 340 χεῖς
266 288 365 338 ὑμᾶς
389 288 761 340 προσηγορεύκασιν
785 289 822 328 οἱ
852 289 946 327 θεοί.
1018 292 1099 329 πῶς
1125 288 1192 328 οὖν
1217 289 1368 327 δίκαιον
1393 287 1482 329 τοὺς

157 357 228 405 μὲν
254 354 489 398 πεισθέντας
517 355 693 408 εὐτυχεῖς
725 354 1000 405 ὀνομάζεσθαι,
1027 354 1097 397 ,τὸν
1123 357 1164 395 δὲ
1194 355 1390 395 πείσαντα
1412 357 1482 404 τῆς

159 423 337 463 ἐναντίας
364 423 632 474 προσηγορίας
663 421 894 475 τυγχάνειν;
934 421 1040 471 πλὴν
1073 423 1106 462 εἰ
1136 422 1252 461 τοῦτο’
1284 439 1340 462 τις
1366 422 1480 467 εἴποι,

158 488 230 538 τὴν
256 491 327 539 μὲν
365 488 496 538 κοινὴν
535 489 731 542 εὐτυχίαν,
768 489 811 539 ἧς
850 489 927 540 ἐγὼ
965 488 1210 539 σύμβουλος,
1246 488 1358 530 θεοὺς
1394 487 1483 530 τοὺς

158 555 350 607 λέγοντας
379 555 491 601 εἶναι,
519 557 577 598 οἷς
610 555 653 595 οὐ
679 555 789 606 θέμις
818 555 1054 608 ψεύδεσθαι,
1083 555 1152 605 τὴν
1182 554 1215 595 δ’
1250 556 1351 596 ἰδίαν
1376 560 1479 605 βλα-

159 623 352 675 σφημίαν,
369 621 396 678 ᾗ
411 622 492 662 κατ’
509 624 603 673 ἐμοῦ
620 622 807 675 κέχρηται
824 622 1075 674 Θηραμένης,
1098 621 1248 674 θρασὺν
1265 622 1328 663 καὶ
1345 624 1482 674 ἀναιδῆ

158 690 222 730 καὶ
245 690 333 729 οὐδὲ
359 694 450 730 νοῦν
475 689 604 742 ἔχοντ’
630 689 838 742 ἄνθρωπον
865 689 1071 741 εἰρηκέναι.

223 756 283 796 Οὐ
307 757 439 797 τοίνυν
469 758 590 806 μόνον
615 761 698 797 ταῖς
729 758 833 809 παρὰ
858 761 936 797 τῶν
965 759 1067 798 θεῶν
1098 757 1298 808 μαντείαις
1332 757 1485 810 ἀγαθὴν
1507 772 1523 809 5

156 823 281 864 οὖσαν
318 822 497 875 εὑρήσεθ’
529 822 555 880 ᾗ
581 823 778 877 κέχρησθε
807 824 921 880 τύχῃ,
949 824 1057 864 ἀλλὰ
1086 825 1148 865 καὶ
1173 823 1219 875 ἐξ
1248 824 1376 866 αὐτῶν
1406 829 1486 865 τῶν

157 890 282 943 ἔργων
315 893 564 942 θεωροῦντες,
585 890 634 931 ἂν
671 890 866 942 ἐξετάζητ’
890 892 1028 944 ὀρθῶς.
1099 893 1208 942 ὑμεῖς
1234 893 1308 944 γὰρ
1347 894 1381 932 εἰ
1412 893 1485 943 μὲν

157 957 207 1000 ὡς
233 957 432 1010 ἄνθρωποι
456 959 504 998 τὰ
523 957 734 1010 πράγματα
766 958 970 1009 βούλεσθε
995 961 1169 1011 θεωρεῖν,
1194 958 1485 1011 εὐτυχεστάτην

158 1023 335 1078 εὑρήσετ’
359 1024 430 1077 ἀφ’
446 1026 500 1065 ὧν
525 1026 603 1077 ἐγὼ
630 1026 935 1076 συνεβούλευσα
949 1025 1021 1076 τὴν
1047 1027 1166 1066 πόλιν
1189 1030 1414 1078 γεγονυῖαν·
1452 1027 1485 1066 εἰ

157 1091 191 1132 δ’
219 1092 244 1133 ἃ
272 1095 354 1133 τοῖς
379 1094 481 1134 θεοῖς
518 1090 687 1144 ἐξαίρεθ’
719 1091 888 1146 ὑπάρχει
922 1094 1070 1144 μόνοις,
1109 1093 1256 1133 τούτων
1294 1091 1486 1142 ἀξιώσετε

156 1158 379 1212 τυγχάνειν,
403 1158 604 1200 ἀδυνάτων
624 1160 803 1211 ἐφίεσθε.
861 1160 902 1200 τί
921 1160 989 1201 οὑν
1010 1162 1122 1201 ἐστιν
1142 1163 1246 1202 θεοῖς
1271 1159 1484 1211 ἐξαίρετον,
1505 1168 1527 1203 6

158 1226 377 1279 ἀνθρώποις
409 1225 442 1266 δ’
472 1226 516 1267 οὐ
542 1227 726 1273 δυνατόν;
765 1226 949 1268 ἁπάντων
985 1232 1062 1268 τῶν
1092 1228 1252 1279 ἀγαθῶν
1283 1228 1487 1280 ἐγκρατεῖς

157 1295 273 1335 ὄντας
298 1293 449 1346 κυρίους
474 1293 573 1334 εἶναι
599 1294 661 1334 καὶ
680 1293 819 1337 αὐτοὺς
844 1294 952 1347 ἔχειν
979 1295 1042 1334 καὶ
1067 1298 1201 1335 δοῦναι
1226 1298 1309 1337 τοῖς
1331 1294 1486 1341 ἄλλοις,

158 1363 340 1413 φλαῦρον
366 1363 407 1401 δὲ
431 1362 554 1412 μηδὲν
577 1360 766 1412 μηδέποτ’
794 1362 836 1402 ἐν
862 1362 978 1402 παντὶ
1003 1366 1055 1416 τῷ
1083 1363 1194 1402 αἰῶνι
1222 1360 1321 1413 μήτε
1346 1364 1487 1402 παθεῖν
1509 1362 1647 1417 [1488]

157 1427 256 1479 μήτε
301 1429 513 1479 μελλῆσαι.
593 1429 654 1468 καὶ
701 1428 778 1479 μὴν
824 1428 1092 1479 ὑποκειμένων
1140 1429 1302 1475 τούτων,
1351 1429 1486 1480 ὥσπερ

158 1493 363 1547 προσήκει,
391 1499 578 1536 σκοπεῖτε
610 1496 658 1535 τὰ
692 1495 845 1546 ὑμέτερ’
880 1496 1007 1536 αὐτῶν
1038 1495 1135 1548 πρὸς
1166 1497 1216 1536 τὰ
1248 1499 1325 1536 τῶν
1351 1495 1488 1536 ἄλλων

157 1562 387 1614 ἀνθρώπων.
459 1562 585 1605 οὐδεὶς
620 1564 696 1615 γὰρ
721 1564 842 1605 οὕτως
871 1564 983 1604 ἐστὶν
1017 1563 1222 1616 ἀγνώμων,
1249 1563 1360 1604 ὅστις
1390 1561 1439 1603 ἂν
1463 1559 1486 1613 ἢ
1507 1579 1527 1614 7

157 1631 206 1670 τὰ
230 1631 554 1680 Λακεδαιμονίοις
579 1630 881 1680 συμβεβηκότα,
904 1631 962 1672 οῖς
986 1630 1053 1670 οὐκ
1080 1631 1157 1682 ἐγὼ
1178 1630 1486 1681 συνεβούλευον,

156 1693 248 1747 ἢτὰ
273 1695 464 1748 Πέρσαις,
493 1696 589 1748 πρὸς
618 1697 684 1738 οὓς
718 1696 797 1737 οὐδ’
823 1698 1024 1749 ἀφικόμην
1053 1698 1225 1743 πώποτε,
1253 1697 1489 1749 αἱρετώτερα

158 1762 327 1816 φήσειεν
353 1763 451 1803 εἶναι
476 1767 555 1803 τῶν
579 1764 670 1814 ὑμῖν
689 1764 906 1817 παρόντων.
968 1765 1030 1804 καὶ
1057 1765 1106 1804 ἐῶ
1134 1764 1400 1806 Καππαδόκας
1425 1765 1489 1805 καὶ

158 1830 307 1882 Σύρους
339 1830 402 1870 καὶ
433 1830 524 1873 τοὺς
555 1829 626 1881 τὴν
661 1830 829 1881 Ἰνδικὴν
864 1831 999 1884 χώραν
1032 1834 1306 1873 κατοικοῦντας
1337 1831 1486 1884 ἀνθρώ-

159 1914 254 1939 πους
274 1896 334 1938 ἐπ’
361 1897 514 1950 ἔσχατα
538 1900 624 1949 γῆς·
661 1899 719 1940 οἷς
736 1897 861 1938 ἅπασι
887 1898 1121 1949 συμβέβηκε
1141 1899 1276 1938 πολλὰ
1292 1897 1355 1938 καὶ
1380 1900 1489 1939 δεινὰ

160 1963 399 2004 πεπονθέναι
425 1964 488 2004 καὶ
521 1964 693 2017 χαλεπά.
731 1966 838 2005 ἀλλὰ
864 1965 909 2014 νὴ
946 1966 1025 2004 Δία
1055 1965 1204 2004 τούτων
1228 1967 1301 2015 μὲν
1326 1964 1488 2015 ἄμεινον
1509 1975 1529 2008 8

159 2032 257 2082 ὑμᾶς
298 2029 483 2083 πράττειν
522 2030 693 2074 ἅπαντες
731 2031 1043 2084 ὁμολογήσουσι,
1085 2034 1304 2072 Θετταλῶν
1343 2033 1385 2072 δὲ
1426 2032 1489 2072 καὶ

160 2097 351 2150 Ἀργείων
378 2099 440 2138 καὶ
465 2096 669 2151 Ἀρκάδων
693 2102 841 2151 χεῖρον,
869 2098 893 2149 ἤ
921 2115 1039 2139 τινων
1063 2098 1212 2144 ἄλλων,
1240 2099 1298 2141 οῖς
1318 2099 1362 2139 ἐν
1388 2115 1487 2149 συμ-

158 2166 285 2218 μαχίᾳ
313 2165 465 2215 συνέβη
502 2165 689 2217 γενέσθαι
723 2166 924 2220 Φιλίππῳ.
970 2167 1077 2206 ἀλλὰ
1109 2166 1256 2206 τούτων
1287 2166 1349 2206 καὶ
1386 2164 1489 2205 πολὺ

159 2231 326 2283 βέλτιον
352 2232 627 2285 ἀπηλλάχατε,
655 2233 700 2272 οὐ
724 2234 846 2283 μόνον
871 2237 923 2287 τῷ
948 2233 1000 2284 μὴ
1028 2232 1323 2272 δεδουλευκέναι
1347 2231 1488 2283 (καίτοι

203 2350 223 2370 2
241 2340 319 2380 ἡμᾶς
334 2341 358 2371 F
449 2352 465 2380 7
484 2340 655 2383 κέχρηται]
671 2345 790 2383 χρῆται
805 2342 829 2372 F
842 2347 875 2372 et
894 2343 978 2382 [sine
994 2343 1149 2373 accentffl
1165 2341 1188 2372 S
1283 2343 1320 2371 18
1336 2339 1490 2382 μηδέποτ’

162 2385 194 2415 ἐν
207 2393 272 2423 mg.
289 2385 369 2415 edit.
387 2385 493 2415 Paris.
512 2397 518 2416 :
542 2385 704 2426 μηδέποτε
718 2386 816 2416 codd.
923 2397 965 2416 20
989 2389 1147 2427 προσῆκεν
1161 2385 1196 2416 S¹
1295 2387 1338 2415 26
1361 2386 1490 2427 ἔσχατα

161 2426 241 2466 SQ:
267 2428 417 2469 ἐσχάτων
435 2428 460 2458 F
596 2439 634 2468 31
662 2428 890 2462 δεδουλευκέναι
910 2429 935 2459 F
