1763 2778
108 145 239 202 [1341]
659 147 712 202 [Δ
725 153 759 189 H
772 152 858 190 Mo
872 153 949 190 ΣΘ
961 153 1035 190 EN
1049 147 1181 202 ΟΥΣ]
1484 148 1588 203 [mn

259 252 371 302 νόμοι
395 254 518 292 ταῦτα
542 248 798 299 κελεύουσιν),
822 251 906 301 ἐμοὶ
931 252 971 290 δὲ
997 254 1049 305 τῷ
1075 249 1235 291 πάντων
1259 250 1407 291 τούτων
1431 251 1583 304 ὑστερί-

261 319 363 368 ζοντι
382 317 558 364 λεκτέον,
582 317 643 357 καὶ
660 321 741 359 τοῖς
757 319 829 368 μὲν
844 317 984 360 ἄλλοις
1003 321 1084 359 τοῖς
1103 317 1349 368 τηλικούτοις
1367 319 1403 358 οἱ
1423 318 1586 370 πατέρες

194 389 234 422 61
259 388 490 436 βοηθοῦσιν,
518 384 630 426 οὗτος
654 383 688 424 δ’
715 385 759 425 ἐν
776 384 864 435 ἐμοὶ
889 388 958 425 νῦν
981 384 1067 438 ἔχει
1088 386 1161 427 τὰς
1185 385 1362 426 ἐλπίδας.
1410 389 1587 426 τοιοῦτον

260 453 327 493 οὖν
352 452 632 504 ἀγωνιζόμενοι
663 452 799 503 ἀγῶνα
827 451 981 501 δεόμεθ’
1007 452 1115 502 ὑμῶν
1139 453 1360 504 ἐπικουρεῖν
1383 451 1491 503 ἡμῖν,
1524 452 1587 494 καὶ

259 518 383 569 δεῖξαι
412 521 535 560 πᾶσιν
560 519 632 565 ὅτι,
663 517 733 558 κᾶν
758 522 850 561 παῖς
881 517 951 558 κᾶν
976 517 1104 571 γέρων
1128 518 1200 559 κᾶν
1224 519 1406 570 ἡντινοῦν
1430 519 1587 570 ἡλικίαν
1607 538 1624 570 5

259 587 362 639 ἔχων
386 586 462 642 ἥκῃ
486 584 582 638 πρὸς
605 586 707 636 ὑμᾶς
731 587 830 625 κατὰ
851 584 941 626 τοὺς
966 585 1122 636 νόμους,
1148 586 1263 629 οὗτος
1283 584 1462 636 τεύξεται
1487 586 1585 627 πάν-

259 670 338 694 των
359 657 438 693 τῶν
463 653 635 693 δικαίων.
685 651 807 692 καλὸν
826 651 913 705 γάρ,
940 650 971 693 ὦ
994 652 1133 706 ἄνδρες
1156 653 1353 699 δικασταί,
1380 652 1479 704 μήτε
1496 653 1587 696 τοὺς

258 720 400 771 νόμους
424 719 515 771 μήθ’
535 721 635 771 ὑμᾶς
662 719 803 761 αὐτοὺς
825 720 890 760 ἐπὶ
915 723 997 762 τοῖς
1019 719 1186 772 λέγουσι
1212 724 1351 766 ποιεῖν,
1374 719 1465 760 ἀλλ’
1484 722 1583 762 ε’κεί-

258 804 347 828 νους
373 786 438 839 ἐφ’
464 788 568 838 ὑμῖν,
591 787 656 828 καὶ
687 787 810 840 χωρὶς
843 787 989 840 κρίνειν
1013 787 1102 828 τούς
1135 787 1169 827 τ’
1196 787 1236 828 εὗ
1263 787 1325 827 καὶ
1355 791 1499 839 σαφῶς
1523 788 1587 828 καὶ

257 854 346 896 τοὺς
371 853 420 894 τὰ
444 854 573 894 δίκαια
596 852 804 906 λέγοντας·
841 855 929 906 περὶ
955 856 1029 906 γὰρ
1053 854 1193 895 τούτου
1221 853 1292 904 τὴν
1316 856 1459 907 ψῆφον
1483 855 1584 906 ὀμω-
1610 874 1648 896 10

193 927 238 961 62
257 921 391 973 μόκατ’
412 923 553 962 οἴσειν.
615 921 661 963 οὗ
683 923 759 975 γὰρ
785 920 830 972 δὴ
857 922 989 962 πείσει
1012 920 1050 974 γ’
1073 922 1173 972 ὑμᾶς
1197 921 1323 964 οὐδεὶς
1352 921 1403 963 ὡς
1436 923 1585 963 ἐπιλεί-

257 993 410 1041 ψουσιν
435 990 470 1029 οἱ
493 992 663 1030 τοιοῦτοι
681 987 858 1042 ῥήτορες,
878 988 959 1029 οὐδ’
980 988 1032 1031 ὡς
1050 987 1114 1029 διὰ
1137 992 1252 1029 τοῦτο
1273 992 1410 1042 χεῖρον
1428 989 1450 1039 ἡ
1471 989 1587 1031 πόλις

258 1055 474 1106 οἰκήσεται.
523 1055 752 1096 τούναντίον
775 1054 851 1108 γάρ
877 1056 1001 1103 ἐστιν,
1023 1055 1074 1098 ὡς
1099 1056 1176 1108 ε’γὼ
1200 1059 1279 1097 τῶν
1302 1055 1587 1109 πρεσβυτέρων

259 1123 399 1163 ἀκούω·
447 1123 538 1164 τότε
576 1122 654 1176 γάρ
692 1128 822 1175 φασιν
864 1122 1010 1175 ἄριστα
1050 1122 1194 1175 πρᾶξαι
1232 1123 1304 1173 τὴν
1344 1123 1478 1169 πόλιν,
1520 1123 1586 1164 ὅτε

257 1189 408 1242 μέτριοι
440 1191 502 1230 καὶ
536 1190 744 1242 σώφρονες
778 1189 920 1243 ἄνδρες
954 1190 1243 1231 ἐπολιτεύοντο.
1306 1190 1477 1242 πότερον
1509 1191 1586 1243 γὰρ
1607 1207 1646 1240 15

259 1258 512 1309 συμβούλους
544 1258 648 1308 εὕροι
675 1273 734 1299 τις
763 1256 814 1297 ἂν
844 1257 1006 1300 τούτους
1041 1257 1232 1310 ἆγαθούς;
1276 1256 1368 1297 ἀλλ’
1396 1257 1510 1298 οὐδὲν
1542 1258 1586 1298 ἐν

257 1323 314 1380 τῷ
337 1323 446 1379 δήμῳ
469 1323 674 1377 λέγουσιν,
702 1325 810 1364 ἀλλὰ
833 1323 924 1367 τοὺς
953 1325 1103 1365 ἐκεῖθεν
1129 1325 1374 1377 γραφόμενοι
1403 1324 1586 1378 χρήματα

194 1397 238 1441 63
257 1391 549 1443 λαμβάνουσιν.
611 1390 633 1432 ὃ
667 1391 730 1432 καὶ
761 1390 982 1443 θαυμάσιόν
1011 1393 1135 1438 ἐστιν,
1166 1392 1229 1432 ὅτι
1265 1392 1406 1442 ζῶντες
1441 1392 1484 1432 ἐκ
1519 1394 1588 1432 τοῦ

259 1463 527 1512 συκοφαντεῖν
558 1458 604 1507 οὔ
636 1464 740 1511 φασι
762 1458 988 1510 λαμβάνειν
1008 1458 1085 1500 ἀπὸ
1109 1461 1178 1509 τῆς
1203 1459 1372 1501 πόλεως·
1408 1459 1472 1500 καὶ
1494 1458 1588 1510 πρὶν

258 1529 499 1579 προσελθεῖν
521 1528 619 1578 πρὸς
651 1527 749 1577 ὑμᾶς
780 1525 892 1567 οὐδὲν
918 1527 1091 1579 ἔχοντες,
1119 1529 1187 1567 νῦν
1213 1525 1470 1579 εὐποροῦντες
1498 1525 1587 1567 οὐδὲ
1608 1543 1648 1565 20

257 1592 375 1648 χάριν
397 1595 487 1644 ὑμῖν
511 1593 688 1648 ἔχουσιν,
716 1594 824 1634 ἀλλὰ
847 1594 1065 1645 περιιόντες
1087 1592 1279 1646 λέγουσιν
1305 1593 1360 1636 ὡς
1388 1592 1587 1644 ἀβέβαιός

102 1668 236 1723 [1342]
259 1661 371 1701 ἐστιν
396 1662 416 1700 ὁ
441 1663 574 1712 δῆμος,
603 1660 654 1702 ὡς
679 1659 887 1714 δυσχερής,
910 1660 962 1702 ὡς
988 1660 1218 1715 ἀχάριστος,
1247 1659 1383 1712 ὥσπερ
1406 1661 1505 1711 ὑμᾶς
1523 1661 1588 1701 διὰ

258 1728 419 1771 τούτους
443 1727 716 1780 εὐποροῦντας,
750 1727 794 1767 οὐ
826 1728 986 1770 τούτους
1015 1729 1079 1768 διὰ
1106 1727 1174 1768 τὸν
1198 1730 1332 1778 δῆμον.
1381 1727 1487 1768 ἀλλὰ
1511 1725 1586 1780 γὰρ

260 1796 416 1837 εἰκότως
431 1794 540 1835 ταῦθ’
561 1794 667 1835 οὗτοι
684 1793 886 1846 λέγουσιν,
906 1795 1072 1847 ὁρῶντες
1086 1794 1159 1845 τὴν
1173 1793 1364 1847 ὑμετέραν
1381 1794 1587 1848 ῥᾳθυμίαν.

259 1861 400 1902 οὐδένα
427 1861 503 1915 γὰρ
536 1860 653 1912 ἀξίως
686 1861 814 1902 αὐτῶν
849 1863 918 1912 τῆς
953 1863 1144 1915 πονηρίας
1178 1861 1461 1913 τετιμώρησθε,
1496 1859 1588 1901 ἀλλ’
1610 1878 1648 1911 ²5

259 1928 474 1980 ὑπομένετε
508 1929 713 1981 λεγόντων
746 1928 873 1969 αὐτῶν
910 1928 961 1970 ὡς
990 1929 1014 1980 ἡ
1048 1932 1118 1969 τοῦ
1155 1928 1278 1980 δήμου
1315 1928 1490 1980 σωτηρία
1525 1929 1588 1968 διὰ

258 1999 337 2037 τῶν
359 1995 626 2050 γραφομένων
645 1997 708 2037 καὶ
734 1996 1091 2049 συκοφαντούντων
1115 1997 1241 2037 ἐστίν·
1275 1996 1330 2036 ὧν
1350 1994 1464 2048 γένος
1490 1993 1585 2046 ἐξω-

304 2118 325 2149 5
349 2109 410 2141 κᾶν
422 2108 557 2141 tertium
571 2107 626 2140 A:
650 2109 710 2141 κᾶν
723 2110 830 2148 ἄλλην
842 2108 867 2141 S
879 2108 970 2148 vulg.
1047 2109 1070 2140 6
1091 2109 1172 2141 κατὰ
1190 2108 1214 2139 S
1226 2107 1255 2138 A
1268 2107 1298 2138 D
1313 2121 1364 2148 γρ.
1381 2118 1388 2138 :
1413 2108 1463 2139 καὶ
1476 2107 1502 2138 F
1514 2106 1545 2146 Q
1557 2106 1588 2137 D

255 2163 278 2193 9
301 2152 428 2194 σαφῶς]
453 2156 560 2194 σοφῶς
583 2153 719 2193 Tay10r‚
749 2158 840 2184 reete
864 2158 946 2192 puto
1100 2163 1136 2183 11
1162 2158 1238 2192 post
1267 2153 1484 2191 ἐπιλείψουσιν
1508 2151 1584 2181 add.

258 2199 335 2236 ὑμᾶς
352 2196 494 2238 ΞΩὙρἿ
512 2197 592 2236 ἡμᾶς
606 2197 690 2237 Ργρ.
709 2208 716 2228 t
741 2207 804 2227 om.
817 2196 849 2226 A
861 2196 886 2226 F
899 2196 930 2235 Q
944 2196 975 2226 D
1106 2206 1143 2226 12
1160 2196 1188 2227 οἱ
1200 2194 1375 2228 τοιοῦτοι5
1388 2194 1437 2226 A:
1461 2193 1547 2226 οὗτοι
1559 2195 1588 2226 οἱ

259 2240 284 2270 F
295 2239 325 2278 Q
342 2239 372 2269 D
489 2249 593 2279 13-14
619 2242 708 2272 ἐστιν
725 2245 758 2270 et
774 2240 836 2280 γάρ
852 2240 980 2271 habent
996 2239 1021 2270 S
1034 2240 1065 2270 D
1081 2239 1144 2270 soli
1258 2248 1297 2278 15
1322 2238 1588 2278 ἐμπολιτεύονται

257 2283 289 2314 Α
377 2282 539 2324 πότεραΑ
553 2283 591 2314 F1
742 2285 846 2323 17-18
869 2285 956 2315 ἀλλὰ.
973 2307 981 2314 .
999 2306 1007 2314 .
1025 2305 1033 2314 .
1052 2282 1321 2322 λαμβάνουσινίη
1336 2292 1401 2321 mg.
1413 2281 1467 2313 Sa
1480 2291 1530 2321 pr.
1545 2291 1586 2312 m.

261 2337 298 2366 17
317 2327 476 2359 ἐκεῖθενΑ
488 2327 514 2358 F
530 2326 579 2365 Q:
596 2327 754 2367 λέγοντας
763 2328 810 2359 ἀεὶ
823 2326 848 2357 S
861 2337 926 2366 mg.
943 2326 1027 2368 pr.
1040 2325 1071 2365 Q
1082 2339 1134 2367 γρ.
1150 2326 1180 2355 D
1272 2327 1310 2356 18
1326 2324 1498 2364 θαυμάσιόν
1509 2323 1587 2363 SA,

257 2371 300 2402 cs.
317 2370 427 2402 Isae.i
445 2372 508 2401 28:
533 2371 713 2411 θαυμαστόν
729 2371 831 2410 vulg„
851 2370 892 2401 cf.
910 2381 979 2400 xxv
993 2380 1032 2409 31
1126 2372 1161 2401 ἐκ
1178 2368 1202 2400 S
1217 2380 1224 2399 :
1248 2370 1310 2401 ἀπὸ
1322 2369 1411 2409 vulg.
1481 2378 1520 2398 21
1548 2369 1587 2400 ὡς

259 2415 317 2454 ἄρα
334 2414 487 2451 ἀβέβαιός
501 2413 533 2444 Α
630 2425 672 2444 22
696 2414 855 2455 δυσχερής
867 2414 891 2444 S
909 2425 916 2444 :
940 2413 1146 2454 δύσχρηστος
1162 2417 1239 2444 cett.
1329 2414 1436 2453 ὥσπερ
1448 2411 1564 2442 Baiter
1579 2421 1586 2441 :

259 2460 299 2490 ὡς
311 2458 422 2497 codd„
441 2458 482 2490 cf.
503 2457 583 2497 Lys.
602 2458 660 2488 xiv
679 2459 718 2488 16
806 2467 847 2496 23
871 2459 906 2489 οὐ
924 2456 948 2488 S
961 2457 991 2487 D
1009 2468 1016 2487 :
1040 2458 1111 2498 οὐχὶ
1129 2456 1219 2496 vulg.
1318 2466 1359 2494 25
1383 2457 1472 2496 ἀξίως
1483 2456 1587 2486 αὐτῶν

257 2503 316 2540 τῆς
333 2501 358 2533 S
372 2501 403 2532 D
415 2501 442 2533 F
453 2514 504 2543 γρ.
518 2501 611 2543 Ωγρ.
628 2512 636 2532 2
660 2503 764 2533 αὐτῶν
777 2501 868 2541 ἀξίως
887 2501 987 2541 ςᾶξιον
1002 2500 1028 2530 F
1041 2500 1085 2539 Q„
1104 2502 1161 2538 τῆς
1176 2499 1299 2532 τούτων
1315 2499 1404 2538 vulg.
