1763 2778
913 324 1007 362 LXI

795 421 1101 469 ΕΡΩΤΙΚΟΣ

352 520 470 562 Ἀλλ’
492 520 702 573 ἐπειδήπερ
727 522 883 561 ἀκούειν
909 521 1052 572 βούλει
1072 524 1140 560 τοῦ
1160 522 1298 573 λόγου,
1316 520 1431 572 δείξω
1458 538 1524 561 σοι
1549 517 1611 562 καὶ

130 591 267 646 [1401]
287 589 580 640 ἀναγνώσομαι.
666 591 725 629 δεῖ
761 587 804 628 δέ
843 605 891 628 σε
928 588 999 638 τὴν
1035 589 1269 640 προαίρεσιν
1304 588 1422 628 αὐτοῦ
1455 591 1611 639 πρῶτον

287 654 443 696 εἰδέναι.
513 655 706 705 βούλεται
740 657 813 706 μὲν
848 656 924 707 γὰρ
961 656 980 694 ὁ
1015 653 1083 695 τὸν
1119 656 1243 707 λόγου
1278 659 1400 695 ποιῶν
1437 656 1611 695 ἐπαινεῖν

286 721 539 774 Ἐπικράτην,
578 721 622 762 ὃν
659 721 756 777 ᾤετο
793 725 956 762 πολλῶν
994 722 1055 762 καὶ
1094 725 1226 762 καλῶν
1263 722 1446 774 κάγαθῶν
1487 723 1611 762 ὄντων

286 789 385 830 νέων
411 790 453 829 ἐν
477 794 525 846 τῇ
551 790 666 829 πόλει
691 788 958 842 χαριέστατον
986 789 1098 834 εἶναι,
1128 790 1190 829 καὶ
1216 794 1340 829 πλέον
1369 789 1415 844 τῇ
1449 787 1612 829 συνέσει
1632 803 1648 834 5

283 855 472 909 προέχειν
501 853 524 906 ἢ
556 860 610 911 τῷ
644 855 784 896 κάλλει
820 859 898 896 τῶν
933 856 1165 906 ἡλικιωτῶν.
1237 856 1337 907 ὁρῶν
1373 854 1406 896 δ’
1432 855 1484 897 ὡς
1519 855 1612 897 ἔπος

287 924 411 964 εἰπεῖν
445 921 494 962 τὰ
530 927 703 964 πλεῖστα
740 927 817 964 τῶν
860 924 1057 975 ἐρωτικῶν
1094 922 1380 975 συνταγμάτων
1416 923 1611 976 αἰσχύνην

286 993 442 1042 μᾶλλον
467 987 490 1040 ἢ
515 990 630 1041 τιμὴν
654 989 920 1042 περιάπτοντα
952 990 1106 1031 τούτοις
1138 990 1226 1041 περὶ
1251 991 1305 1030 ῶν
1331 991 1419 1030 ἐστι
1437 1007 1609 1042 γεγραμ-

286 1057 396 1108 μένα,
435 1056 540 1097 τοῦθ’
576 1057 681 1099 ὅπως
717 1057 768 1108 μὴ
807 1057 991 1098 πείσεται
1027 1058 1290 1110 πεφύλακται,
1319 1057 1380 1097 καὶ
1417 1058 1512 1108 ὅπερ
1549 1056 1611 1097 καὶ

287 1125 505 1165 πεπεῖσθαί
527 1129 654 1177 φησιν
679 1125 724 1181 τῇ
749 1124 899 1181 γνώμῃ,
926 1128 1042 1164 τοῦτο
1070 1124 1131 1164 καὶ
1156 1124 1373 1177 γέγραφεν,
1395 1123 1444 1165 ὣς
1464 1125 1611 1166 δίκαιος
1634 1141 1674 1165 10

287 1190 459 1242 ἐραστὴς
485 1191 564 1231 οὔτ’
584 1190 632 1232 ἂν
658 1190 861 1242 ποιήσειεν
887 1192 1000 1232 οὐδὲν
1025 1190 1196 1244 αἰσχρὸν
1216 1190 1296 1231 οὔτ’
1317 1191 1341 1231 ἆ
1370 1191 1537 1231 ιώσειεν.
1591 1189 1612 1231 ὃ

247 1272 267 1297 2
285 1260 357 1309 μὲν
393 1257 462 1299 οὗν
499 1257 670 1310 ὡσπερεὶ
701 1258 866 1310 μάλιστ’
892 1258 940 1299 ἂν
977 1258 1163 1310 ἐρωτικὸν
1199 1257 1346 1309 λάβοις
1374 1261 1443 1298 τοῦ
1471 1258 1609 1310 λόγου,

287 1325 375 1377 περὶ
408 1324 511 1365 τοῦτ’
539 1325 661 1366 ἔστιν·
700 1326 720 1365 ὁ
746 1325 778 1366 δ’
804 1325 929 1367 ἄλλος
958 1326 1080 1378 λόγος
1113 1324 1162 1365 τὰ
1197 1327 1271 1376 μὲν
1305 1325 1424 1366 αὐτὸν
1459 1327 1615 1365 ἐπαινεῖ

285 1391 355 1432 τὸν
391 1393 613 1439 νεανίσκον,
645 1394 694 1432 τὰ
725 1392 758 1432 δ’
789 1393 892 1450 αὐτῷ
925 1392 1194 1444 συμβουλεύει
1232 1393 1320 1445 περὶ
1357 1392 1533 1433 παιδείας
1568 1409 1611 1432 τε

287 1459 349 1499 καὶ
374 1458 641 1512 προαιρέσεως
665 1463 733 1500 τοῦ
758 1461 862 1511 βίου.
933 1459 1063 1500 πάντα
1089 1461 1131 1500 δὲ
1154 1463 1276 1500 ταῦτα
1301 1459 1518 1512 γέγραπται
1542 1458 1611 1499 τὸν
1634 1476 1671 1507 ¹5

284 1526 430 1577 τρόπον
467 1526 510 1566 ὅν
546 1543 604 1568 τις
640 1525 687 1567 ἂν
724 1528 779 1569 εἷς
815 1527 985 1578 βιβλίον
1023 1529 1243 1567 καταθεῖτο.
1315 1529 1397 1568 τοῖς
1431 1528 1504 1577 μὲν
1536 1527 1611 1578 γὰρ

285 1596 479 1635 λεκτικοῖς
516 1597 593 1634 τῶν
634 1594 768 1646 λόγων
809 1595 945 1636 ἁπλῶς
989 1595 1051 1635 καὶ
1094 1594 1235 1644 ὁμοίως
1273 1593 1331 1635 οἷς
1373 1593 1421 1634 ἂν
1459 1595 1502 1633 ἐκ
1542 1596 1611 1633 τοῦ

285 1659 525 1713 παραχρῆμά
560 1677 618 1702 τις
662 1662 764 1701 εἴποι
805 1659 948 1713 πρέπει
986 1661 1225 1714 γεγράφθαι,
1263 1663 1345 1703 τοῖς
1380 1659 1413 1701 δ’
1451 1661 1506 1702 εἷς
1540 1659 1609 1701 τὸν

286 1726 411 1767 πλείω
436 1727 582 1780 χρόνον
601 1727 884 1778 τεθησομένοις
905 1732 1116 1778 ποιητικῶς
1135 1728 1198 1768 καὶ
1217 1731 1406 1779 περιττῶς
1425 1726 1609 1779 ἁρμόττει

287 1797 535 1846 συγκεῖσθαι·
572 1793 662 1836 τοὺς
696 1796 770 1845 μὲν
806 1796 881 1847 γὰρ
919 1795 1119 1841 πιθανούς,
1145 1794 1234 1836 τοὺς
1271 1793 1303 1834 δ’
1328 1794 1609 1836 ἐπιδεικτικοὺς
1631 1810 1671 1833 20

288 1860 387 1901 εἶναι
412 1859 616 1913 προσήκει.
666 1860 715 1901 ἵν’
741 1861 809 1901 οὖν
832 1860 884 1913 μὴ
913 1862 1019 1912 παρὰ
1044 1861 1113 1901 τὸν
1131 1861 1255 1913 λόγον
1281 1878 1348 1902 σοι
1371 1861 1493 1913 λέγω,
1518 1860 1608 1912 μηδ’

287 1927 311 1967 ἃ
342 1927 553 1980 γιγνώσκω
585 1927 673 1980 περὶ
705 1927 852 1968 τούτων
886 1928 1001 1970 αὐτὸς
1035 1927 1177 1978 διεξίω,
1205 1926 1374 1982 πρόσεχ’
1411 1927 1462 1970 ὡς
1491 1927 1609 1968 αὐτοῦ

125 1994 265 2050 [1402]
285 1997 354 2034 τοῦ
391 1995 515 2046 λόγου
555 1994 627 2045 ἤδη
671 1995 950 2046 ἀκουσόμενος,
994 1995 1126 2046 ἐπειδὴ
1170 1995 1232 2035 καὶ
1270 1994 1384 2037 αὐτὸς
1423 1995 1519 2046 ἥκει,
1562 1993 1608 2035 ὃν

285 2060 515 2112 ἠβουλήθην
542 2061 709 2109 ἀκούειν,
737 2061 991 2114 Ἐπικράτης.

327 2164 392 2194 3-4
417 2155 608 2196 Ἐπικράτην
626 2158 764 2188 ἐπαινεῖν
781 2167 796 2187 r
809 2156 839 2186 D
962 2168 981 2195 4
1005 2157 1057 2189 καὶ
1073 2159 1181 2188 καλῶν
1198 2165 1262 2187 om.
1276 2155 1300 2187 S
1311 2155 1342 2186 Y
1354 2166 1370 2186 r
1472 2165 1492 2195 5
1509 2155 1609 2188 πλέον

286 2198 404 2230 Blass:
428 2200 645 2231 πλεῖονεοάἀ.
737 2201 759 2229 6
784 2199 935 2241 προέχειν
953 2199 1030 2232 rD:
1056 2200 1228 2241 προσέχειν
1245 2199 1355 2237 SYQ
1452 2208 1488 2230 ΙΙ
1515 2201 1606 2240 ερῆα-

286 2255 367 2281 στης
384 2242 408 2273 S
516 2253 554 2273 12
578 2242 633 2274 οὖν
648 2253 711 2274 om.
735 2253 750 2273 1·
839 2245 947 2285 ὥσπερ
961 2243 994 2273 in
1012 2253 1077 2282 mg.
1095 2254 1114 2273 a
1130 2253 1179 2282 pr.
1199 2254 1240 2274 m.
1262 2242 1286 2274 S
1386 2252 1424 2282 17
1448 2245 1607 2276 λεκτικοῖς

286 2285 405 2317 Scorr.
418 2285 449 2316 Y
462 2286 513 2316 D:
531 2289 686 2319 δεκτικοῖς
700 2285 775 2317 S1F
791 2286 820 2325 Q
910 2297 952 2317 20
975 2287 1212 2319 ἀποδεικτικοὺς
1226 2285 1301 2318 SF¹
1391 2295 1428 2316 21
1454 2299 1607 2328 προσηκει

285 2331 343 2361 τοῦ
367 2330 440 2366 βίου
465 2329 564 2360 YrD
724 2339 766 2360 22
791 2330 1138 2370 ἃγιγνώσκωγτῦε
1162 2329 1242 2372 ὅπερ
1270 2342 1358 2371 γιγν.
1391 2329 1606 2361 Felieianus:

285 2373 432 2414 ἂπογιγν.
452 2372 476 2404 S
490 2372 515 2403 F
531 2372 560 2411 Q
693 2382 733 2412 23
758 2372 826 2413 καὶ]
844 2373 877 2405 δὲ
894 2374 944 2405 καὶ
962 2372 986 2404 S
997 2373 1023 2404 F
1036 2372 1066 2412 Q
1078 2373 1108 2404 Y
1122 2383 1138 2404 1·
1151 2373 1182 2404 D
1314 2383 1356 2413 24
1379 2373 1545 2412 ἠβουλήθη
1562 2371 1602 2412 Q,

287 2414 449 2455 Spengel,
462 2416 606 2447 Cronert
622 2415 697 2448 coll.
715 2416 844 2458 εὐτύχει
859 2417 901 2448 ad
919 2417 976 2448 fin.
