1763 2778
165 124 257 174 Lvu]
518 124 676 162 ΠΡΟΣ
716 124 1132 162 ΕὙΒΟΎΛΙΔΗΝ

164 223 296 265 ναίους
327 222 429 263 εἶναι
462 219 603 275 [ἡμᾶς],
640 223 716 275 ἐγώ
748 239 815 263 σοι
842 222 981 263 τούτου
1014 224 1117 265 ὅλως
1145 223 1375 263 τούναντίον
1408 224 1490 263 ἐπι-

163 288 289 340 δείξω,
324 290 385 330 ὅτι
417 290 486 331 οὐκ
511 289 666 340 ἔξεστιν
696 289 793 345 ξένῳ
821 291 862 330 ἐν
887 295 934 346 τῇ
959 290 1084 345 ἀγορᾷ
1108 290 1357 343 ἐργάζεσθαι.
1430 291 1496 330 καί

160 374 227 409 μοι
250 357 393 409 λαβὼν
416 356 616 410 ἀνάγνωθι
639 362 795 410 πρῶτον
818 357 886 397 τὸν
911 357 1094 400 Σόλωνος
1118 358 1252 409 νόμον.

747 454 903 483 ΝΟΜΟΣ.

123 537 139 568 5
228 519 343 570 Λαβὲ
376 517 421 569 δὴ
459 519 522 558 καὶ
557 517 625 559 τὸν
663 518 841 570 Ἀριστο(
864 524 998 563 ὣντος·
1037 520 1136 560 οὕτω
1173 519 1260 572 γάρ,
1295 516 1324 558 ὦ
1355 518 1490 571 ἄνδρες

160 583 378 636 Ἀθηναῖοι,
403 589 542 626 τοῦτον
567 584 701 636 ἔδοξεν
726 588 873 630 ἐκεῖνος
899 591 1028 628 καλῶς
1054 587 1116 627 καὶ
1141 589 1357 637 δημοτικῶς
1376 604 1491 638 νομο-

162 654 340 703 θετῆσαι,
366 651 463 692 ὥστ’
489 653 754 706 ἐψηφίσασθε
779 654 901 695 πάλιν
926 655 1244 696 ἀνανεώσασθαι.

746 753 902 782 ΝΟΜΟΣ.

227 813 433 868 Προσήκει
465 816 598 856 τοίνυν
631 816 723 866 ὑμῖν
762 819 961 867 βοηθοῦσι
999 821 1082 859 τοῖς
1121 817 1255 867 νόμοις
1301 814 1353 868 μὴ
1402 815 1489 856 τοὺς

104 899 142 922 ιο
162 881 446 935 ἐργαζομένους
482 881 617 932 ξένους
654 884 836 933 νομίζειν,
876 885 981 924 ἀλλὰ
1018 884 1106 925 τοὺς
1144 886 1488 935 συκοφαντοῦντας

160 949 366 1002 πονηρούς.
437 950 536 996 ἐπεί,
574 948 603 989 ὦ
631 950 871 1002 Εὐβουλίδη,
910 952 996 992 ἔστι
1034 953 1097 992 καὶ
1131 952 1263 1002 ἕτερος
1298 951 1385 1002 περὶ
1421 952 1488 1000 τῆς

160 1017 298 1069 ἀργίας
331 1017 460 1068 νόμος,
492 1015 520 1072 ᾧ
548 1016 664 1060 αὐτὸς
694 1017 834 1071 ἔνοχος
868 1017 923 1059 ὢν
949 1019 1051 1070 ἡμᾶς
1082 1018 1173 1060 τοὺς
1208 1017 1488 1070 ἐργαζομένους

160 1083 408 1136 διαβάλλεις.
480 1084 587 1125 ἀλλὰ
627 1083 702 1138 γὰρ
739 1085 912 1137 τοσαύτη
954 1102 1011 1126 τις
1060 1086 1203 1139 ἀτυχία
1251 1084 1362 1125 ἐστὶν
1403 1084 1490 1136 περὶ

160 1151 264 1203 ἡμᾶς
302 1154 386 1199 νῦν,
425 1152 532 1193 ὥστε
572 1152 697 1207 τούτῳ
739 1155 812 1204 μὲν
851 1152 1009 1204 ἔξεστιν
1046 1150 1121 1202 ἔξω
1159 1156 1227 1193 τοῦ
1264 1150 1491 1204 πράγματος

104 1235 140 1266 15
160 1222 425 1271 βλασφημεῖν
460 1220 522 1260 καὶ
551 1219 680 1260 πάντα
709 1224 850 1267 ποιεῖν,
885 1221 991 1262 ὅπως
1024 1219 1192 1272 μηδενὸς
1225 1223 1303 1259 τῶν
1331 1219 1492 1259 δικαίων

162 1286 240 1338 ἐγὼ
269 1286 390 1340 τύχω·
429 1286 515 1337 ἐμοὶ
544 1285 577 1327 δ’
611 1286 856 1338 ἐπιτιμήσετ’
886 1289 997 1334 ἴσως,
1029 1289 1098 1328 ἐὰν
1127 1286 1235 1339 λέγω
1264 1285 1310 1326 ὃν
1345 1286 1491 1338 τρόπον

161 1353 275 1395 οὗτος
304 1353 510 1406 ἐργάζεται
541 1355 703 1406 περιιὼν
738 1356 784 1395 ἐν
815 1360 862 1410 τῇ
890 1356 1018 1401 πόλει,
1055 1354 1118 1395 καὶ
1150 1354 1323 1395 εἰκότως·
1363 1354 1386 1393 ’ὰ
1419 1355 1492 1406 γῑιρ

160 1421 269 1472 ὑμεῖς
294 1421 395 1467 ἴστε,
422 1420 463 1461 τί
490 1423 551 1461 δεῖ
578 1421 733 1474 λέγειν;
771 1426 955 1463 σκοπεῖτε
990 1421 1050 1472 δή·
1086 1422 1231 1473 νομίζω
1261 1423 1335 1473 γὰρ
1366 1421 1493 1473 ἔγωγε

161 1491 204 1527 τὸ
243 1488 284 1528 ἐν
315 1493 362 1545 τῇ
391 1489 516 1544 ἀγορᾷ
550 1488 652 1540 ἡμᾶς
688 1489 926 1542 ἐργάζεσθαι
960 1489 1154 1543 μέγιστον
1192 1489 1289 1529 εῖναι
1328 1491 1493 1539 σημεῖον

102 1574 141 1596 20
160 1558 228 1595 τοῦ
258 1557 420 1607 ψευδεῖς
451 1555 545 1607 ἡμῖν
574 1557 700 1598 αἰτίας
732 1560 869 1597 τοῦτον
899 1556 1115 1610 ἐπιφέρειν.
1185 1555 1236 1607 ἣν
1264 1555 1340 1608 γάρ
1365 1560 1492 1607 φησιν

159 1623 417 1663 ταινιόπωλιν
453 1622 553 1663 εῖναι
583 1623 644 1663 καὶ
681 1626 858 1677 φανερὰν
890 1627 1027 1670 πᾶσιν,
1062 1625 1261 1676 προσῆκεν
1299 1621 1491 1673 δήπουθεν

161 1690 314 1732 εἰδότας
345 1689 466 1740 αὐτὴν
500 1690 676 1732 πολλοὺς
709 1692 793 1741 ἥτις
823 1692 910 1732 ε’στὶ
943 1695 1165 1744 μαρτυρεῖν,
1198 1691 1260 1731 καὶ
1288 1690 1340 1741 μὴ
1371 1690 1492 1741 μόνον

161 1755 295 1808 ἀκοήν,
322 1755 413 1797 ἀλλ’
440 1758 473 1798 εἰ
496 1759 569 1809 μὲν
602 1756 693 1808 ξένη
721 1757 780 1809 ἦν,
807 1761 856 1799 τὰ
886 1758 982 1809 τέλη
1009 1758 1275 1810 ἐξετάσαντας
1300 1759 1348 1797 τὰ
1377 1758 1420 1797 ἐν
1444 1762 1491 1813 τῇ

161 1824 296 1879 ἀγορᾷ,
332 1825 365 1865 εἰ
397 1823 531 1875 ξενικὰ
563 1824 702 1872 ἐτέλει,
743 1816 812 1866 καῖ
840 1826 996 1876 ποδαπὴ
1034 1826 1080 1877 ἣν
1117 1825 1420 1867 ἐπιδεικνύντας·
1457 1824 1492 1864 εἶ

101 1909 139 1939 25
161 1893 201 1931 δὲ
228 1891 362 1941 δούλη,
389 1891 567 1942 μάλιστα
598 1894 671 1944 μὲν
701 1892 770 1934 τὸν
803 1892 1031 1946 πριάμενον,
1057 1894 1091 1934 εἰ
1124 1895 1166 1933 δὲ
1198 1891 1265 1943 μή,
1290 1891 1359 1932 τὸν
1391 1892 1489 1931 ἀπο-

160 1957 325 2008 δόμενον
355 1958 463 2009 ἥκειν
495 1964 874 2013 καταμαρτυροῦντα,
904 1962 937 2001 εἰ
966 1963 1008 2001 δὲ
1032 1959 1098 2012 μή,
1125 1964 1204 2000 τῶν
1227 1959 1364 1999 ἄλλων
1389 1957 1488 2004 τινά,

159 2021 182 2075 ἢ
214 2024 265 2067 ὡς
300 2026 535 2067 ἐδούλευσεν
567 2023 591 2077 ἢ
627 2027 679 2069 ὡς
708 2028 853 2080 ἀφείθη
891 2027 1092 2080 ἐλευθέρα.
1162 2030 1232 2068 νῦν
1265 2029 1306 2067 δὲ
1343 2026 1490 2066 τούτων

158 2093 231 2143 μὲν
256 2091 460 2143 ἀπέδειξεν
484 2092 612 2140 οὐδέν,
637 2095 917 2147 λελοιδόρηκεν
949 2095 1002 2141 δέ,
1032 2095 1083 2136 ὡς
1115 2095 1202 2145 ἐμοὶ
1233 2097 1349 2139 δοκεῖ,
1376 2092 1489 2133 οὐδὲν

205 2210 220 2231 1
247 2201 322 2233 εἶναι
340 2202 420 2243 ἡμᾶς
435 2202 524 2242 vulg.
544 2214 552 2234 ε
577 2203 658 2243 ἡμᾶς
675 2204 752 2236 εἶναι
767 2203 823 2235 A:
848 2205 928 2245 ἡμᾶς
945 2205 1009 2236 del.
1030 2204 1233 2242 Rosenberg
1282 2200 1285 2202 ’
1353 2213 1370 2241 7
1394 2203 1490 2243 ψηφί-

160 2248 276 2277 σασθαι
294 2245 400 2285 SFQ
417 2246 446 2276 D
535 2247 633 2280 πάλιν
650 2248 674 2279 s
690 2248 781 2286 FQ:
806 2249 902 2280 πάλιν
918 2247 1233 2288 τὺναῡτὺνΑῈὙρ.
1251 2247 1366 2287 ΩὙρ-τ
1392 2247 1490 2278 πάλιν

160 2288 299 2320 αὐτὸνῙ)
434 2300 473 2320 12
497 2304 605 2332 αρτιας
621 2291 646 2322 S
784 2294 888 2331 15—16
913 2294 976 2333 ἐγὼ
987 2298 1063 2332 post
1078 2291 1319 2328 δικαίωνὸῈΩ
1334 2290 1387 2320 D:
1413 2295 1488 2328 post

158 2333 293 2371 μηδενὸς
309 2331 341 2362 Α
491 2344 528 2373 17
556 2337 670 2375 περιὼν
688 2335 713 2366 S
727 2335 751 2365 F
765 2335 807 2374 Q,
826 2336 868 2368 cs.
887 2335 1032 2366 Cro‘nert
1049 2334 1177 2365 Archiv
1190 2335 1210 2365 f.
1231 2335 1309 2372 Pap.
1324 2333 1444 2363 sorsch.
1470 2331 1479 2362 i

158 2384 222 2414 523
381 2377 418 2407 18
450 2378 488 2416 δὴ
527 2379 648 2409 codd.:
687 2378 721 2410 δὲ
764 2379 862 2410 Blass
1027 2389 1064 2408 21
1101 2379 1178 2410 εἶναι
1216 2377 1419 2409 ταινιόπωλιν
1456 2374 1488 2404 Α

158 2419 312 2459 προσήκει
327 2418 372 2448 Αι
506 2432 546 2460 23
570 2422 628 2461 μὲν
641 2432 705 2454 om.
719 2422 762 2451 A¹
855 2423 1064 2463 ἐξετάσαντες
1078 2422 1103 2452 S
1114 2421 1144 2459 Q
1160 2422 1187 2450 D
1321 2430 1359 2459 27
1385 2419 1485 2459 ἆψὲθη

159 2460 224 2500 SQ
359 2465 399 2493 28
423 2463 481 2503 μὲν
498 2475 562 2496 om.
579 2465 624 2494 Αι
716 2469 1032 2507 ουδεναελοιδορηκεν
1049 2465 1073 2494 S

1512 123 1650 176 [1308]

1512 532 1554 566 32

1512 1096 1554 1130 33

1520 1558 1662 1613 [1309]

1518 1625 1561 1658 34
