1763 2778
138 138 174 194 L]
527 140 688 179 ΠΡΟΣ
736 139 1078 177 ΠΟΛΎΚΛΕΑ
1485 137 1615 193 [1212]

140 240 229 282 δοὺς
265 239 365 295 αὐτῷ
403 239 588 292 ἀργύριον
625 238 687 280 καὶ
722 236 933 292 γράμματα
969 238 1066 290 πρὸς
1098 237 1190 280 τοὺς
1226 236 1361 288 ξένους
1397 239 1466 276 τοῦ

139 307 287 360 πατρὸς
310 310 380 347 τοῦ
405 308 511 358 ἐμοῦ,
539 305 731 347 ἐκέλευσά
760 322 828 358 μοι
857 305 974 346 αὐτὸν
1008 305 1151 347 ναύτας
1180 304 1466 356 μισθώσασθαι

140 375 190 416 ὡς
216 374 264 415 ἂν
289 374 449 424 δύνηται
474 375 672 426 ἀρίστους·
710 372 826 415 αὐτὸς
851 372 884 412 δ’
910 369 1124 423 ὑπομείνας
1149 373 1192 412 ἐν
1218 375 1359 426 Σηστῷ
1384 374 1466 412 τοῖς

139 459 183 483 τε
206 443 473 493 παραμείνασι
496 445 574 481 τῶν
607 441 782 493 ἀρχαίων
808 444 960 481 ναυτῶν
991 438 1116 480 ἔδωκά
1140 456 1190 485 τι,
1217 440 1316 479 ὅσον
1341 438 1464 491 εἶχον,

101 522 119 554 5
140 507 272 560 ἐπειδή
307 525 376 560 μοι
409 509 430 548 6
454 508 598 562 χρόνος
633 507 770 558 ἐξῆκεν
805 510 875 558 τῆς
909 507 1174 560 τριηραρχίας,
1214 506 1276 546 καὶ
1312 504 1466 558 ἑτέρους

138 576 281 618 ναύτας
307 576 614 627 ἐντελομίσθους
637 574 912 627 προσέλαβον,
934 576 977 615 ἐν
1002 575 1085 629 ὅσῳ
1111 574 1131 613 6
1157 571 1378 626 στρατηγὸς
1398 571 1466 613 τὸν

140 643 344 684 ἀνάπλουν
377 642 446 683 τὸν
483 642 548 697 ἐφ’
572 641 697 694 Ἱερὸν
732 641 1058 694 παρεσκευάζετο.
1132 640 1265 691 ἐπειδὴ
1302 639 1335 680 δ’
1367 640 1390 679 ὅ
1425 656 1467 680 τε
1491 652 1532 687 19

141 709 358 761 Εὐκτήμων
393 710 488 761 ἧκεν
522 710 566 750 ἐκ
600 711 670 761 τῆς
704 708 930 762 Λαμψάκου
961 708 1069 761 ἄγων
1101 707 1192 750 τοὺς
1224 707 1366 749 ναύτας
1401 705 1468 748 οὓς

139 777 408 829 ἐμισθώσατο,
442 777 506 818 καὶ
539 777 559 816 6
589 776 810 829 στρατηγὸς
843 775 1109 828 παρήγγειλεν
1146 774 1379 826 ἀνάγεσθαι,
1413 777 1467 828 τῷ

83 867 120 890 10
138 847 210 897 μὲν
257 843 481 895 Εὐκτήμονι
527 845 748 894 ἀσθενῆσαι
796 842 983 895 ἐξαίφνης
1032 842 1201 894 συνέβη,
1252 841 1314 881 καὶ
1366 840 1467 882 πάνυ

139 910 319 965 πονήρως
355 911 521 962 διετέθη·
558 910 682 966 τούτῳ
717 913 790 962 μὲν
826 910 894 950 οῦν
925 909 1094 952 ἀποδοὺς
1125 908 1194 950 τὸν
1225 907 1371 959 μισθὸν
1406 907 1468 948 καὶ

140 979 283 1032 ἐφόδια
301 979 490 1032 προσθεὶς
508 977 727 1030 ἀπέπεμψα
746 979 891 1018 οἴκαδε·
928 977 1044 1019 αὐτὸς
1063 979 1105 1018 δὲ
1123 976 1468 1027 πεντηκόνταρχον

141 1046 275 1099 ἕτερον
309 1047 451 1098 λαβὼν
486 1045 689 1098 ἀνηγόμην
726 1046 789 1085 ἐπὶ
825 1044 897 1095 τὴν
932 1043 1202 1096 παραπομπὴν
1237 1046 1304 1082 τοῦ
1340 1042 1466 1087 σίτου,

143 1114 207 1155 καὶ
235 1115 318 1154 ἐκεῖ
343 1112 569 1166 περιέμεινα
598 1111 715 1153 πέντε
749 1111 812 1153 καὶ
840 1111 1129 1164 τετταράκοντα
1160 1108 1319 1162 ἡμέρας,
1347 1110 1419 1150 ἕως
1448 1109 1470 1148 ὁ

85 1195 121 1227 15
143 1181 311 1223 ἔκπλους
344 1184 423 1221 τῶν
459 1181 611 1221 πλοίων
646 1183 724 1220 τῶν
759 1178 842 1231 μετ’
880 1180 1091 1231 ἀρκτοῦρον
1128 1180 1170 1218 ἐκ
1205 1181 1274 1217 τοῦ
1313 1177 1470 1216 Πόντου

143 1249 314 1301 ἐγένετο.
385 1247 624 1301 ἀφικόμενος
653 1249 695 1288 δὲ
728 1248 783 1288 εἰς
817 1246 975 1297 Σηστὸν
1001 1246 1078 1298 ἐγὼ
1105 1247 1178 1297 μὲν
1203 1244 1308 1300 ᾤμην
1338 1245 1469 1285 οἴκαδε
1489 1260 1535 1285 20

144 1314 503 1361 καταπλεύσεσθαι,
534 1317 603 1355 τοῦ
637 1331 681 1355 τε
715 1314 863 1368 χρόνου
896 1330 963 1365 μοι
1001 1312 1207 1364 ἐξήκοντος
1243 1312 1306 1352 καὶ
1340 1312 1466 1352 ἐπιτε-

143 1382 488 1436 τριηραρχημένων
528 1382 601 1433 ἤδη
639 1398 708 1434 μοι
748 1384 857 1422 δυοῖν
898 1384 1039 1433 μηνοῖν
1077 1380 1138 1420 καὶ
1175 1379 1361 1432 διαδόχου
1396 1378 1470 1432 οὐχ

143 1450 308 1501 ἥκοντος
340 1450 405 1490 ἐπὶ
432 1449 504 1500 τὴν
533 1452 641 1490 ναῦν·
679 1450 699 1488 6
733 1451 775 1490 δὲ
808 1447 1031 1500 στρατηγὸς
1054 1448 1300 1499 Τιμόμαχος,
1327 1447 1468 1498 ἀφικο-

85 1538 125 1560 20
143 1516 272 1569 μένων
302 1516 351 1557 ὡς
377 1516 496 1557 αὐτὸν
519 1516 734 1569 πρέσβεων
761 1519 1006 1567 Μαρωνιτῶν
1033 1515 1095 1554 καὶ
1119 1513 1314 1565 δεομένων
1339 1513 1471 1553 αὐτοῖς
1492 1513 1622 1568 [1213]

144 1585 193 1625 τὰ
228 1588 350 1625 πλοῖα
385 1582 648 1636 παραπέμψαι
684 1585 732 1623 τὰ
774 1581 933 1635 σιτηγά,
973 1580 1217 1634 προσέταξεν
1257 1580 1350 1631 ἡμῖν
1390 1582 1472 1621 τοῖς

144 1650 395 1704 τριηράρχοις
420 1650 736 1702 ἀναδησαμένοις
761 1651 810 1690 τὰ
834 1653 955 1690 πλοῖα
981 1649 1111 1689 ἕλκειν
1137 1650 1192 1690 εἰς
1219 1647 1468 1700 Μαρώνειαν,

145 1722 270 1759 πλοῦν
295 1718 356 1759 καὶ
381 1717 508 1759 πολὺν
538 1719 600 1758 καὶ
625 1717 830 1770 πελάγιον.
904 1717 967 1756 καὶ
1000 1715 1107 1756 ταῦθ’
1141 1716 1231 1766 ὑμῖν
1265 1716 1327 1755 διὰ
1357 1716 1470 1753 τοῦτο
1491 1724 1532 1750 21

146 1785 301 1826 ἅπαντα
334 1784 585 1838 διηγησάμην
622 1784 668 1836 ἐξ
701 1785 838 1838 ἀρχῆς,
877 1785 942 1824 ἵνα
978 1785 1104 1833 εἰδῆτε
1140 1783 1218 1822 ὅσα
1261 1781 1472 1831 ἀνηλωκὼς

87 1867 124 1898 25
146 1852 261 1895 αὐτὸς
292 1852 354 1892 καὶ
385 1852 525 1904 ἡλίκης
553 1869 620 1904 μοι
650 1851 914 1905 γεγενημένης
940 1853 1006 1901 τῆς
1041 1850 1277 1906 λῃτουργίας
1302 1849 1472 1900 ὕστερον

146 1920 227 1960 ὅσα
254 1919 493 1971 ἀναλώματα
520 1921 618 1971 ὑπὲρ
647 1920 785 1959 τούτου
819 1917 1010 1969 ἀνήλωσα
1042 1919 1368 1969 ἐπιτριηραρχῶν,
1399 1914 1472 1967 οὐχ

146 1986 310 2038 ἥκοντος
338 1988 477 2027 τούτου
509 1986 573 2027 ἐπὶ
606 1985 677 2037 τὴν
709 1988 818 2032 ναῦν,
847 1985 910 2026 καὶ
941 1984 1140 2026 κινδύνους
1173 1984 1293 2024 ὅσους
1326 1982 1472 2022 ἐκινδύ-

147 2070 271 2095 νευσα
301 2053 416 2096 αὐτὸς
445 2054 543 2107 πρός
575 2070 617 2095 τε
649 2057 825 2107 χειμῶνα
862 2052 925 2092 καὶ
954 2051 1052 2103 πρὸς
1081 2051 1306 2101 πολεμίους.
1376 2049 1473 2100 μετὰ

146 2122 222 2174 γὰρ
250 2120 322 2171 τὴν
354 2120 623 2173 παραπομπὴν
655 2125 732 2160 τῶν
762 2120 913 2160 πλοίων
945 2119 1017 2169 τὴν
1051 2120 1107 2160 εἷς
1141 2117 1378 2169 Μαρώνειαν
1412 2114 1474 2155 καὶ

191 2240 210 2260 2
235 2229 346 2270 αὐτὸν]
365 2230 496 2262 αὐτόθεν
512 2229 565 2260 ve!
583 2231 680 2261 αὐτοῦ
699 2229 928 2267 Herwerden,
947 2233 979 2258 at
998 2228 1037 2258 cs.
1059 2229 1074 2265 ξ
1090 2238 1132 2266 29
1265 2237 1283 2265 4
1308 2240 1344 2258 τε
1361 2229 1474 2256 servat

148 2271 175 2304 S
190 2274 281 2304 Solus
370 2287 402 2305 τι
419 2275 495 2306 ὅσον
512 2273 535 2304 S
549 2273 580 2302 A
595 2284 602 2303 :
626 2273 746 2305 ὁπόσον
765 2272 790 2303 F
803 2273 834 2312 Q
850 2273 880 2302 D
989 2282 1007 2310 5
1032 2271 1098 2311 μοι]
1118 2273 1152 2302 δέ
1167 2284 1219 2310 μοι
1236 2270 1267 2300 Α
1357 2280 1373 2308 7
1398 2268 1475 2300 ἀπό-

148 2323 253 2349 πλουν
266 2316 299 2347 Α
423 2327 442 2358 9
466 2317 662 2358 ἀνήγγειλεν
679 2317 704 2347 S
833 2326 871 2346 12
895 2314 1018 2355 οἶκάδε]
1037 2314 1097 2346 ὧδε
1113 2315 1145 2345 Α
1268 2324 1305 2353 13
1330 2317 1434 2350 λαβον
1451 2312 1475 2342 S
1493 2338 1499 2343 .

153 2369 190 2399 17
216 2360 493 2392 καταπλεύσεσθαι
524 2361 577 2391 A:
618 2363 911 2392 καταπλευσεΐσθαι
943 2363 1020 2389 cett.
1210 2359 1249 2387 18
1270 2371 1322 2397 μοι
1353 2359 1412 2394 ἤδη
1444 2355 1476 2385 Α

149 2412 192 2433 22
215 2417 375 2446 μαρωνιαέν
391 2404 415 2434 S
431 2404 486 2435 hic
502 2409 536 2434 et
552 2403 642 2434 infra
755 2413 862 2442 23-24
887 2404 936 2434 διὰ
953 2405 1056 2434 ταῦτα
1072 2401 1197 2433 ἅπαντα
1208 2401 1298 2439 vulg.
1317 2411 1323 2430 :
1347 2410 1411 2430 om.
1429 2399 1453 2429 S
1468 2410 1475 2429 ε

149 2449 248 2479 τοῦτο
265 2457 326 2486 pro
341 2450 444 2480 ταῦτα
459 2448 580 2486 scripsi
682 2448 723 2477 26
738 2447 906 2487 ἀνήλωσα]
927 2447 1062 2484 ἐποίησα
1079 2446 1110 2475 Α
1208 2445 1249 2474 28
1273 2446 1413 2485 χειμῶνα
1431 2444 1454 2471 S
1468 2452 1477 2472 t

150 2493 309 2532 χειμῶνας
322 2491 412 2531 vulg.
476 2491 618 2522 alterum
630 2491 705 2531 πρὸς
717 2500 782 2521 om.
794 2489 827 2520 A
894 2500 936 2529 29
951 2492 1011 2528 τὴν
1024 2491 1066 2521 εἰς
1082 2488 1227 2520 Reiske:
1246 2491 1310 2519 τῶν
1321 2489 1363 2519 εἰς
1380 2485 1475 2516 codd.
