1763 2778
109 124 248 178 [1420]

118 1201 250 1256 [1421]

689 129 1175 168 ΔΗΜΟΣΘΕΝΟΎΣ

272 230 368 269 κατὰ
408 229 569 283 γνώμην
608 228 844 280 συμβαίνειν
887 229 1105 281 ἀνθρώποις
1140 228 1268 269 οὖσιν.
1339 227 1383 269 τὸ
1424 230 1466 271 δὲ
1504 228 1596 282 μηδ’

272 297 400 336 ὁτιοῦν
424 296 750 347 μεταλαμβάνειν
773 295 841 336 τὸν
861 298 997 346 δῆμον,
1025 297 1130 336 ἀλλὰ
1149 295 1238 337 τοὺς
1265 295 1596 349 ἀντιπράττοντας

272 367 475 415 περιεῖναι,
517 367 630 403 τοῦτο
685 364 746 403 καὶ
779 363 1020 413 θαυμαστόν,
1053 361 1082 403 ὦ
1112 362 1247 415 ἄνδρες
1281 362 1496 413 Ἀθηναῖοι,
1533 364 1595 404 καὶ

271 430 449 482 φοβερὸν
489 434 571 472 τοῖς
610 430 653 471 εὖ
689 433 918 482 φρονοῦσιν,
958 429 1009 471 ὡς
1046 430 1123 482 ἐγὼ
1161 431 1290 482 κρίνω.
1360 430 1384 481 ἡ
1419 432 1492 482 μὲν
1528 431 1596 471 οὖν

270 496 372 550 ἀρχὴ
398 498 544 539 παντός
568 498 679 538 ἐστιν
705 499 798 548 αὕτη
823 514 890 549 μοι
913 500 981 537 τοῦ
1004 497 1139 550 λόγου.

921 650 951 687 Γ

340 730 450 772 Ἀντὶ
465 735 628 772 πολλῶν
645 731 703 777 ἄν,
723 729 752 772 ὦ
769 730 906 784 ἄνδρες
922 730 1139 782 Ἀθηναῖοι,
1156 730 1369 784 χρημάτων
1384 730 1429 771 τὸ
1443 730 1595 783 μέλλον

273 799 476 838 συνοίσειν
498 800 589 849 ὑμῖν
621 798 710 851 περὶ
739 799 793 839 ὧν
831 798 915 839 νυνὶ
951 798 1168 851 τυγχάνετε
1206 802 1458 845 σκοποῦντες,
1484 797 1595 849 οἶμαι

270 864 420 907 πάντας
457 864 506 906 ἂν
541 866 640 916 ὑμᾶς
678 865 857 906 ἑλέσθαι.
928 867 991 906 ὅτε
1034 866 1167 907 τοίνυν
1195 865 1302 905 τοῦθ’
1337 866 1460 907 οὕτως
1497 866 1593 918 ἔχει,

271 932 460 984 προσήκει
501 932 690 986 παρέχειν
736 931 946 975 ἐθέλοντας
991 933 1147 974 ἀκούειν
1192 933 1292 984 ὑμᾶς
1334 932 1472 975 αὐτοὺς
1517 935 1597 972 τῶν

270 999 529 1051 βουλομένων
571 999 875 1051 συμβουλεύειν·
913 999 958 1042 οὗ
994 1002 1072 1052 γὰρ
1110 1000 1231 1052 μόνον
1265 1001 1368 1040 εἴτι
1398 998 1597 1052 χρήσιμον

270 1066 511 1118 ἐσκεμμένος
547 1067 633 1118 ἥκει
667 1084 738 1114 τις,
771 1067 877 1107 τοῦτ’
910 1067 958 1107 ἂν
998 1066 1238 1109 ἀκούσαντες
1278 1066 1459 1118 λάβοιτε,
1490 1067 1596 1106 ἀλλὰ

272 1134 334 1175 καὶ
356 1136 425 1185 τῆς
448 1133 638 1186 ὑμετέρας
661 1135 784 1187 τύχης
802 1133 1075 1185 ὑπολαμβάνω
1100 1136 1235 1174 πολλὰ
1259 1138 1336 1174 τῶν
1361 1134 1528 1174 δεόντων
1554 1134 1596 1173 ἐκ

270 1204 337 1241 τοῦ
361 1201 584 1254 παραχρῆμ’
611 1202 728 1243 ἐνίοις
759 1203 943 1242 ἐπελθεῖν
976 1201 1025 1242 ἂν
1058 1202 1195 1247 εἰπεῖν,
1222 1200 1319 1241 ὥστ’
1345 1200 1390 1251 ἐξ
1412 1200 1596 1242 ἁπάντων

269 1269 406 1323 ῥᾳδίαν
430 1268 501 1319 τὴν
525 1272 595 1309 τοῦ
620 1268 897 1322 συμφέροντος
922 1270 1013 1320 ὑμῖν
1038 1269 1191 1322 αἵρεσιν
1217 1267 1417 1321 γενέσθαι.

921 1425 955 1460 Δ

331 1503 490 1549 ’Έστιν,
534 1501 564 1544 ὦ
602 1503 739 1556 ἄνδρες
773 1503 988 1555 Ἀθηναῖοι,
1029 1505 1190 1550 δίκαιον,
1230 1502 1364 1554 ἐπειδὴ
1398 1502 1466 1556 ἐφ’
1505 1504 1596 1554 ὑμῖν

272 1572 381 1612 ἐστιν
411 1570 579 1612 ἑλέσθαι
607 1575 684 1611 τῶν
712 1570 910 1623 ῥηθέντων
942 1573 964 1611 ὅ
995 1589 1032 1612 τι
1068 1572 1116 1612 ἂν
1151 1571 1372 1622 βούλησθε,
1411 1570 1597 1611 ἁπάντων

272 1639 450 1678 ἀκοῦσαι.
521 1639 583 1678 καὶ
607 1641 683 1690 γὰρ
706 1638 900 1680 πολλάκις
926 1639 1140 1690 συμβαίνει
1163 1639 1232 1679 τὸν
1256 1637 1374 1678 αὐτὸν
1390 1636 1596 1689 ἄνθρωπον

271 1708 385 1746 τοῦτο
409 1707 481 1756 μὲν
505 1705 557 1756 μὴ
581 1705 715 1758 λέγειν
745 1706 880 1757 ὀρθῶς,
914 1706 1048 1758 ἕτερον
1080 1705 1122 1746 δέ
1158 1722 1208 1745 τι·
1246 1707 1287 1745 ἐκ
1308 1706 1395 1756 μὲν
1431 1705 1499 1745 οῦν
1529 1708 1598 1744 τοῦ

272 1775 457 1824 θορυβεῖν
472 1772 561 1825 τάχ’
578 1771 626 1813 ἂν
640 1772 956 1825 δυσχεράναντες
972 1777 1135 1814 πολλῶν
1150 1772 1357 1826 χρησίμων
1375 1772 1594 1823 ἀποστερη-

272 1840 413 1889 θείητε,
442 1841 483 1879 ἐκ
517 1842 559 1880 δὲ
593 1842 662 1879 τοῦ
695 1838 794 1891 μετὰ
834 1841 982 1892 κόσμου
1011 1840 1073 1881 καὶ
1108 1842 1225 1892 σιγῆς
1262 1840 1429 1879 ἀκοῦσαι
1459 1838 1596 1878 καὶτὰ

272 1910 400 1947 καλῶς
424 1906 558 1959 ἔχονθ’
584 1906 738 1947 ἅπαντα
765 1907 965 1958 ποιήσετε,
996 1907 1067 1948 κᾶν
1101 1910 1194 1964 δοκῇ
1219 1923 1277 1949 τις
1309 1903 1594 1959 [παρα]ληρεῖν,

271 1974 555 2026 παραλείψετε.
627 1975 704 2027 ἐγὼ
739 1977 812 2026 μὲν
847 1975 915 2015 οῦν
948 1974 1028 2015 οὔτ’
1059 1976 1177 2015 εἴωθα
1208 1976 1486 2026 μακρολογεῖν,
1518 1971 1596 2013 οὔτ’

316 2094 336 2124 4
358 2085 421 2124 ἐγὼ
439 2083 569 2123 SYQ:
608 2085 658 2116 καὶ
700 2086 763 2125 ἐγὼ
797 2085 842 2116 F:
884 2086 1020 2126 ἔγωγεῐ·
1158 2086 1179 2115 6
1204 2084 1240 2125 Γ]
1274 2082 1307 2115 E‘
1339 2083 1501 2113 exhibent
1533 2082 1596 2113 SF

273 2138 291 2167 7
316 2129 354 2159 ἂν
386 2139 449 2159 om.
487 2128 555 2166 FQ
646 2133 722 2168 post
752 2129 928 2170 χρημάτων
958 2129 1032 2160 add.
1066 2130 1093 2161 εἷ
1119 2128 1254 2170 φάνερον
1277 2127 1402 2167 ’γένοιτο
1434 2126 1559 2157 rFeti
1583 2137 1593 2156 1

274 2181 414 2202 omnes:
438 2182 503 2202 orn.
523 2172 576 2202 hic
596 2171 703 2211 SYQ
764 2174 784 2202 8
809 2175 880 2212 ὑμῖν
897 2171 1160 2214 5ῩΓΟῼγρ.;
1184 2182 1248 2202 om.
1269 2170 1359 2209 FQ:
1385 2173 1426 2212 τῇ
1441 2170 1533 2202 πόλει
1551 2175 1560 2200 i
1583 2179 1594 2200 1

275 2216 338 2247 νυνὶ
355 2226 419 2246 om.
439 2215 463 2245 F
477 2215 517 2253 Q¹
597 2227 617 2255 9
641 2217 679 2247 ἂν
697 2215 720 2246 S
732 2216 761 2246 Y
774 2227 789 2246 1·
805 2227 812 2246 ε
837 2227 900 2246 om.
919 2222 998 2247 cett.
1072 2225 1109 2246 10
1125 2216 1278 2256 παρέχειν
1294 2214 1325 2244 Y
1343 2226 1349 2244 :
1373 2214 1549 2255 προσέχειν
1562 2223 1597 2244 r:

275 2259 363 2300 ἔχειν
380 2264 459 2290 cett.
608 2269 644 2297 14
669 2260 706 2291 ἄν
726 2262 871 2291 ἐπελθεῖν
890 2260 918 2289 D
935 2264 968 2290 et
986 2261 993 2289 i
1016 2270 1027 2288 1
1049 2269 1168 2290 omnes
1318 2268 1354 2297 ¹5
1380 2257 1528 2299 ’γενέσθαι
1546 2256 1596 2286 rF

276 2306 344 2342 (me
361 2303 462 2341 testej
480 2302 537 2333 eti
560 2313 570 2332 1
593 2313 732 2334 omnes:
755 2305 925 2343 γίγνεσθαι
935 2304 1024 2341 vulg.
1119 2304 1158 2333 16
1182 2309 1209 2334 Δ
1227 2312 1292 2332 om.
1313 2301 1372 2331 SF
1465 2311 1501 2339 17
1528 2301 1598 2332 ἔστι

276 2345 309 2376 δὲ
335 2347 446 2382 codd.,
470 2346 504 2377 δὲ
530 2346 594 2376 del.
623 2346 721 2376 Wolf
849 2357 886 2376 21
915 2346 1184 2387 δυσχαιροίναντες
1209 2346 1233 2375 S
1359 2354 1400 2382 23
1425 2346 1502 2385 δοκῇ
1532 2343 1597 2384 τις]

276 2390 396 2431 δοκήσῃ
429 2389 459 2428 Q
473 2403 522 2430 γρ.
613 2393 721 2430 ληρεῖν
753 2389 845 2431 Ωγρ.
882 2390 1049 2428 (Dobree)
1066 2401 1073 2420 :
1110 2391 1303 2430 παραληρεῖν
1333 2394 1424 2424 cett..
1459 2388 1597 2417 verbum

277 2443 440 2472 nusquam
456 2434 543 2473 apud
563 2433 830 2464 Demosthenem
849 2439 1044 2472 usurpatum
1147 2443 1187 2470 24
1214 2434 1294 2472 ἐγὼ]
1315 2431 1355 2462 5¹
1376 2431 1428 2462 hic
1445 2431 1552 2463 adscr.
1574 2430 1598 2460 S

1620 949 1657 971 10

1620 1284 1657 1317 15

1619 1719 1658 1741 20
