1763 2778
175 124 254 180 un]
506 128 665 166 ΠΡΟΣ
713 128 1155 166 ΝΙΚΟΣΤΡΑΤΟΝ
1522 127 1650 183 [1251]

176 229 284 269 δίκας
313 227 359 271 ἃς
389 225 567 280 εἰλήχειν
599 227 742 273 αὐτοῖς,
774 226 1014 266 ἐνδεικνύναι
1045 243 1094 277 με
1120 225 1170 268 ὡς
1201 226 1421 279 ὀφείλοντα
1445 229 1496 279 τῷ

175 295 351 349 δημοσίῳ
384 295 446 335 καὶ
476 293 698 346 ἐμβάλλειν
732 294 786 335 εἷς
811 293 856 334 τὸ
888 292 1168 345 δεσμωτήριον.
1240 293 1298 334 ἔτι
1325 295 1366 334 δὲ
1404 292 1499 344 πρὸς
1522 308 1560 344 15

175 363 324 404 τούτοις
359 362 379 401 ὁ
411 358 694 415 [Ἀρεθούσιος]
727 361 1022 413 ἀπρόσκλητόν·
1034 378 1109 412 μου
1144 357 1382 412 (ἑξακοσίων
1420 357 1500 411 καὶ>

175 428 268 470 δέκα
292 431 476 483 δραχμῶν
496 430 606 479 δίκην
626 427 987 479 καταδικασάμενος
1006 424 1087 479 (καὶ
1106 424 1285 480 ψευδεῖς)
1304 429 1499 478 κλητῆρας

136 511 154 543 5
175 495 510 548 ἐπιγραψάμενος,
540 492 629 548 [καὶ]
656 496 851 536 εἰσελθὼν
877 496 930 536 εἰς
954 494 1025 544 τὴν
1052 496 1177 535 οἰκίαν
1202 495 1276 548 βία
1299 495 1347 534 τὰ
1376 494 1496 544 σκεύη

174 562 302 604 πάντα
341 562 600 616 ἐξεφόρησεν,
644 561 767 603 πλέον
802 558 825 612 ἦ
865 563 993 602 εἴκοσι
1030 565 1137 613 μνῶν
1177 560 1279 612 ἄξια,
1319 561 1382 602 καὶ
1414 560 1497 602 οὐδ’

174 630 305 671 ὁτιοῦν
346 628 570 670 κατέλιπεν.
640 630 705 670 ὅτε
747 631 790 670 δὲ
836 632 1090 681 τιμωρεῖσθαι
1139 627 1247 683 ᾤμην
1292 631 1386 675 δεῖν,
1435 627 1497 668 καὶ

174 698 354 739 ἐκτείσας
391 700 444 752 τῷ
487 698 661 751 δημοσίῳ
703 696 748 737 τὸ
789 697 967 748 ὄφλημα,
1012 695 1142 746 ἐπειδὴ
1187 696 1386 747 ἐπυθόμην
1426 694 1498 745 τὴν

171 763 405 817 ἐπιβουλήν,
432 763 618 816 ἐβάδιζον
652 764 715 804 ἐπὶ
740 763 807 803 τὸν
839 766 1012 816 κλητῆρα
1041 766 1109 803 τόν
1139 764 1410 816 ὁμολογοῦντα
1436 780 1495 803 κε-

116 848 154 871 10
174 830 441 882 κλητευκέναι,
470 831 540 873 τὸν
569 831 839 884 Ἀρεθούσιον,
867 833 935 881 τῆς
963 831 1276 884 ψευδοκλητείας
1301 831 1398 870 κατὰ
1429 829 1498 870 τὸν

173 899 307 950 νόμον,
346 899 478 941 ἐλθὼν
509 900 565 942 εἷς
600 898 645 939 τὸ
680 900 828 952 χωρίον
864 900 932 948 τῆς
968 898 1117 943 νυκτός,
1156 899 1234 937 ὅσα
1270 899 1360 947 ἐνῆν
1393 898 1498 950 φυτὰ

172 966 396 1019 ἀκροδρύων
440 970 602 1020 γενναῖα
650 965 937 1017 ἐμβεβλημένα
987 965 1048 1005 καὶ
1095 963 1164 1006 τὰς
1212 963 1498 1016 ἀναδενδράδας

173 1032 355 1087 ἐξέκοψε,
396 1034 458 1074 καὶ
494 1032 733 1087 φυτευτήρια
769 1035 898 1074 ἐλαῶν
935 1033 1203 1085 περιστοίχων
1239 1032 1495 1078 κατέκλασεν,

172 1101 295 1143 οὕτως
331 1104 465 1144 δεινῶς
502 1101 553 1143 ὡς
589 1100 669 1142 οὐδ’
705 1100 754 1142 ἀν
789 1102 826 1141 οἱ
862 1099 1047 1151 πολέμιοι
1077 1102 1258 1140 διαθεῖεν.
1331 1101 1427 1151 πρὸς
1455 1100 1496 1139 δὲ
1521 1104 1562 1139 16

116 1180 152 1212 15
173 1168 322 1209 τούτοις
351 1168 436 1220 μεθ’
468 1167 618 1221 ἡμέραν
647 1167 852 1221 παιδάριον
882 1167 1008 1209 ἀστὸν
1042 1166 1337 1219 εἰσπέμψαντες
1368 1168 1429 1206 διὰ
1453 1165 1498 1206 τὸ

173 1236 346 1288 γείτονες
371 1236 472 1276 εἶναι
497 1237 558 1276 καὶ
583 1237 727 1288 ὅμορον
751 1234 796 1275 τὸ
820 1235 979 1288 χωρίον,
1006 1234 1189 1275 ἐκέλευον
1214 1233 1284 1284 τὴν
1308 1234 1499 1286 ῥοδωνιὰν

173 1302 488 1355 βλαστάνουσαν
531 1304 742 1349 ἐκτίλλειν,
782 1303 858 1348 ἵνα,
897 1303 931 1343 εἰ
974 1301 1215 1352 καταλαβὼν
1256 1300 1372 1341 αὐτὸν
1421 1301 1498 1352 ἐγὼ

173 1368 336 1422 δήσαιμι
361 1367 384 1422 ἢ
411 1369 617 1421 κατάξαιμι
644 1370 694 1412 ὡς
720 1373 863 1410 δοῦλον
889 1371 996 1416 ὄντα,
1023 1367 1184 1421 γραφήν
1208 1385 1256 1420 με
1275 1367 1497 1421 γράψαιντο
1520 1366 1654 1420 [1252]

171 1438 338 1490 ὕβρεως.
408 1437 459 1480 ὡς
495 1439 536 1478 δὲ
573 1437 712 1477 τούτου
742 1435 966 1489 διήμαρτον,
998 1436 1060 1476 καὶ
1091 1436 1167 1488 ἐγὼ
1195 1435 1391 1488 μάρτυρας
1425 1437 1498 1485 μὲν

114 1518 154 1541 20
173 1505 228 1545 ὧν
263 1505 445 1558 ἔπασχον
482 1505 706 1556 ἐποιούμην,
746 1503 860 1545 αὐτὸς
902 1505 944 1544 δὲ
985 1502 1098 1544 οὐδὲν
1140 1502 1408 1554 ἐξημάρτανον
1444 1503 1498 1543 εἰς

173 1572 324 1619 αὐτούς,
352 1573 518 1613 ἐνταῦθα
549 1571 620 1623 ἤδη
645 1588 712 1623 μοι
746 1571 1056 1621 ἐπιβουλεύουσι
1084 1570 1156 1620 τὴν
1189 1569 1383 1622 μεγίστην
1416 1569 1498 1609 ἐπι-

172 1637 340 1691 βουλήν·
378 1638 683 1692 ἀνακεκριμένου
719 1640 795 1690 γὰρ
831 1637 903 1690 ἤδη
939 1655 1015 1689 μου
1053 1637 1135 1678 κατ’
1172 1637 1289 1677 αὐτοῦ
1324 1635 1395 1687 τὴν
1430 1638 1499 1687 τῆς
1522 1648 1563 1685 17

172 1707 483 1759 ψευδοκλητείας
511 1705 672 1759 γραφὴν
702 1704 764 1745 καὶ
793 1704 1013 1757 μέλλοντος
1045 1703 1211 1745 εἰσιέναι
1243 1705 1297 1746 εἷς
1321 1703 1365 1744 τὸ
1390 1706 1494 1743 δικα-

175 1772 349 1825 στήριον,
370 1772 545 1827 τηρήσας
563 1790 611 1825 με
628 1773 790 1813 ἀνιόντα
815 1773 857 1812 ἐκ
880 1776 1073 1824 Πειραιῶς
1094 1773 1173 1824 ὀψὲ
1192 1771 1280 1824 περὶ
1299 1771 1367 1813 τὰς
1388 1773 1496 1810 λιθο-

116 1850 152 1884 25
173 1841 310 1891 τομίας
334 1842 440 1881 παίει
463 1857 507 1881 τε
532 1837 611 1889 πὺξ
634 1840 695 1880 καὶ
720 1838 883 1891 ἁρπάζει
907 1839 1032 1890 μέσον
1058 1839 1121 1879 καὶ
1146 1839 1259 1879 ἐώθει
1276 1855 1325 1890 με
1351 1839 1404 1879 εἰς
1428 1836 1499 1880 τὰς

172 1908 414 1959 λιθοτομίας,
435 1908 468 1948 εἰ
486 1905 539 1959 μή
557 1923 660 1949 τινες
679 1906 926 1959 προσιόντες,
945 1906 1126 1958 βοῶντός
1150 1923 1223 1957 μου
1245 1906 1497 1954 ἀκούσαντες,

223 2027 238 2047 1
263 2017 304 2049 ὡς
322 2026 387 2048 om.
412 2016 436 2046 S
592 2025 652 2046 1—2
677 2016 717 2047 ὡς
734 2040 741 2046 .
760 2038 792 2046 ..
819 2017 959 2056 δημοσίῳ
984 2015 1049 2046 huc
1076 2021 1205 2055 transp.
1231 2016 1393 2055 Sauppe:
1424 2018 1500 2054 post

171 2059 463 2099 καταδικασάμενος
482 2058 531 2100 (4)
551 2059 646 2090 codd.
795 2068 815 2097 3
840 2062 857 2091 ὁ
876 2059 1074 2097 Ἀρεθούσιος
1090 2059 1156 2091 del.
1175 2059 1311 2099 Sauppe
1327 2070 1333 2089 t
1358 2062 1374 2091 ὁ
1390 2063 1501 2089 servat

173 2103 271 2134 Blass
287 2103 364 2135 coll.
383 2103 476 2133 xxvii
491 2112 533 2142 54
623 2103 794 2142 ἑξακοσίων
810 2104 860 2134 καὶ
878 2102 954 2133 add.
975 2102 1129 2134 Plattner
1267 2114 1286 2141 4
1311 2104 1360 2134 καὶ
1378 2105 1501 2143 ψευδεῖς

171 2148 247 2179 add.
266 2146 394 2177 Reiske
553 2155 572 2184 5
597 2147 648 2179 καὶ
666 2146 730 2176 del.
750 2146 886 2185 Lipsius
1048 2148 1069 2176 6
1093 2146 1193 2178 πλέον
1210 2146 1234 2177 S
1250 2158 1256 2177 :
1281 2149 1392 2178 πλεῖον
1408 2145 1501 2183 vulg.

171 2191 192 2220 8
217 2191 348 2223 ἐκτίσας
365 2190 390 2221 S
406 2189 448 2220 al.
466 2200 474 2221 ς
499 2191 622 2222 ἐκτῖσαι
638 2189 670 2220 Α
777 2200 799 2228 9
826 2191 983 2228 ἐπιβολὴν
1001 2190 1140 2228 Reiske,
1157 2191 1216 2220 sed
1235 2191 1274 2220 cf.
1299 2193 1314 2228 ξ
1331 2192 1368 2220 16
1384 2189 1426 2219 ad
1445 2189 1500 2219 fin.

173 2235 224 2266 καὶ
242 2233 388 2273 ἐβάδιζον
400 2233 430 2263 Α
531 2244 571 2263 10
596 2233 653 2265 τὸν
667 2232 732 2273 Ἀ.]
750 2232 838 2265 τόνδ’
855 2235 901 2265 Ἀ.
920 2233 945 2264 S
957 2233 986 2271 Q
1002 2245 1009 2264 z
1033 2234 1090 2265 τὸν
1108 2236 1134 2264 δ’
1153 2232 1187 2265 'A
1206 2236 1235 2265 D
1346 2242 1381 2263 11
1409 2232 1499 2270 ἐνῆνῖ

173 2277 212 2315 ἣν
224 2277 255 2306 Α
348 2287 385 2307 12
402 2277 556 2317 γενναίων
571 2275 603 2306 Α
695 2287 733 2316 13
751 2278 854 2308 ἐλαῶν
870 2276 901 2306 Α
916 2289 922 2307 :
950 2280 1066 2309 ἐλαιῶν
1082 2281 1162 2307 cett.
1262 2289 1466 2318 περιστοχων
1477 2275 1501 2305 S

177 2321 216 2350 16
239 2320 316 2352 εἶναι
334 2319 424 2351 SA:
446 2334 482 2352 τε
499 2321 578 2352 εἶναι
595 2320 685 2358 vulg.
847 2321 884 2350 18
909 2325 988 2350 ante
1007 2320 1137 2360 δήσαιμι
1154 2321 1228 2351 add.
1248 2322 1324 2361 πρὸς
1348 2321 1447 2361 ὀργὴν
1471 2319 1501 2349 Α

177 2373 217 2403 19
248 2366 346 2395 τοῦτο
371 2363 396 2394 S
529 2374 567 2393 21
601 2365 662 2402 ’ἤδη
687 2362 793 2402 SFQ
810 2363 861 2393 D:
887 2364 924 2401 δὴ
948 2363 979 2393 Α
1079 2374 1120 2401 24
1145 2364 1273 2396 ἀνιόντα
1288 2364 1341 2394 A:
1366 2363 1502 2394 ἀπιόντα

174 2410 252 2440 cett.
343 2408 411 2446 περὶ
429 2406 518 2446 vulg.
535 2417 543 2438 t
570 2408 620 2438 καὶ
637 2408 706 2448 περὶ
725 2407 749 2437 S
895 2416 936 2445 25
960 2407 1011 2447 τε]
1031 2421 1068 2446 με
1086 2407 1117 2436 Α
1258 2421 1297 2447 με
1314 2407 1414 2447 μέσον
1431 2406 1455 2436 S
1471 2404 1501 2434 D

174 2451 225 2482 καὶ
242 2450 328 2482 ἐώθει
347 2450 482 2481 Bekker
499 2461 507 2481 :
534 2452 583 2482 καὶ
602 2450 676 2482 ὠθεῖ
688 2450 784 2481 codd.
804 2461 810 2480 ;
834 2451 892 2482 κᾶν
910 2450 996 2481 ἐώθει
1014 2450 1179 2489 Hirschig
