1763 2778
173 131 250 186 m]
474 137 634 174 ΚΑΤΑ
685 137 1188 175 ΔΙΟΝΎΣΟΔΩΡΟΎ
1522 136 1658 191 [1288]

172 235 286 281 εἶναι,
314 235 349 275 εἷ
367 234 706 286 ὑπολαμβάνομεν
731 235 849 275 αὐτὸν
875 237 996 277 οὕτως
1021 237 1244 288 ἀλογίστως
1271 237 1378 289 ἔχειν
1404 237 1500 277 ὥστ’

173 303 238 342 ἐπὶ
263 301 464 352 διαιτητὴν
487 303 679 353 βαδίζειν,
719 301 918 354 προδήλου
954 305 1066 344 ὄντος
1103 304 1162 343 ὅτι
1201 305 1498 356 καταγνώσεται

173 369 291 409 αὐτοῦ
315 369 526 409 ἀποτεῖσαι
551 371 598 408 τὰ
623 368 817 422 χρήματα,
846 369 936 420 ἐξὸν
960 369 1062 424 αὐτῷ
1088 371 1151 410 ἐπὶ
1176 370 1219 410 τὸ
1245 371 1499 424 δικαστήριον

171 435 280 486 ἥκειν
306 434 479 487 φέροντα
503 435 547 475 τὸ
573 436 769 489 ἀργύριον,
791 435 858 476 εἶτ’
885 438 954 477 ἐὰν
978 439 1050 488 μὲν
1076 438 1348 489 δύνηταιὺμῖις
1374 456 1496 491 παρα-

134 518 151 549 5
173 502 431 554 κρούσασθαι,
458 501 614 543 ἀπιέναι
634 502 849 555 τάλλότρια
875 503 1033 557 ἔχοντα,
1062 505 1095 545 εἰ
1120 507 1162 545 δὲ
1194 504 1260 555 μή,
1287 510 1499 556 τηνικαῦτα

171 572 395 610 καταθεῖναι
427 570 475 609 τὰ
513 568 707 623 χρήματα,
750 570 800 612 ὡς
831 567 918 622 (ἂν)
953 570 1158 623 ἄνθρωπος
1194 572 1238 612 οὗ
1274 576 1326 627 τῷ
1364 574 1497 630 δικαίῳ

170 637 379 683 πιστεύων,
406 637 514 676 ἀλλὰ
537 636 742 689 διάπειραν
765 638 873 688 ὑμῶν
897 638 1122 689 λαμβάνειν
1146 640 1408 690 βουλόμενος.
1642 679 1655 684 ἢ

234 706 297 745 Τὰ
330 705 404 756 μὲν
439 704 570 745 τοίνυν
605 704 864 757 πεπραγμένα
902 707 1188 761 Διονυσοδώρῳ
1225 707 1429 757 ἀκηκόατε,
1469 706 1497 748 ὦ
1520 678 1656 780 {192891

170 770 306 824 ἄνδρες
331 772 526 812 δικασταί·
563 773 694 823 οἴομαι
719 771 751 811 δ’
775 772 874 823 ὑμᾶς
901 772 1110 824 θαυμάζειν
1135 774 1348 817 ἀκούοντας
1373 775 1496 817 πάλαι

112 856 149 877 10
168 838 240 889 τὴν
264 839 417 890 τόλμαι·
441 838 570 885 αὐτοῦ,
598 840 661 880 καὶ
685 843 739 894 τῷ
763 855 859 880 ποτε
884 840 1084 880 πιστεύων
1101 840 1361 891 εἰσελήλυθεν
1379 844 1496 895 δευρί.

168 910 252 948 πῶς
275 907 350 958 γὰρ
376 905 420 945 οὐ
444 907 655 958 τολμηρόν,
687 907 724 947 εἴ
751 923 808 949 τις
845 906 1051 959 ἄνθρωπος
1083 908 1368 959 δανεισάμενος
1398 909 1495 963 χρή-

167 990 271 1024 ματα
296 974 338 1013 ἐκ
362 976 430 1013 τοῦ
455 974 641 1026 ἐμπορίου
666 977 733 1013 τοῦ
748 973 983 1024 Ἀθηναίων,
1005 974 1067 1014 καὶ
1083 976 1323 1028 συγγραφὴν
1339 976 1494 1030 διαρρή-
1516 994 1562 1019 20

168 1043 241 1091 δην
264 1039 521 1093 γραψάμενος
546 1040 611 1093 ἐφ’
638 1039 666 1096 ᾦ
688 1058 731 1082 τε
753 1045 969 1082 καταπλεῖν
994 1041 1064 1092 τὴν
1091 1045 1184 1083 ναῦν
1205 1044 1259 1085 εἷς
1284 1043 1328 1083 τὸ
1358 1044 1493 1094 ὑμέτε-

166 1124 236 1160 ρον
274 1108 472 1159 ἐμπόριον,
505 1109 539 1149 εἰ
569 1110 610 1148 δὲ
645 1107 711 1159 μή,
751 1109 953 1149 ἀποτίνειν
989 1108 1184 1149 διπλάσια
1219 1112 1267 1150 τὰ
1300 1110 1493 1163 χρήματα,

111 1193 146 1225 ¹5
165 1173 264 1226 μήτε
288 1174 358 1224 τὴν
383 1179 476 1215 ναῦν
502 1176 806 1226 κατακεκόμικεν
831 1177 885 1217 εἰς
910 1175 978 1216 τὸν
1005 1179 1172 1229 Πειραιᾶ
1204 1176 1301 1228 μήτε
1327 1180 1373 1217 τῖι
1398 1177 1494 1231 χρή-

165 1258 272 1293 ματα
294 1243 510 1282 ἀποδίδωσι
529 1246 611 1285 τοῖς
630 1244 877 1289 δανείσασιν,
898 1244 965 1284 τόν
990 1260 1031 1284 τε
1057 1247 1169 1285 σῖτον
1195 1244 1429 1296 ἐξελόμενος
1453 1247 1498 1287 ἐν

166 1307 286 1364 Ῥόδῳ
326 1308 504 1355 ἀπέδοτο,
549 1311 611 1350 καὶ
659 1313 780 1350 ταῦτα
827 1310 1168 1363 διαπεπραγμένος
1214 1314 1336 1363 μηδὲν
1377 1312 1497 1363 ἦττον

167 1376 296 1431 τολμᾷ
318 1375 490 1428 βλέπειν
515 1378 570 1419 εἰς
595 1378 643 1417 τὰ
666 1376 834 1430 ὑμέτερα
871 1379 1085 1430 πρόσωπα,·
1121 1379 1145 1418 ‘d
1174 1378 1219 1429 δὴ
1250 1378 1361 1432 λέγει
1398 1380 1494 1432 πρὸς
1516 1398 1556 1423 21

167 1447 287 1483 ταῦτα
323 1443 530 1485 ἀκούσατε.
601 1445 706 1498 φησὶ
742 1447 818 1498 γὰρ
841 1445 913 1495 τὴν
939 1449 1033 1486 ναῦν
1062 1445 1268 1487 πλέουσαν
1300 1444 1346 1496 ἐξ
1373 1448 1492 1500 Αἰγύ-

108 1527 148 1549 20
167 1527 264 1550 πτου
279 1511 461 1564 ῥαγῆναι,
481 1510 543 1551 καὶ
562 1512 627 1552 διὰ
641 1515 762 1552 ταῦτα
782 1513 1083 1564 ἀναγκασθῆναι
1108 1513 1170 1553 καὶ
1195 1518 1419 1567 προσσχεῖν
1439 1516 1494 1557 εἷς

165 1576 237 1628 τὴν
255 1576 391 1618 Ῥόδον
416 1579 526 1618 κάκεῖ
548 1578 758 1630 ἐξελέσθαι
784 1579 851 1620 τὸν
871 1583 998 1621 σῖτον.
1047 1580 1109 1621 καὶ
1134 1580 1270 1621 τούτου
1286 1581 1494 1634 τεκμήριον

165 1643 291 1697 λέγει,
317 1644 368 1686 ὡς
393 1644 468 1698 ἄρα
503 1646 546 1686 ἐκ
580 1647 649 1697 τῆς
685 1645 821 1687 Ῥόδου
855 1647 1104 1698 μισθώσαιτο
1134 1651 1255 1688 πλοῖα
1287 1649 1348 1689 καὶ
1382 1652 1494 1701 δεῦρο

166 1712 421 1754 ἀποστείλειε
443 1717 523 1754 τῶν
545 1712 758 1767 χρημάτων
784 1715 879 1755 ἔνια.
952 1714 993 1755 ἓν
1017 1717 1089 1766 μὲν
1114 1715 1229 1754 τοῦτό
1253 1717 1363 1756 ἐστιν
1392 1716 1493 1770 αὐτῷ

164 1778 281 1831 μέρος
305 1782 374 1830 τῆς
398 1781 629 1833 ἀπολογίας,
657 1782 837 1834 δεύτερον
862 1781 894 1822 δ’
923 1783 1063 1823 ἐκεῖνο·
1101 1783 1205 1835 φησι
1238 1785 1313 1835 γὰρ
1339 1782 1494 1835 ἑτέρους
1513 1802 1557 1828 22

107 1863 144 1894 25
165 1848 274 1888 τινὰς
297 1849 507 1890 δανειστὰς
532 1848 877 1901 συγκεχωρηκέναι
903 1850 1004 1904 αὐτῷ
1030 1849 1120 1892 τοὺς
1153 1850 1290 1891 τόκους
1318 1850 1409 1892 τοὺς
1439 1852 1494 1892 εἷς

164 1912 315 1954 Ῥόδον·
365 1914 495 1956 δεινὸν
541 1915 622 1962 οὗν,
672 1917 705 1957 εἰ
750 1916 863 1967 ἡμεῖς
910 1916 962 1967 μὴ
1013 1915 1330 1970 συγχωρήσομεν
1372 1917 1494 1958 ταύτὰ

165 1981 341 2024 ἐκείνοις.
415 1983 548 2035 τρίτον
585 1981 684 2035 πρὸς
720 1983 875 2025 τούτοις
915 1983 988 2034 τὴν
1032 1984 1273 2037 συγγραφὴν
1317 1985 1492 2025 κελεύειν

166 2048 292 2100 φησὶν
312 2047 428 2089 αὑτὸν
454 2051 653 2100 σωθείσης
678 2052 747 2101 τῆς
773 2051 869 2093 νεὼς
895 2051 1108 2091 ἀποδοῦναι
1133 2050 1181 2090 τὰ
1207 2050 1402 2105 χρήματα,
1421 2051 1492 2102 τὴν

212 2166 226 2186 1
253 2158 350 2189 οὕτως
369 2157 393 2188 S
406 2157 430 2188 F
441 2157 472 2197 Q
484 2158 513 2188 D
529 2169 536 2189 :
561 2161 641 2191 οὕτω
655 2162 819 2192 παντελῶς
834 2158 867 2189 Α
933 2161 954 2191 6
971 2161 1009 2192 ἂν
1025 2160 1101 2192 add.
1122 2159 1257 2191 Dobree
1325 2171 1345 2200 9
1362 2160 1444 2200 οἶμαι
1460 2159 1493 2190 Α

165 2200 336 2233 ἀκούοντας
347 2201 514 2242 θαυμάζειν
525 2201 557 2231 Α
623 2203 722 2235 πάλαι
734 2208 813 2243 post
826 2205 924 2235 αὐτοῦ
938 2204 1033 2244 ponit
1044 2203 1075 2233 A
1191 2214 1230 2234 10
1248 2205 1344 2236 αὐτοῦ
1357 2215 1423 2235 orn.
1440 2203 1489 2243 Sl,

163 2244 238 2275 add.
258 2244 291 2274 in
309 2255 373 2283 mg.
392 2255 434 2276 m.
453 2251 521 2276 ant.
632 2256 669 2284 14
695 2247 873 2279 ἀποτείνειν
892 2247 915 2277 S
932 2252 967 2277 ut
982 2247 1118 2286 saepius
1136 2247 1222 2277 infra
1330 2249 1431 2286 16-17
1449 2249 1492 2279 εἷς

164 2286 272 2319 Ῥόδον
283 2287 314 2316 Α
407 2299 443 2328 17
460 2288 599 2329 μηδὲνΑ
614 2301 620 2321 :
647 2291 736 2322 οὐδὲν
750 2290 774 2320 S
786 2291 874 2330 vulg.
965 2301 1008 2321 20
1024 2292 1074 2322 καὶ
1092 2297 1171 2321 ante
1189 2294 1367 2332 προσσχεῖν
1384 2302 1447 2321 om.
1460 2290 1492 2319 A

164 2334 344 2371 προσσχεῖν
366 2330 407 2370 Α,
435 2333 476 2363 cs.
505 2335 520 2369 ξ
547 2343 591 2371 9:
617 2337 774 2375 προσχεῖν
799 2333 848 2364 S:
880 2334 1054 2375 προσέχειν
1080 2333 1192 2372 FQD
1340 2344 1381 2372 23
1408 2334 1491 2374 ἔνια]

165 2374 256 2405 ἕνεκα
272 2374 305 2403 Α
403 2377 445 2405 26
469 2377 558 2415 ἡμεῖς
573 2377 632 2417 μὴ]
649 2379 692 2417 μὶ]
711 2378 798 2417 ἡμεῖς
816 2377 924 2408 Bekk.
940 2377 1070 2408 Anecd.
1091 2388 1121 2416 p.
1142 2387 1214 2414 144.
1235 2378 1275 2406 16
1378 2387 1417 2415 27
1443 2391 1491 2409 κε-

165 2417 270 2448 λεύειν
286 2427 350 2448 om.
368 2417 393 2448 S

1341 2497 1403 2526 16*
