<?xml version="1.0" encoding="UTF-8"?>
<!DOCTYPE html PUBLIC "-//W3C//DTD XHTML 1.0 Transitional//EN"
    "http://www.w3.org/TR/xhtml1/DTD/xhtml1-transitional.dtd">
<html xmlns="http://www.w3.org/1999/xhtml" xml:lang="en" lang="en">
 <head>
  <title>
</title>
<meta http-equiv="Content-Type" content="text/html;charset=utf-8" />
  <meta name='ocr-system' content='tesseract 3.04.00' />
  <meta name='ocr-capabilities' content='ocr_page ocr_carea ocr_par ocr_line ocrx_word'/>
</head>
<body>
  <div class='ocr_page' id='page_1' title='image "./orationesrecog03demouoft_0298.png"; bbox 0 0 1763 2778; ppageno 0'>
   <div class='ocr_carea' id='block_1_1' title="bbox 109 148 1593 207">
    <p class='ocr_par' dir='ltr' id='par_1_1' title="bbox 109 148 1593 207">
     <span class='ocr_line' id='line_1_1' title="bbox 109 148 1593 207; baseline -0.008 -5"><span class='ocrx_word' id='word_1_1' title='bbox 109 148 246 202; x_wconf 79' lang='lat'><strong>[1326]</strong></span> <span class='ocrx_word' id='word_1_2' title='bbox 667 151 719 207; x_wconf 76' lang='grc' dir='ltr'>[Δ</span> <span class='ocrx_word' id='word_1_3' title='bbox 734 152 1185 207; x_wconf 71' lang='grc' dir='ltr'>ΗΜΟΣΘΕΝΟΎΣ]</span> <span class='ocrx_word' id='word_1_4' title='bbox 1490 152 1593 207; x_wconf 64' lang='lat' dir='ltr'>[mm</span> 
     </span>
    </p>
   </div>
   <div class='ocr_carea' id='block_1_2' title="bbox 205 263 1593 449">
    <p class='ocr_par' dir='ltr' id='par_1_2' title="bbox 205 263 1593 449">
     <span class='ocr_line' id='line_1_2' title="bbox 850 263 1005 292; baseline -0.006 -1"><span class='ocrx_word' id='word_1_5' title='bbox 850 263 1005 292; x_wconf 81' lang='grc' dir='ltr'><strong>ΝΟΜΟΣ.</strong></span> 
     </span>
     <span class='ocr_line' id='line_1_3' title="bbox 332 323 1509 343; baseline 0 -2"><span class='ocrx_word' id='word_1_6' title='bbox 332 328 340 341; x_wconf 73' lang='lat'>5</span> <span class='ocrx_word' id='word_1_7' title='bbox 420 329 429 342; x_wconf 68' lang='lat' dir='ltr'><em>t</em></span> <span class='ocrx_word' id='word_1_8' title='bbox 609 328 618 341; x_wconf 68' lang='lat' dir='ltr'>s</span> <span class='ocrx_word' id='word_1_9' title='bbox 685 327 697 341; x_wconf 79' lang='grc' dir='ltr'><em>Ι</em></span> <span class='ocrx_word' id='word_1_10' title='bbox 820 328 829 341; x_wconf 69' lang='lat' dir='ltr'>e</span> <span class='ocrx_word' id='word_1_11' title='bbox 918 328 928 340; x_wconf 75' lang='lat' dir='ltr'><em>t</em></span> <span class='ocrx_word' id='word_1_12' title='bbox 994 327 1005 341; x_wconf 87' lang='lat' dir='ltr'><em>l</em></span> <span class='ocrx_word' id='word_1_13' title='bbox 1066 326 1074 339; x_wconf 80' lang='grc' dir='ltr'><em>Ι</em></span> <span class='ocrx_word' id='word_1_14' title='bbox 1201 329 1210 343; x_wconf 64' lang='grc' dir='ltr'><strong><em>ς</em></strong></span> <span class='ocrx_word' id='word_1_15' title='bbox 1231 323 1244 336; x_wconf 66' lang='grc' dir='ltr'><strong>Ἀ</strong></span> <span class='ocrx_word' id='word_1_16' title='bbox 1309 330 1324 337; x_wconf 60' lang='lat' dir='ltr'>e»</span> <span class='ocrx_word' id='word_1_17' title='bbox 1385 327 1395 340; x_wconf 63' lang='grc' dir='ltr'>θ</span> <span class='ocrx_word' id='word_1_18' title='bbox 1498 327 1509 341; x_wconf 74' lang='grc' dir='ltr'><em>Ι</em></span> 
     </span>
     <span class='ocr_line' id='line_1_4' title="bbox 205 332 1593 381; baseline 0.001 -16"><span class='ocrx_word' id='word_1_19' title='bbox 205 340 242 375; x_wconf 85' lang='lat'>15</span> <span class='ocrx_word' id='word_1_20' title='bbox 347 332 539 381; x_wconf 80' lang='grc' dir='ltr'>Επισχες.</span> <span class='ocrx_word' id='word_1_21' title='bbox 601 344 767 373; x_wconf 89' lang='grc' dir='ltr'>ακουεις,</span> <span class='ocrx_word' id='word_1_22' title='bbox 788 344 938 374; x_wconf 85' lang='grc' dir='ltr'>ουτοσι,</span> <span class='ocrx_word' id='word_1_23' title='bbox 965 344 1002 367; x_wconf 93' lang='grc' dir='ltr'>τι</span> <span class='ocrx_word' id='word_1_24' title='bbox 1025 332 1160 379; x_wconf 84' lang='grc' dir='ltr'>λεγει,·</span> <span class='ocrx_word' id='word_1_25' title='bbox 1227 344 1249 376; x_wconf 93' lang='grc' dir='ltr'>η</span> <span class='ocrx_word' id='word_1_26' title='bbox 1276 343 1354 366; x_wconf 89' lang='grc' dir='ltr'>των</span> <span class='ocrx_word' id='word_1_27' title='bbox 1379 343 1593 377; x_wconf 88' lang='grc' dir='ltr'>επωνυμων</span> 
     </span>
     <span class='ocr_line' id='line_1_5' title="bbox 265 394 1226 449; baseline -0.002 -13"><span class='ocrx_word' id='word_1_28' title='bbox 265 413 317 449; x_wconf 83' lang='grc' dir='ltr'>τῳ</span> <span class='ocrx_word' id='word_1_29' title='bbox 333 395 355 436; x_wconf 89' lang='grc'>’.</span> <span class='ocrx_word' id='word_1_30' title='bbox 403 395 498 446; x_wconf 96' lang='grc' dir='ltr'>λέγε</span> <span class='ocrx_word' id='word_1_31' title='bbox 524 394 571 446; x_wconf 76' lang='grc' dir='ltr'>δὴ</span> <span class='ocrx_word' id='word_1_32' title='bbox 594 394 666 445; x_wconf 75' lang='grc' dir='ltr'>τὴν</span> <span class='ocrx_word' id='word_1_33' title='bbox 690 398 768 435; x_wconf 86' lang='grc' dir='ltr'>τῶν</span> <span class='ocrx_word' id='word_1_34' title='bbox 792 398 976 447; x_wconf 78' lang='grc' dir='ltr'>φυλετῶν</span> <span class='ocrx_word' id='word_1_35' title='bbox 999 395 1226 447; x_wconf 86' lang='grc' dir='ltr'>μαρτυρίαν.</span> 
     </span>
    </p>
   </div>
   <div class='ocr_carea' id='block_1_3' title="bbox 824 504 1036 531">
    <p class='ocr_par' dir='ltr' id='par_1_3' title="bbox 824 504 1036 531">
     <span class='ocr_line' id='line_1_6' title="bbox 824 504 1036 531; baseline -0.005 0"><span class='ocrx_word' id='word_1_36' title='bbox 824 504 1036 531; x_wconf 80' lang='grc' dir='ltr'><strong>ΜΑΡΤΎΡῙΑ.</strong></span> 
     </span>
    </p>
   </div>
   <div class='ocr_carea' id='block_1_4' title="bbox 104 572 1653 2036">
    <p class='ocr_par' dir='ltr' id='par_1_4' title="bbox 104 572 1653 2036">
     <span class='ocr_line' id='line_1_7' title="bbox 329 572 1630 629; baseline 0.002 -15"><span class='ocrx_word' id='word_1_37' title='bbox 329 572 446 628; x_wconf 64' lang='grc' dir='ltr'>Τάχύ</span> <span class='ocrx_word' id='word_1_38' title='bbox 468 574 504 629; x_wconf 88' lang='grc' dir='ltr'>γ’</span> <span class='ocrx_word' id='word_1_39' title='bbox 529 574 577 615; x_wconf 75' lang='grc' dir='ltr'>ἂν</span> <span class='ocrx_word' id='word_1_40' title='bbox 602 574 729 621; x_wconf 74' lang='grc' dir='ltr'>οὗτος,</span> <span class='ocrx_word' id='word_1_41' title='bbox 755 572 785 614; x_wconf 65' lang='grc' dir='ltr'>ὦ</span> <span class='ocrx_word' id='word_1_42' title='bbox 811 575 946 627; x_wconf 82' lang='grc' dir='ltr'>ἄνδρες</span> <span class='ocrx_word' id='word_1_43' title='bbox 980 576 1176 624; x_wconf 85' lang='grc' dir='ltr'>δικασταί,</span> <span class='ocrx_word' id='word_1_44' title='bbox 1204 575 1421 626; x_wconf 81' lang='grc' dir='ltr'>ἀνθρώπων</span> <span class='ocrx_word' id='word_1_45' title='bbox 1445 576 1593 627; x_wconf 81' lang='grc' dir='ltr'>ὀλίγων</span> <span class='ocrx_word' id='word_1_46' title='bbox 1612 585 1630 620; x_wconf 88' lang='grc'><strong>5</strong></span> 
     </span>
     <span class='ocr_line' id='line_1_8' title="bbox 265 639 1593 695; baseline 0.002 -14"><span class='ocrx_word' id='word_1_47' title='bbox 265 644 517 694; x_wconf 92' lang='grc' dir='ltr'>φροντίσειεν</span> <span class='ocrx_word' id='word_1_48' title='bbox 537 639 560 693; x_wconf 86' lang='grc' dir='ltr'>ἢ</span> <span class='ocrx_word' id='word_1_49' title='bbox 577 646 654 682; x_wconf 86' lang='grc' dir='ltr'>τῶν</span> <span class='ocrx_word' id='word_1_50' title='bbox 674 642 741 682; x_wconf 80' lang='grc' dir='ltr'>τὸν</span> <span class='ocrx_word' id='word_1_51' title='bbox 761 646 953 682; x_wconf 87' lang='grc' dir='ltr'>πλεῖστον</span> <span class='ocrx_word' id='word_1_52' title='bbox 972 645 1039 682; x_wconf 84' lang='grc' dir='ltr'>τοῦ</span> <span class='ocrx_word' id='word_1_53' title='bbox 1056 642 1202 695; x_wconf 87' lang='grc' dir='ltr'>χρόνου</span> <span class='ocrx_word' id='word_1_54' title='bbox 1221 643 1435 688; x_wconf 86' lang='grc' dir='ltr'>πλεόντων,</span> <span class='ocrx_word' id='word_1_55' title='bbox 1457 643 1593 694; x_wconf 82' lang='grc' dir='ltr'>ὥσπερ</span> 
     </span>
     <span class='ocr_line' id='line_1_9' title="bbox 265 708 1592 765; baseline 0.001 -17"><span class='ocrx_word' id='word_1_56' title='bbox 265 709 286 748; x_wconf 83' lang='grc' dir='ltr'>ὁ</span> <span class='ocrx_word' id='word_1_57' title='bbox 317 710 469 755; x_wconf 87' lang='grc' dir='ltr'>Μίκων,</span> <span class='ocrx_word' id='word_1_58' title='bbox 502 710 616 750; x_wconf 86' lang='grc' dir='ltr'>ὅστις</span> <span class='ocrx_word' id='word_1_59' title='bbox 647 709 738 751; x_wconf 85' lang='grc' dir='ltr'>τοὺς</span> <span class='ocrx_word' id='word_1_60' title='bbox 772 708 948 761; x_wconf 86' lang='grc' dir='ltr'>φυλέτας</span> <span class='ocrx_word' id='word_1_61' title='bbox 984 709 1180 761; x_wconf 78' lang='grc' dir='ltr'>παρόντας</span> <span class='ocrx_word' id='word_1_62' title='bbox 1213 708 1293 765; x_wconf 75' lang='grc' dir='ltr'>οὔτ’</span> <span class='ocrx_word' id='word_1_63' title='bbox 1327 709 1478 750; x_wconf 83' lang='grc' dir='ltr'>ἔδεισεν</span> <span class='ocrx_word' id='word_1_64' title='bbox 1511 708 1592 749; x_wconf 81' lang='grc' dir='ltr'>οὔτ’</span> 
     </span>
     <span class='ocr_line' id='line_1_10' title="bbox 262 774 1591 831; baseline 0 -16"><span class='ocrx_word' id='word_1_65' title='bbox 262 774 452 831; x_wconf 81' lang='grc' dir='ltr'>ᾐσχύνθη,</span> <span class='ocrx_word' id='word_1_66' title='bbox 482 779 597 816; x_wconf 83' lang='grc' dir='ltr'>τοῦτο</span> <span class='ocrx_word' id='word_1_67' title='bbox 625 779 698 826; x_wconf 81' lang='grc' dir='ltr'>μὲν</span> <span class='ocrx_word' id='word_1_68' title='bbox 728 777 849 818; x_wconf 84' lang='grc' dir='ltr'>οὕτως</span> <span class='ocrx_word' id='word_1_69' title='bbox 877 775 1004 816; x_wconf 83' lang='grc' dir='ltr'>αὐτῶν</span> <span class='ocrx_word' id='word_1_70' title='bbox 1037 777 1085 816; x_wconf 81' lang='grc' dir='ltr'>τὰ</span> <span class='ocrx_word' id='word_1_71' title='bbox 1119 777 1229 816; x_wconf 78' lang='grc' dir='ltr'>κοινὰ</span> <span class='ocrx_word' id='word_1_72' title='bbox 1259 775 1464 825; x_wconf 85' lang='grc' dir='ltr'>διοικήσας</span> <span class='ocrx_word' id='word_1_73' title='bbox 1496 776 1591 816; x_wconf 83' lang='grc' dir='ltr'>ὥστ’</span> 
     </span>
     <span class='ocr_line' id='line_1_11' title="bbox 264 843 1593 895; baseline 0.002 -13"><span class='ocrx_word' id='word_1_74' title='bbox 264 843 433 884; x_wconf 83' lang='grc' dir='ltr'>ἐκείνους</span> <span class='ocrx_word' id='word_1_75' title='bbox 459 843 612 893; x_wconf 75' lang='grc' dir='ltr'>κλοπὴν</span> <span class='ocrx_word' id='word_1_76' title='bbox 631 844 750 883; x_wconf 79' lang='grc' dir='ltr'>αὐτοῦ</span> <span class='ocrx_word' id='word_1_77' title='bbox 776 847 1034 895; x_wconf 82' lang='grc' dir='ltr'>καταγνῶναι,</span> <span class='ocrx_word' id='word_1_78' title='bbox 1054 846 1169 883; x_wconf 83' lang='grc' dir='ltr'>τοῦτο</span> <span class='ocrx_word' id='word_1_79' title='bbox 1195 845 1236 883; x_wconf 82' lang='grc' dir='ltr'>δὲ</span> <span class='ocrx_word' id='word_1_80' title='bbox 1261 843 1400 895; x_wconf 87' lang='grc' dir='ltr'>ὀφλὼν</span> <span class='ocrx_word' id='word_1_81' title='bbox 1419 843 1482 883; x_wconf 87' lang='grc' dir='ltr'>καὶ</span> <span class='ocrx_word' id='word_1_82' title='bbox 1500 843 1593 886; x_wconf 80' lang='grc' dir='ltr'>τοὺς</span> 
     </span>
     <span class='ocr_line' id='line_1_12' title="bbox 264 909 1652 963; baseline 0 -14"><span class='ocrx_word' id='word_1_83' title='bbox 264 909 405 960; x_wconf 88' lang='grc' dir='ltr'>νόμους</span> <span class='ocrx_word' id='word_1_84' title='bbox 430 910 603 961; x_wconf 80' lang='grc' dir='ltr'>ἀκριβῶς</span> <span class='ocrx_word' id='word_1_85' title='bbox 629 910 739 952; x_wconf 81' lang='grc' dir='ltr'>εἰδὼς</span> <span class='ocrx_word' id='word_1_86' title='bbox 762 911 823 950; x_wconf 85' lang='grc' dir='ltr'>ὅτι</span> <span class='ocrx_word' id='word_1_87' title='bbox 849 911 1070 951; x_wconf 84' lang='grc' dir='ltr'>κωλύουσιν</span> <span class='ocrx_word' id='word_1_88' title='bbox 1094 910 1210 950; x_wconf 83' lang='grc' dir='ltr'>αὐτὸν</span> <span class='ocrx_word' id='word_1_89' title='bbox 1235 909 1462 962; x_wconf 83' lang='grc' dir='ltr'>γράφεσθαι</span> <span class='ocrx_word' id='word_1_90' title='bbox 1493 928 1589 963; x_wconf 90' lang='grc' dir='ltr'>γρα-</span> <span class='ocrx_word' id='word_1_91' title='bbox 1614 926 1652 949; x_wconf 91' lang='lat'>10</span> 
     </span>
     <span class='ocr_line' id='line_1_13' title="bbox 263 975 1592 1033; baseline 0.003 -18"><span class='ocrx_word' id='word_1_92' title='bbox 263 978 342 1029; x_wconf 79' lang='grc' dir='ltr'>φὰς</span> <span class='ocrx_word' id='word_1_93' title='bbox 367 976 439 1018; x_wconf 82' lang='grc' dir='ltr'>ἕως</span> <span class='ocrx_word' id='word_1_94' title='bbox 462 975 511 1017; x_wconf 79' lang='grc' dir='ltr'>ἂν</span> <span class='ocrx_word' id='word_1_95' title='bbox 537 977 709 1033; x_wconf 83' lang='grc' dir='ltr'>ἐκτείσῃ,</span> <span class='ocrx_word' id='word_1_96' title='bbox 735 978 972 1029; x_wconf 80' lang='grc' dir='ltr'>βιαζόμενος</span> <span class='ocrx_word' id='word_1_97' title='bbox 1005 977 1068 1017; x_wconf 91' lang='grc' dir='ltr'>καὶ</span> <span class='ocrx_word' id='word_1_98' title='bbox 1100 977 1268 1028; x_wconf 80' lang='grc' dir='ltr'>νομίζων</span> <span class='ocrx_word' id='word_1_99' title='bbox 1292 979 1376 1018; x_wconf 88' lang='grc' dir='ltr'>δεῖν</span> <span class='ocrx_word' id='word_1_100' title='bbox 1397 977 1487 1020; x_wconf 88' lang='grc' dir='ltr'>τοὺς</span> <span class='ocrx_word' id='word_1_101' title='bbox 1518 980 1592 1028; x_wconf 81' lang='grc' dir='ltr'>μὲν</span> 
     </span>
     <span class='ocr_line' id='line_1_14' title="bbox 264 1042 1592 1098; baseline 0.003 -16"><span class='ocrx_word' id='word_1_102' title='bbox 264 1042 410 1085; x_wconf 78' lang='grc' dir='ltr'>ἄλλους</span> <span class='ocrx_word' id='word_1_103' title='bbox 434 1043 524 1086; x_wconf 84' lang='grc' dir='ltr'>τοὺς</span> <span class='ocrx_word' id='word_1_104' title='bbox 547 1044 786 1096; x_wconf 87' lang='grc' dir='ltr'>ὀφείλοντας</span> <span class='ocrx_word' id='word_1_105' title='bbox 809 1044 975 1094; x_wconf 85' lang='grc' dir='ltr'>μηδενὸς</span> <span class='ocrx_word' id='word_1_106' title='bbox 999 1043 1183 1098; x_wconf 81' lang='grc' dir='ltr'>μετέχειν</span> <span class='ocrx_word' id='word_1_107' title='bbox 1200 1048 1280 1085; x_wconf 79' lang='grc' dir='ltr'>τῶν</span> <span class='ocrx_word' id='word_1_108' title='bbox 1301 1048 1452 1091; x_wconf 80' lang='grc' dir='ltr'>κοινῶν,</span> <span class='ocrx_word' id='word_1_109' title='bbox 1472 1044 1592 1086; x_wconf 76' lang='grc' dir='ltr'>αὑτὸν</span> 
     </span>
     <span class='ocr_line' id='line_1_15' title="bbox 203 1110 1592 1166; baseline 0.001 -16"><span class='ocrx_word' id='word_1_110' title='bbox 203 1110 245 1145; x_wconf 86' lang='grc'>16</span> <span class='ocrx_word' id='word_1_111' title='bbox 265 1112 307 1151; x_wconf 76' lang='grc' dir='ltr'>δὲ</span> <span class='ocrx_word' id='word_1_112' title='bbox 332 1111 492 1162; x_wconf 87' lang='grc' dir='ltr'>κρείττω</span> <span class='ocrx_word' id='word_1_113' title='bbox 516 1115 595 1151; x_wconf 86' lang='grc' dir='ltr'>τῶν</span> <span class='ocrx_word' id='word_1_114' title='bbox 619 1112 748 1162; x_wconf 88' lang='grc' dir='ltr'>νόμων</span> <span class='ocrx_word' id='word_1_115' title='bbox 768 1111 880 1152; x_wconf 76' lang='grc' dir='ltr'>εἶναι.</span> <span class='ocrx_word' id='word_1_116' title='bbox 930 1110 1054 1164; x_wconf 80' lang='grc' dir='ltr'>φήσει</span> <span class='ocrx_word' id='word_1_117' title='bbox 1078 1112 1210 1152; x_wconf 91' lang='grc' dir='ltr'>τοίνυν</span> <span class='ocrx_word' id='word_1_118' title='bbox 1234 1111 1302 1151; x_wconf 82' lang='grc' dir='ltr'>τὸν</span> <span class='ocrx_word' id='word_1_119' title='bbox 1320 1110 1496 1158; x_wconf 87' lang='grc' dir='ltr'>πάππον,</span> <span class='ocrx_word' id='word_1_120' title='bbox 1517 1112 1592 1166; x_wconf 81' lang='grc' dir='ltr'>οὐχ</span> 
     </span>
     <span class='ocr_line' id='line_1_16' title="bbox 263 1177 1592 1233; baseline 0.002 -16"><span class='ocrx_word' id='word_1_121' title='bbox 263 1177 380 1217; x_wconf 82' lang='grc' dir='ltr'>αὑτὸν</span> <span class='ocrx_word' id='word_1_122' title='bbox 411 1177 509 1218; x_wconf 77' lang='grc' dir='ltr'>εἶναι</span> <span class='ocrx_word' id='word_1_123' title='bbox 543 1178 612 1218; x_wconf 84' lang='grc' dir='ltr'>τὸν</span> <span class='ocrx_word' id='word_1_124' title='bbox 647 1179 689 1218; x_wconf 90' lang='grc' dir='ltr'>ἐν</span> <span class='ocrx_word' id='word_1_125' title='bbox 718 1181 771 1232; x_wconf 82' lang='grc' dir='ltr'>τῷ</span> <span class='ocrx_word' id='word_1_126' title='bbox 800 1179 1052 1233; x_wconf 82' lang='grc' dir='ltr'>γραμματείῳ</span> <span class='ocrx_word' id='word_1_127' title='bbox 1087 1178 1372 1231; x_wconf 88' lang='grc' dir='ltr'>γεγραμμένον,</span> <span class='ocrx_word' id='word_1_128' title='bbox 1407 1178 1471 1219; x_wconf 84' lang='grc' dir='ltr'>καὶ</span> <span class='ocrx_word' id='word_1_129' title='bbox 1504 1179 1592 1231; x_wconf 88' lang='grc' dir='ltr'>περὶ</span> 
     </span>
     <span class='ocr_line' id='line_1_17' title="bbox 262 1244 1651 1298; baseline 0 -14"><span class='ocrx_word' id='word_1_130' title='bbox 262 1244 402 1285; x_wconf 89' lang='grc' dir='ltr'>τούτου</span> <span class='ocrx_word' id='word_1_131' title='bbox 425 1245 601 1286; x_wconf 83' lang='grc' dir='ltr'>πολλοὺς</span> <span class='ocrx_word' id='word_1_132' title='bbox 625 1246 709 1297; x_wconf 88' lang='grc' dir='ltr'>ἐρεῖ</span> <span class='ocrx_word' id='word_1_133' title='bbox 734 1246 892 1298; x_wconf 90' lang='grc' dir='ltr'>λόγους,</span> <span class='ocrx_word' id='word_1_134' title='bbox 919 1246 972 1287; x_wconf 84' lang='grc' dir='ltr'>ὡς</span> <span class='ocrx_word' id='word_1_135' title='bbox 1003 1246 1154 1288; x_wconf 85' lang='grc' dir='ltr'>ἐκεῖνός</span> <span class='ocrx_word' id='word_1_136' title='bbox 1185 1247 1308 1287; x_wconf 87' lang='grc' dir='ltr'>ἐστιν.</span> <span class='ocrx_word' id='word_1_137' title='bbox 1366 1246 1445 1298; x_wconf 82' lang='grc' dir='ltr'>ἐγὼ</span> <span class='ocrx_word' id='word_1_138' title='bbox 1478 1248 1521 1286; x_wconf 82' lang='grc' dir='ltr'>δὲ</span> <span class='ocrx_word' id='word_1_139' title='bbox 1548 1245 1592 1286; x_wconf 85' lang='grc' dir='ltr'>τὸ</span> <span class='ocrx_word' id='word_1_140' title='bbox 1615 1260 1651 1292; x_wconf 88' lang='lat'>15</span> 
     </span>
     <span class='ocr_line' id='line_1_18' title="bbox 261 1311 1592 1366; baseline 0.002 -14"><span class='ocrx_word' id='word_1_141' title='bbox 261 1314 332 1362; x_wconf 80' lang='grc' dir='ltr'>μὲν</span> <span class='ocrx_word' id='word_1_142' title='bbox 352 1311 529 1363; x_wconf 76' lang='grc' dir='ltr'>ἀκριβές,</span> <span class='ocrx_word' id='word_1_143' title='bbox 551 1312 740 1364; x_wconf 86' lang='grc' dir='ltr'>ὁπότερός</span> <span class='ocrx_word' id='word_1_144' title='bbox 761 1314 885 1359; x_wconf 87' lang='grc' dir='ltr'>ἐστιν,</span> <span class='ocrx_word' id='word_1_145' title='bbox 906 1312 976 1352; x_wconf 84' lang='grc' dir='ltr'>οὐκ</span> <span class='ocrx_word' id='word_1_146' title='bbox 1000 1312 1080 1366; x_wconf 79' lang='grc' dir='ltr'>ἔχω</span> <span class='ocrx_word' id='word_1_147' title='bbox 1099 1312 1247 1365; x_wconf 87' lang='grc' dir='ltr'>λέγειν·</span> <span class='ocrx_word' id='word_1_148' title='bbox 1288 1313 1322 1354; x_wconf 85' lang='grc' dir='ltr'>εἷ</span> <span class='ocrx_word' id='word_1_149' title='bbox 1340 1312 1373 1353; x_wconf 90' lang='grc' dir='ltr'>δ’</span> <span class='ocrx_word' id='word_1_150' title='bbox 1393 1313 1460 1353; x_wconf 72' lang='grc' dir='ltr'>οὖν</span> <span class='ocrx_word' id='word_1_151' title='bbox 1481 1314 1592 1354; x_wconf 84' lang='grc' dir='ltr'>ἐστιν</span> 
     </span>
     <span class='ocr_line' id='line_1_19' title="bbox 263 1378 1591 1432; baseline 0.002 -14"><span class='ocrx_word' id='word_1_152' title='bbox 263 1378 313 1419; x_wconf 86' lang='grc' dir='ltr'>ὡς</span> <span class='ocrx_word' id='word_1_153' title='bbox 328 1378 440 1420; x_wconf 76' lang='grc' dir='ltr'>οὗτος</span> <span class='ocrx_word' id='word_1_154' title='bbox 457 1380 548 1431; x_wconf 83' lang='grc' dir='ltr'>ἐρεῖ,</span> <span class='ocrx_word' id='word_1_155' title='bbox 567 1379 670 1420; x_wconf 83' lang='grc' dir='ltr'>πολὺ</span> <span class='ocrx_word' id='word_1_156' title='bbox 688 1380 930 1432; x_wconf 88' lang='grc' dir='ltr'>δικαιότερον</span> <span class='ocrx_word' id='word_1_157' title='bbox 949 1379 1050 1420; x_wconf 78' lang='grc' dir='ltr'>εῖναι</span> <span class='ocrx_word' id='word_1_158' title='bbox 1068 1380 1211 1431; x_wconf 77' lang='grc' dir='ltr'>νομίζω</span> <span class='ocrx_word' id='word_1_159' title='bbox 1228 1381 1591 1432; x_wconf 80' lang='grc' dir='ltr'>καταψηφίσασθαι</span> 
     </span>
     <span class='ocr_line' id='line_1_20' title="bbox 200 1446 1590 1503; baseline 0.001 -17"><span class='ocrx_word' id='word_1_160' title='bbox 200 1461 239 1494; x_wconf 88' lang='grc'>17</span> <span class='ocrx_word' id='word_1_161' title='bbox 261 1446 360 1496; x_wconf 76' lang='grc' dir='ltr'>ὑμᾶς</span> <span class='ocrx_word' id='word_1_162' title='bbox 384 1446 514 1492; x_wconf 80' lang='grc' dir='ltr'>αὐτοῦ,</span> <span class='ocrx_word' id='word_1_163' title='bbox 542 1446 577 1488; x_wconf 82' lang='grc' dir='ltr'>εἰ</span> <span class='ocrx_word' id='word_1_164' title='bbox 597 1446 705 1486; x_wconf 78' lang='grc' dir='ltr'>ταῦθ’</span> <span class='ocrx_word' id='word_1_165' title='bbox 732 1447 853 1489; x_wconf 78' lang='grc' dir='ltr'>οὕτως</span> <span class='ocrx_word' id='word_1_166' title='bbox 878 1448 1000 1488; x_wconf 85' lang='grc' dir='ltr'>ἐστίν.</span> <span class='ocrx_word' id='word_1_167' title='bbox 1063 1448 1098 1488; x_wconf 86' lang='grc' dir='ltr'>εἷ</span> <span class='ocrx_word' id='word_1_168' title='bbox 1122 1449 1196 1499; x_wconf 77' lang='grc' dir='ltr'>γὰρ</span> <span class='ocrx_word' id='word_1_169' title='bbox 1221 1448 1458 1499; x_wconf 84' lang='grc' dir='ltr'>ὀφείλοντος</span> <span class='ocrx_word' id='word_1_170' title='bbox 1487 1447 1590 1503; x_wconf 83' lang='grc' dir='ltr'>αὐτῷ</span> 
     </span>
     <span class='ocr_line' id='line_1_21' title="bbox 261 1512 1591 1566; baseline 0.003 -15"><span class='ocrx_word' id='word_1_171' title='bbox 261 1515 329 1552; x_wconf 82' lang='grc' dir='ltr'>τοῦ</span> <span class='ocrx_word' id='word_1_172' title='bbox 359 1512 524 1554; x_wconf 85' lang='grc' dir='ltr'>πάππου</span> <span class='ocrx_word' id='word_1_173' title='bbox 554 1512 692 1559; x_wconf 83' lang='grc' dir='ltr'>πάλαι,</span> <span class='ocrx_word' id='word_1_174' title='bbox 721 1514 783 1554; x_wconf 85' lang='grc' dir='ltr'>καὶ</span> <span class='ocrx_word' id='word_1_175' title='bbox 815 1517 886 1555; x_wconf 83' lang='grc' dir='ltr'>τοῦ</span> <span class='ocrx_word' id='word_1_176' title='bbox 911 1515 1034 1565; x_wconf 93' lang='grc' dir='ltr'>νόμου</span> <span class='ocrx_word' id='word_1_177' title='bbox 1066 1515 1298 1556; x_wconf 88' lang='grc' dir='ltr'>κελεύοντος</span> <span class='ocrx_word' id='word_1_178' title='bbox 1330 1519 1591 1566; x_wconf 85' lang='grc' dir='ltr'>κληρονομεῖν</span> 
     </span>
     <span class='ocr_line' id='line_1_22' title="bbox 104 1581 1653 1637; baseline 0 -17"><span class='ocrx_word' id='word_1_179' title='bbox 104 1581 239 1636; x_wconf 87' lang='lat'><strong>[1327]</strong></span> <span class='ocrx_word' id='word_1_180' title='bbox 261 1582 400 1620; x_wconf 80' lang='grc' dir='ltr'>τοῦτον</span> <span class='ocrx_word' id='word_1_181' title='bbox 424 1584 502 1620; x_wconf 83' lang='grc' dir='ltr'>τῶν</span> <span class='ocrx_word' id='word_1_182' title='bbox 528 1581 690 1627; x_wconf 89' lang='grc' dir='ltr'>ἐκείνου,</span> <span class='ocrx_word' id='word_1_183' title='bbox 719 1583 921 1633; x_wconf 87' lang='grc' dir='ltr'>προσῆκον</span> <span class='ocrx_word' id='word_1_184' title='bbox 946 1582 1048 1637; x_wconf 82' lang='grc' dir='ltr'>αὐτῷ</span> <span class='ocrx_word' id='word_1_185' title='bbox 1077 1583 1176 1633; x_wconf 80' lang='grc' dir='ltr'>μηδὲ</span> <span class='ocrx_word' id='word_1_186' title='bbox 1209 1581 1334 1623; x_wconf 88' lang='grc' dir='ltr'>πάλαι</span> <span class='ocrx_word' id='word_1_187' title='bbox 1359 1581 1591 1634; x_wconf 83' lang='grc' dir='ltr'>γράφεσθαι</span> <span class='ocrx_word' id='word_1_188' title='bbox 1613 1599 1653 1621; x_wconf 88' lang='lat'>20</span> 
     </span>
     <span class='ocr_line' id='line_1_23' title="bbox 261 1646 1591 1701; baseline 0.003 -15"><span class='ocrx_word' id='word_1_189' title='bbox 261 1646 471 1699; x_wconf 84' lang='grc' dir='ltr'>ἐγράφετο,</span> <span class='ocrx_word' id='word_1_190' title='bbox 494 1647 557 1687; x_wconf 83' lang='grc' dir='ltr'>καὶ</span> <span class='ocrx_word' id='word_1_191' title='bbox 577 1649 639 1688; x_wconf 73' lang='grc' dir='ltr'>διὸ.</span> <span class='ocrx_word' id='word_1_192' title='bbox 659 1652 774 1688; x_wconf 78' lang='grc' dir='ltr'>τοῦτο</span> <span class='ocrx_word' id='word_1_193' title='bbox 786 1648 966 1699; x_wconf 85' lang='grc' dir='ltr'>οἰήσεται</span> <span class='ocrx_word' id='word_1_194' title='bbox 984 1651 1065 1689; x_wconf 82' lang='grc' dir='ltr'>δεῖν</span> <span class='ocrx_word' id='word_1_195' title='bbox 1083 1649 1328 1701; x_wconf 84' lang='grc' dir='ltr'>ἀποφεύγειν</span> <span class='ocrx_word' id='word_1_196' title='bbox 1343 1649 1403 1688; x_wconf 85' lang='grc' dir='ltr'>ὅτι</span> <span class='ocrx_word' id='word_1_197' title='bbox 1422 1648 1591 1700; x_wconf 85' lang='grc' dir='ltr'>πονηρὸς</span> 
     </span>
     <span class='ocr_line' id='line_1_24' title="bbox 262 1714 1591 1768; baseline 0.003 -15"><span class='ocrx_word' id='word_1_198' title='bbox 262 1715 303 1753; x_wconf 90' lang='grc' dir='ltr'>ἐκ</span> <span class='ocrx_word' id='word_1_199' title='bbox 329 1715 527 1766; x_wconf 89' lang='grc' dir='ltr'>τριγονίας</span> <span class='ocrx_word' id='word_1_200' title='bbox 553 1715 677 1761; x_wconf 87' lang='grc' dir='ltr'>ἐστίν,</span> <span class='ocrx_word' id='word_1_201' title='bbox 704 1715 750 1755; x_wconf 83' lang='grc' dir='ltr'>οὐ</span> <span class='ocrx_word' id='word_1_202' title='bbox 777 1717 908 1756; x_wconf 90' lang='grc' dir='ltr'>δίκαια</span> <span class='ocrx_word' id='word_1_203' title='bbox 939 1717 1031 1768; x_wconf 84' lang='grc' dir='ltr'>ἐρεῖ,</span> <span class='ocrx_word' id='word_1_204' title='bbox 1058 1714 1087 1756; x_wconf 67' lang='grc' dir='ltr'><em>ὦ</em></span> <span class='ocrx_word' id='word_1_205' title='bbox 1116 1715 1255 1768; x_wconf 86' lang='grc' dir='ltr'>ἄνδρες</span> <span class='ocrx_word' id='word_1_206' title='bbox 1284 1716 1478 1756; x_wconf 88' lang='grc' dir='ltr'>δικασταί.</span> <span class='ocrx_word' id='word_1_207' title='bbox 1539 1715 1591 1758; x_wconf 81' lang='grc' dir='ltr'>ὧς</span> 
     </span>
     <span class='ocr_line' id='line_1_25' title="bbox 261 1780 1590 1835; baseline 0.003 -16"><span class='ocrx_word' id='word_1_208' title='bbox 261 1780 329 1820; x_wconf 69' lang='grc' dir='ltr'>οὖν</span> <span class='ocrx_word' id='word_1_209' title='bbox 359 1782 420 1821; x_wconf 86' lang='grc' dir='ltr'>καὶ</span> <span class='ocrx_word' id='word_1_210' title='bbox 458 1780 548 1834; x_wconf 90' lang='grc' dir='ltr'>παρ’</span> <span class='ocrx_word' id='word_1_211' title='bbox 584 1781 702 1822; x_wconf 83' lang='grc' dir='ltr'>αὐτοῦ</span> <span class='ocrx_word' id='word_1_212' title='bbox 738 1783 957 1834; x_wconf 90' lang='grc' dir='ltr'>Θεοκρίνου</span> <span class='ocrx_word' id='word_1_213' title='bbox 991 1783 1246 1835; x_wconf 86' lang='grc' dir='ltr'>ὁμολογεῖται</span> <span class='ocrx_word' id='word_1_214' title='bbox 1277 1781 1380 1822; x_wconf 75' lang='grc' dir='ltr'>τοῦτ’</span> <span class='ocrx_word' id='word_1_215' title='bbox 1409 1782 1509 1823; x_wconf 78' lang='grc' dir='ltr'>εἶναι</span> <span class='ocrx_word' id='word_1_216' title='bbox 1545 1782 1590 1823; x_wconf 89' lang='grc' dir='ltr'>τὸ</span> 
     </span>
     <span class='ocr_line' id='line_1_26' title="bbox 261 1848 1592 1902; baseline 0.002 -16"><span class='ocrx_word' id='word_1_217' title='bbox 261 1849 427 1899; x_wconf 87' lang='grc' dir='ltr'>ὄφλημα</span> <span class='ocrx_word' id='word_1_218' title='bbox 454 1849 515 1888; x_wconf 85' lang='grc' dir='ltr'>καὶ</span> <span class='ocrx_word' id='word_1_219' title='bbox 546 1848 784 1899; x_wconf 79' lang='grc' dir='ltr'>κατετάξατο</span> <span class='ocrx_word' id='word_1_220' title='bbox 812 1854 895 1892; x_wconf 89' lang='grc' dir='ltr'>τοῖς</span> <span class='ocrx_word' id='word_1_221' title='bbox 925 1849 1117 1902; x_wconf 90' lang='grc' dir='ltr'>φυλέταις</span> <span class='ocrx_word' id='word_1_222' title='bbox 1148 1851 1246 1901; x_wconf 80' lang='grc' dir='ltr'>ὑπὲρ</span> <span class='ocrx_word' id='word_1_223' title='bbox 1279 1851 1396 1889; x_wconf 85' lang='grc' dir='ltr'>αὑτοῦ</span> <span class='ocrx_word' id='word_1_224' title='bbox 1429 1850 1490 1890; x_wconf 82' lang='grc' dir='ltr'>καὶ</span> <span class='ocrx_word' id='word_1_225' title='bbox 1521 1853 1592 1889; x_wconf 86' lang='grc' dir='ltr'>τοῦ</span> 
     </span>
     <span class='ocr_line' id='line_1_27' title="bbox 262 1915 1652 1969; baseline 0.001 -16"><span class='ocrx_word' id='word_1_226' title='bbox 262 1915 452 1966; x_wconf 81' lang='grc' dir='ltr'>ἀδελφοῦ,</span> <span class='ocrx_word' id='word_1_227' title='bbox 481 1916 543 1955; x_wconf 84' lang='grc' dir='ltr'>καὶ</span> <span class='ocrx_word' id='word_1_228' title='bbox 568 1919 649 1958; x_wconf 80' lang='grc' dir='ltr'>τοῖς</span> <span class='ocrx_word' id='word_1_229' title='bbox 673 1915 936 1967; x_wconf 82' lang='grc' dir='ltr'>βουλομένοις</span> <span class='ocrx_word' id='word_1_230' title='bbox 962 1917 1135 1969; x_wconf 82' lang='grc' dir='ltr'>εὐορκεῖν</span> <span class='ocrx_word' id='word_1_231' title='bbox 1157 1916 1202 1956; x_wconf 84' lang='grc' dir='ltr'>οὐ</span> <span class='ocrx_word' id='word_1_232' title='bbox 1228 1920 1357 1958; x_wconf 86' lang='grc' dir='ltr'>καλῶς</span> <span class='ocrx_word' id='word_1_233' title='bbox 1383 1916 1467 1969; x_wconf 84' lang='grc' dir='ltr'>ἔχει</span> <span class='ocrx_word' id='word_1_234' title='bbox 1499 1917 1588 1956; x_wconf 78' lang='grc' dir='ltr'>ταύ-</span> <span class='ocrx_word' id='word_1_235' title='bbox 1612 1932 1652 1964; x_wconf 78' lang='lat'>25</span> 
     </span>
     <span class='ocr_line' id='line_1_28' title="bbox 261 1982 1590 2036; baseline 0.002 -16"><span class='ocrx_word' id='word_1_236' title='bbox 261 1997 331 2031; x_wconf 91' lang='grc' dir='ltr'>την</span> <span class='ocrx_word' id='word_1_237' title='bbox 365 1982 683 2034; x_wconf 66' lang='grc' dir='ltr'>ἀπογιγνώσκειν</span> <span class='ocrx_word' id='word_1_238' title='bbox 712 1983 784 2033; x_wconf 76' lang='grc' dir='ltr'>τὴν</span> <span class='ocrx_word' id='word_1_239' title='bbox 820 1982 998 2034; x_wconf 77' lang='grc' dir='ltr'>ἔνδειξιν,</span> <span class='ocrx_word' id='word_1_240' title='bbox 1031 1983 1137 2035; x_wconf 74' lang='grc' dir='ltr'>λαβέ</span> <span class='ocrx_word' id='word_1_241' title='bbox 1164 2000 1231 2034; x_wconf 92' lang='grc' dir='ltr'>μοι</span> <span class='ocrx_word' id='word_1_242' title='bbox 1266 1982 1311 2023; x_wconf 83' lang='grc' dir='ltr'>τὸ</span> <span class='ocrx_word' id='word_1_243' title='bbox 1342 1982 1540 2036; x_wconf 79' lang='grc' dir='ltr'>ψήφισμα</span> <span class='ocrx_word' id='word_1_244' title='bbox 1570 1982 1590 2023; x_wconf 84' lang='grc' dir='ltr'><strong><em>ὃ</em></strong></span> 
     </span>
    </p>
   </div>
   <div class='ocr_carea' id='block_1_5' title="bbox 1577 2050 1587 2064">
    <p class='ocr_par' dir='ltr' id='par_1_5' title="bbox 1577 2050 1587 2064">
     <span class='ocr_line' id='line_1_29' title="bbox 1577 2050 1587 2064; baseline 0 0"><span class='ocrx_word' id='word_1_245' title='bbox 1577 2050 1587 2064; x_wconf 55' lang='lat' dir='ltr'>N</span> 
     </span>
    </p>
   </div>
   <div class='ocr_carea' id='block_1_6' title="bbox 201 2047 1589 2103">
    <p class='ocr_par' dir='ltr' id='par_1_6' title="bbox 201 2047 1589 2103">
     <span class='ocr_line' id='line_1_30' title="bbox 201 2047 1589 2103; baseline 0.004 -18"><span class='ocrx_word' id='word_1_246' title='bbox 201 2052 240 2086; x_wconf 86' lang='lat'>18</span> <span class='ocrx_word' id='word_1_247' title='bbox 262 2047 372 2089; x_wconf 80' lang='grc' dir='ltr'>εἶπεν</span> <span class='ocrx_word' id='word_1_248' title='bbox 404 2050 446 2088; x_wconf 91' lang='grc' dir='ltr'>ἐν</span> <span class='ocrx_word' id='word_1_249' title='bbox 477 2052 558 2091; x_wconf 86' lang='grc' dir='ltr'>τοῖς</span> <span class='ocrx_word' id='word_1_250' title='bbox 589 2049 781 2102; x_wconf 88' lang='grc' dir='ltr'>φυλέταις</span> <span class='ocrx_word' id='word_1_251' title='bbox 811 2052 1062 2103; x_wconf 84' lang='grc' dir='ltr'>Σκιρωνίδης.</span> <span class='ocrx_word' id='word_1_252' title='bbox 1121 2051 1356 2102; x_wconf 83' lang='grc' dir='ltr'>προσελθὼν</span> <span class='ocrx_word' id='word_1_253' title='bbox 1381 2053 1423 2091; x_wconf 82' lang='grc' dir='ltr'>δὲ</span> <span class='ocrx_word' id='word_1_254' title='bbox 1453 2051 1589 2090; x_wconf 85' lang='grc' dir='ltr'>οὑτοσι</span> 
     </span>
    </p>
   </div>
   <div class='ocr_carea' id='block_1_7' title="bbox 261 2154 1590 2544">
    <p class='ocr_par' dir='ltr' id='par_1_7' title="bbox 261 2154 1590 2544">
     <span class='ocr_line' id='line_1_31' title="bbox 305 2154 1586 2198; baseline 0.002 -13"><span class='ocrx_word' id='word_1_255' title='bbox 305 2165 324 2184; x_wconf 81' lang='lat'>2</span> <span class='ocrx_word' id='word_1_256' title='bbox 348 2154 382 2195; x_wconf 72' lang='grc' dir='ltr'>ἢ]</span> <span class='ocrx_word' id='word_1_257' title='bbox 401 2156 439 2192; x_wconf 72' lang='grc' dir='ltr'>’ἢν</span> <span class='ocrx_word' id='word_1_258' title='bbox 457 2155 481 2186; x_wconf 89' lang='lat' dir='ltr'>S</span> <span class='ocrx_word' id='word_1_259' title='bbox 495 2155 519 2185; x_wconf 99' lang='lat' dir='ltr'>F</span> <span class='ocrx_word' id='word_1_260' title='bbox 533 2155 562 2194; x_wconf 91' lang='lat' dir='ltr'>Q</span> <span class='ocrx_word' id='word_1_261' title='bbox 580 2156 608 2185; x_wconf 95' lang='lat' dir='ltr'>D</span> <span class='ocrx_word' id='word_1_262' title='bbox 741 2167 760 2195; x_wconf 84' lang='lat'><strong>3</strong></span> <span class='ocrx_word' id='word_1_263' title='bbox 784 2172 829 2198; x_wconf 87' lang='grc' dir='ltr'>τῳ</span> <span class='ocrx_word' id='word_1_264' title='bbox 841 2168 904 2188; x_wconf 88' lang='lat' dir='ltr'>om.</span> <span class='ocrx_word' id='word_1_265' title='bbox 917 2156 949 2186; x_wconf 90' lang='lat' dir='ltr'><strong>A</strong></span> <span class='ocrx_word' id='word_1_266' title='bbox 1078 2167 1096 2195; x_wconf 88' lang='lat'><strong>5</strong></span> <span class='ocrx_word' id='word_1_267' title='bbox 1122 2156 1213 2189; x_wconf 71' lang='grc' dir='ltr'>οὗτος</span> <span class='ocrx_word' id='word_1_268' title='bbox 1223 2167 1289 2187; x_wconf 88' lang='lat' dir='ltr'>om.</span> <span class='ocrx_word' id='word_1_269' title='bbox 1305 2156 1355 2195; x_wconf 78' lang='lat'>8¹,</span> <span class='ocrx_word' id='word_1_270' title='bbox 1374 2157 1450 2188; x_wconf 89' lang='lat' dir='ltr'>add.</span> <span class='ocrx_word' id='word_1_271' title='bbox 1467 2156 1501 2187; x_wconf 93' lang='lat' dir='ltr'>in</span> <span class='ocrx_word' id='word_1_272' title='bbox 1520 2166 1586 2195; x_wconf 85' lang='lat' dir='ltr'>mg.</span> 
     </span>
     <span class='ocr_line' id='line_1_32' title="bbox 262 2199 1590 2241; baseline 0.004 -14"><span class='ocrx_word' id='word_1_273' title='bbox 262 2199 336 2228; x_wconf 86' lang='lat' dir='ltr'><strong>ead.</strong></span> <span class='ocrx_word' id='word_1_274' title='bbox 354 2208 395 2228; x_wconf 93' lang='lat' dir='ltr'>m.</span> <span class='ocrx_word' id='word_1_275' title='bbox 508 2199 628 2240; x_wconf 78' lang='grc' dir='ltr'>ὀλίγων</span> <span class='ocrx_word' id='word_1_276' title='bbox 651 2201 760 2239; x_wconf 88' lang='lat' dir='ltr'>codd.,</span> <span class='ocrx_word' id='word_1_277' title='bbox 777 2201 890 2241; x_wconf 80' lang='grc' dir='ltr'>ὀλίγον</span> <span class='ocrx_word' id='word_1_278' title='bbox 912 2200 1026 2232; x_wconf 81' lang='lat' dir='ltr'><strong>schol.</strong></span> <span class='ocrx_word' id='word_1_279' title='bbox 1045 2212 1052 2232; x_wconf 68' lang='grc' dir='ltr'>ι</span> <span class='ocrx_word' id='word_1_280' title='bbox 1077 2202 1258 2241; x_wconf 81' lang='grc' dir='ltr'>ἀλλοτρίων</span> <span class='ocrx_word' id='word_1_281' title='bbox 1281 2199 1415 2230; x_wconf 84' lang='lat' dir='ltr'>Dobree</span> <span class='ocrx_word' id='word_1_282' title='bbox 1433 2211 1440 2231; x_wconf 91' lang='lat'><strong>:</strong></span> <span class='ocrx_word' id='word_1_283' title='bbox 1464 2201 1590 2232; x_wconf 82' lang='grc' dir='ltr'>ὀθνείων</span> 
     </span>
     <span class='ocr_line' id='line_1_33' title="bbox 263 2241 1589 2284; baseline 0.002 -13"><span class='ocrx_word' id='word_1_284' title='bbox 263 2241 489 2279; x_wconf 78' lang='lat' dir='ltr'><strong>Herwerden‚</strong></span> <span class='ocrx_word' id='word_1_285' title='bbox 511 2249 601 2274; x_wconf 82' lang='lat' dir='ltr'>reete</span> <span class='ocrx_word' id='word_1_286' title='bbox 618 2243 714 2281; x_wconf 83' lang='lat' dir='ltr'>sort.;</span> <span class='ocrx_word' id='word_1_287' title='bbox 740 2245 798 2275; x_wconf 83' lang='lat' dir='ltr'>sed</span> <span class='ocrx_word' id='word_1_288' title='bbox 819 2245 860 2275; x_wconf 90' lang='lat' dir='ltr'>cf.</span> <span class='ocrx_word' id='word_1_289' title='bbox 880 2255 949 2275; x_wconf 87' lang='lat' dir='ltr'>xxv</span> <span class='ocrx_word' id='word_1_290' title='bbox 972 2254 1013 2284; x_wconf 91' lang='lat'>95</span> <span class='ocrx_word' id='word_1_291' title='bbox 1179 2245 1199 2273; x_wconf 91' lang='lat'><strong>6</strong></span> <span class='ocrx_word' id='word_1_292' title='bbox 1222 2245 1280 2276; x_wconf 86' lang='grc' dir='ltr'>τὸν</span> <span class='ocrx_word' id='word_1_293' title='bbox 1305 2243 1328 2274; x_wconf 90' lang='lat' dir='ltr'>S</span> <span class='ocrx_word' id='word_1_294' title='bbox 1342 2243 1374 2273; x_wconf 90' lang='lat' dir='ltr'><strong>A</strong></span> <span class='ocrx_word' id='word_1_295' title='bbox 1391 2255 1398 2274; x_wconf 91' lang='lat'><strong>:</strong></span> <span class='ocrx_word' id='word_1_296' title='bbox 1422 2244 1460 2274; x_wconf 77' lang='grc' dir='ltr'>τὸ</span> <span class='ocrx_word' id='word_1_297' title='bbox 1477 2243 1502 2273; x_wconf 87' lang='lat' dir='ltr'>F</span> <span class='ocrx_word' id='word_1_298' title='bbox 1515 2242 1546 2281; x_wconf 98' lang='lat' dir='ltr'>Q</span> <span class='ocrx_word' id='word_1_299' title='bbox 1560 2243 1589 2273; x_wconf 94' lang='lat' dir='ltr'>D</span> 
     </span>
     <span class='ocr_line' id='line_1_34' title="bbox 266 2285 1589 2326; baseline 0.002 -10"><span class='ocrx_word' id='word_1_300' title='bbox 266 2294 304 2315; x_wconf 90' lang='lat'>10</span> <span class='ocrx_word' id='word_1_301' title='bbox 327 2285 505 2317; x_wconf 82' lang='grc' dir='ltr'>κωλύουσιν</span> <span class='ocrx_word' id='word_1_302' title='bbox 529 2286 569 2325; x_wconf 89' lang='lat' dir='ltr'>D,</span> <span class='ocrx_word' id='word_1_303' title='bbox 586 2298 651 2326; x_wconf 87' lang='lat' dir='ltr'>mg.</span> <span class='ocrx_word' id='word_1_304' title='bbox 669 2289 720 2318; x_wconf 83' lang='lat' dir='ltr'>ed.</span> <span class='ocrx_word' id='word_1_305' title='bbox 743 2287 846 2320; x_wconf 81' lang='lat' dir='ltr'>Paris.</span> <span class='ocrx_word' id='word_1_306' title='bbox 866 2299 873 2318; x_wconf 76' lang='lat' dir='ltr'><strong><em>z</em></strong></span> <span class='ocrx_word' id='word_1_307' title='bbox 890 2289 1089 2320; x_wconf 82' lang='grc' dir='ltr'>κωλύσουσιν</span> <span class='ocrx_word' id='word_1_308' title='bbox 1106 2287 1130 2318; x_wconf 87' lang='lat' dir='ltr'>S</span> <span class='ocrx_word' id='word_1_309' title='bbox 1143 2286 1174 2316; x_wconf 85' lang='lat' dir='ltr'><strong>A</strong></span> <span class='ocrx_word' id='word_1_310' title='bbox 1187 2286 1213 2317; x_wconf 87' lang='lat' dir='ltr'>F</span> <span class='ocrx_word' id='word_1_311' title='bbox 1227 2286 1258 2325; x_wconf 87' lang='lat' dir='ltr'>Q</span> <span class='ocrx_word' id='word_1_312' title='bbox 1393 2287 1432 2317; x_wconf 88' lang='lat'>18</span> <span class='ocrx_word' id='word_1_313' title='bbox 1454 2289 1541 2318; x_wconf 84' lang='grc' dir='ltr'>τοῦθ’</span> <span class='ocrx_word' id='word_1_314' title='bbox 1559 2286 1589 2316; x_wconf 93' lang='lat' dir='ltr'>D</span> 
     </span>
     <span class='ocr_line' id='line_1_35' title="bbox 262 2328 1588 2371; baseline 0.002 -11"><span class='ocrx_word' id='word_1_315' title='bbox 262 2338 300 2357; x_wconf 87' lang='lat'>21</span> <span class='ocrx_word' id='word_1_316' title='bbox 318 2329 476 2369; x_wconf 80' lang='grc' dir='ltr'>ἐγράφετο</span> <span class='ocrx_word' id='word_1_317' title='bbox 487 2328 519 2358; x_wconf 90' lang='grc' dir='ltr'>Α</span> <span class='ocrx_word' id='word_1_318' title='bbox 535 2341 542 2360; x_wconf 92' lang='lat'>:</span> <span class='ocrx_word' id='word_1_319' title='bbox 566 2330 723 2371; x_wconf 74' lang='grc' dir='ltr'>γράφεται</span> <span class='ocrx_word' id='word_1_320' title='bbox 736 2341 802 2369; x_wconf 88' lang='lat' dir='ltr'>mg.</span> <span class='ocrx_word' id='word_1_321' title='bbox 815 2332 868 2362; x_wconf 82' lang='lat' dir='ltr'>ed.</span> <span class='ocrx_word' id='word_1_322' title='bbox 883 2331 988 2363; x_wconf 88' lang='lat' dir='ltr'>Paris.</span> <span class='ocrx_word' id='word_1_323' title='bbox 1007 2342 1014 2362; x_wconf 91' lang='lat'><strong>:</strong></span> <span class='ocrx_word' id='word_1_324' title='bbox 1040 2331 1196 2371; x_wconf 85' lang='grc' dir='ltr'>ἐγράφετε</span> <span class='ocrx_word' id='word_1_325' title='bbox 1214 2329 1238 2361; x_wconf 87' lang='lat' dir='ltr'>S</span> <span class='ocrx_word' id='word_1_326' title='bbox 1252 2329 1277 2360; x_wconf 89' lang='lat' dir='ltr'>F</span> <span class='ocrx_word' id='word_1_327' title='bbox 1290 2329 1320 2368; x_wconf 87' lang='lat' dir='ltr'>Q</span> <span class='ocrx_word' id='word_1_328' title='bbox 1337 2330 1366 2360; x_wconf 94' lang='lat' dir='ltr'>D</span> <span class='ocrx_word' id='word_1_329' title='bbox 1455 2339 1497 2368; x_wconf 85' lang='lat'>23</span> <span class='ocrx_word' id='word_1_330' title='bbox 1513 2336 1588 2362; x_wconf 85' lang='grc' dir='ltr'>Θεο-</span> 
     </span>
     <span class='ocr_line' id='line_1_36' title="bbox 262 2372 1589 2414; baseline 0.002 -11"><span class='ocrx_word' id='word_1_331' title='bbox 262 2372 383 2412; x_wconf 84' lang='grc' dir='ltr'>κρίνους</span> <span class='ocrx_word' id='word_1_332' title='bbox 398 2372 429 2401; x_wconf 93' lang='grc' dir='ltr'><strong>Α</strong></span> <span class='ocrx_word' id='word_1_333' title='bbox 568 2373 684 2405; x_wconf 76' lang='grc' dir='ltr'>τούτου</span> <span class='ocrx_word' id='word_1_334' title='bbox 699 2374 730 2403; x_wconf 92' lang='grc' dir='ltr'><strong>Α</strong></span> <span class='ocrx_word' id='word_1_335' title='bbox 750 2374 790 2405; x_wconf 87' lang='lat' dir='ltr'>cs.</span> <span class='ocrx_word' id='word_1_336' title='bbox 810 2374 880 2404; x_wconf 86' lang='lat' dir='ltr'>xliii</span> <span class='ocrx_word' id='word_1_337' title='bbox 898 2384 928 2408; x_wconf 73' lang='lat'>2.</span> <span class='ocrx_word' id='word_1_338' title='bbox 950 2374 1028 2414; x_wconf 84' lang='lat' dir='ltr'>Lys.</span> <span class='ocrx_word' id='word_1_339' title='bbox 1047 2375 1128 2404; x_wconf 81' lang='lat' dir='ltr'>xxiv</span> <span class='ocrx_word' id='word_1_340' title='bbox 1145 2383 1164 2412; x_wconf 86' lang='lat'><strong>3</strong></span> <span class='ocrx_word' id='word_1_341' title='bbox 1326 2384 1367 2412; x_wconf 86' lang='lat'>24</span> <span class='ocrx_word' id='word_1_342' title='bbox 1391 2373 1589 2414; x_wconf 79' lang='grc' dir='ltr'>κατετάξατο</span> 
     </span>
     <span class='ocr_line' id='line_1_37' title="bbox 262 2415 1587 2458; baseline 0.004 -14"><span class='ocrx_word' id='word_1_343' title='bbox 262 2416 354 2446; x_wconf 89' lang='lat' dir='ltr'>codd.</span> <span class='ocrx_word' id='word_1_344' title='bbox 371 2426 378 2446; x_wconf 89' lang='lat'>:</span> <span class='ocrx_word' id='word_1_345' title='bbox 405 2416 537 2456; x_wconf 78' lang='grc' dir='ltr'>ἐτάξατο</span> <span class='ocrx_word' id='word_1_346' title='bbox 555 2416 781 2449; x_wconf 83' lang='lat' dir='ltr'>Herwerden.</span> <span class='ocrx_word' id='word_1_347' title='bbox 799 2418 840 2449; x_wconf 85' lang='lat' dir='ltr'>cf.</span> <span class='ocrx_word' id='word_1_348' title='bbox 859 2418 964 2448; x_wconf 88' lang='lat' dir='ltr'>Thuc.</span> <span class='ocrx_word' id='word_1_349' title='bbox 979 2419 987 2447; x_wconf 80' lang='lat' dir='ltr'>i</span> <span class='ocrx_word' id='word_1_350' title='bbox 1007 2428 1063 2456; x_wconf 83' lang='lat'>117</span> <span class='ocrx_word' id='word_1_351' title='bbox 1133 2426 1173 2455; x_wconf 86' lang='lat'>25</span> <span class='ocrx_word' id='word_1_352' title='bbox 1189 2418 1278 2457; x_wconf 74' lang='grc' dir='ltr'>ἔχειὺ</span> <span class='ocrx_word' id='word_1_353' title='bbox 1291 2415 1315 2447; x_wconf 84' lang='lat' dir='ltr'>S</span> <span class='ocrx_word' id='word_1_354' title='bbox 1384 2427 1423 2455; x_wconf 82' lang='lat'>27</span> <span class='ocrx_word' id='word_1_355' title='bbox 1443 2418 1587 2458; x_wconf 82' lang='grc' dir='ltr'>Κριτωνί-</span> 
     </span>
     <span class='ocr_line' id='line_1_38' title="bbox 262 2458 1586 2501; baseline 0.001 -11"><span class='ocrx_word' id='word_1_356' title='bbox 262 2461 317 2496; x_wconf 86' lang='grc' dir='ltr'>δης</span> <span class='ocrx_word' id='word_1_357' title='bbox 340 2458 371 2487; x_wconf 90' lang='grc' dir='ltr'>Α</span> <span class='ocrx_word' id='word_1_358' title='bbox 507 2465 584 2498; x_wconf 87' lang='lat' dir='ltr'>post</span> <span class='ocrx_word' id='word_1_359' title='bbox 608 2462 795 2501; x_wconf 79' lang='grc' dir='ltr'>Σκιρωνίδης</span> <span class='ocrx_word' id='word_1_360' title='bbox 818 2462 893 2492; x_wconf 88' lang='lat' dir='ltr'><strong>add.</strong></span> <span class='ocrx_word' id='word_1_361' title='bbox 918 2466 1105 2494; x_wconf 81' lang='grc' dir='ltr'><strong>ΨΗΦΙΣΜΑ</strong></span> <span class='ocrx_word' id='word_1_362' title='bbox 1129 2461 1242 2500; x_wconf 84' lang='lat' dir='ltr'><strong>vulg.:</strong></span> <span class='ocrx_word' id='word_1_363' title='bbox 1265 2470 1331 2491; x_wconf 89' lang='lat' dir='ltr'>om.</span> <span class='ocrx_word' id='word_1_364' title='bbox 1355 2458 1422 2491; x_wconf 89' lang='lat' dir='ltr'>SD</span> <span class='ocrx_word' id='word_1_365' title='bbox 1554 2460 1586 2491; x_wconf 86' lang='grc' dir='ltr'>δὲ</span> 
     </span>
     <span class='ocr_line' id='line_1_39' title="bbox 261 2502 999 2544; baseline 0.004 -13"><span class='ocrx_word' id='word_1_366' title='bbox 261 2502 355 2532; x_wconf 93' lang='lat' dir='ltr'>codd.</span> <span class='ocrx_word' id='word_1_367' title='bbox 373 2513 380 2532; x_wconf 80' lang='lat' dir='ltr'><strong><em>z</em></strong></span> <span class='ocrx_word' id='word_1_368' title='bbox 401 2503 464 2543; x_wconf 81' lang='grc' dir='ltr'>γὰρ</span> <span class='ocrx_word' id='word_1_369' title='bbox 482 2502 578 2533; x_wconf 74' lang='lat' dir='ltr'>Blass</span> <span class='ocrx_word' id='word_1_370' title='bbox 683 2503 808 2544; x_wconf 77' lang='grc' dir='ltr'>οὑτοσὶ]</span> <span class='ocrx_word' id='word_1_371' title='bbox 828 2503 919 2536; x_wconf 66' lang='grc' dir='ltr'>οὗτος</span> <span class='ocrx_word' id='word_1_372' title='bbox 937 2507 952 2536; x_wconf 86' lang='grc' dir='ltr'><strong><em>ὁ</em></strong></span> <span class='ocrx_word' id='word_1_373' title='bbox 967 2504 999 2534; x_wconf 91' lang='grc' dir='ltr'>Α</span> 
     </span>
    </p>
   </div>
  </div>
 </body>
</html>
