1763 2778
145 128 289 188 [1396]
695 132 1209 188 [ΔΗΜΟΣΘΕΝΟΎΣ]
1575 132 1637 187 [Lx

312 236 509 289 δυσχερὴς
547 237 610 277 καὶ
651 236 827 289 χαλεπὸς
866 236 968 277 ἅπας
1005 237 1024 275 ὁ
1060 236 1294 286 λειπόμενος
1329 234 1377 276 ἂν
1412 235 1504 286 ἡμῖν
1544 237 1635 286 βίος

313 302 481 355 γένοιτο,
518 304 618 343 οὕτω
655 306 776 344 τῶνδε
810 307 886 343 τῶν
917 303 1068 355 ἀνδρῶν
1104 302 1389 355 ἀναιρεθέντων
1427 303 1468 342 ἐν
1500 303 1635 343 σκότει

315 370 376 410 καὶ
408 371 538 426 πολλῇ
576 371 766 424 δυσκλείᾳ
798 373 874 412 πᾶς
906 370 926 410 ὁ
955 369 1032 423 πρὸ
1066 373 1134 410 τοῦ
1172 370 1289 420 ζῆλος
1322 373 1401 410 τῶν
1426 368 1634 420 Ἑλλήνων

312 436 490 489 γέγονεν.

249 516 289 552 25
380 505 458 543 Διὰ
483 503 615 544 πολλὰ
641 503 674 544 δ’
701 505 859 546 εἰκότως
883 506 995 545 ὄντες
1021 508 1202 550 τοιοῦτοι,
1230 503 1292 544 διὰ
1326 503 1396 554 τὴν
1427 505 1634 544 πολιτείαν
1653 522 1671 554 5

313 570 387 624 οὐχ
412 570 541 621 ἥκιστ’
567 570 672 621 ἦσαν
707 574 928 612 σπουδαῖοι.
999 573 1039 612 αἱ
1069 574 1142 622 μὲν
1175 573 1251 624 γὰρ
1280 573 1344 611 διὰ
1375 574 1453 611 τῶν
1486 571 1633 622 ὀλίγων

313 640 537 678 δυναστεῖαι
562 637 649 680 δέος
673 641 745 689 μὲν
771 637 1047 690 ἐνεργάζονται
1070 642 1151 680 τοῖς
1171 639 1364 684 πολίταις,
1386 638 1580 690 αἰσχύνην
1600 637 1632 678 δ’

313 705 357 744 οὐ
382 708 636 756 παριστᾶσιν·
673 705 772 756 ἡνίκ’
792 704 840 745 ἂν
865 705 932 746 οῦν
957 707 977 745 ὁ
1004 706 1111 757 ἀγὼν
1137 705 1234 762 ἔλθῃ
1257 708 1328 745 τοῦ
1350 704 1540 755 πολέμου,
1557 707 1633 747 πᾶς

312 788 370 813 τις
395 771 563 825 εὐχερῶς
589 774 727 812 ἑαυτὸν
754 770 878 827 σῴζει,
907 773 1095 813 σ-υνειδὼς
1120 773 1194 818 ὅτι,
1220 773 1290 812 ἐὰν
1319 771 1408 813 τοὺς
1434 772 1585 823 κυρίους
1605 768 1631 822 ἢ

312 838 449 890 δώροις
473 835 496 889 ἢ
523 838 572 878 δι’
596 838 724 889 ἄλλης
747 839 989 890 ἡστινοσοῦν
1023 840 1178 890 ὁμιλίας
1208 838 1458 890 ἐξαρέσηται,
1485 837 1556 879 κᾶν
1584 840 1633 879 τὰ
1657 858 1694 879 ιο

312 904 501 945 δεινότατ’
522 906 803 962 ἀσχημονήσῃ,
821 906 959 958 μικρὸν
978 908 1129 949 ὄνειδος
1147 906 1192 946 τὸ
1217 909 1362 946 λοιπὸν
1386 906 1490 961 αὐτῷ
1516 922 1631 947 κατα·

247 977 291 1011 26
313 971 516 1022 στήσεται·
554 974 593 1014 αἱ
618 975 660 1014 δὲ
690 975 946 1025 δημοκρατίαι
978 972 1114 1014 πολλά
1141 971 1176 1013 τ’
1201 972 1308 1013 ἄλλα
1339 973 1401 1013 καὶ
1435 972 1536 1013 καλὰ
1571 973 1633 1013 καὶ

148 1032 289 1088 [1397]
311 1038 425 1080 δίκαι’
450 1040 627 1093 ἔχουσιν,
646 1041 699 1081 ὧν
723 1043 791 1080 τὸν
817 1041 857 1081 εῦ
884 1040 1094 1093 φρονοῦντ’
1119 1039 1359 1093 ἀντέχεσθαι
1383 1043 1453 1086 δεῖ,
1474 1041 1538 1081 καὶ
1561 1039 1633 1090 τὴν

311 1108 534 1159 παρρησίαν
574 1108 616 1147 ἐκ
653 1110 722 1158 τῆς
759 1109 945 1158 ἀληθείας
980 1107 1203 1159 ἠρτημένην
1237 1107 1306 1148 οὐκ
1341 1107 1429 1148 ἔστι
1464 1108 1633 1158 τάληθὲς

312 1176 458 1224 δηλοῦν
500 1173 737 1226 ἀποτρέψαι.
811 1175 899 1215 οὔτε
937 1176 1013 1227 γὰρ
1052 1174 1199 1215 πάντας
1240 1173 1510 1227 ἐξαρέσασθαι
1550 1177 1632 1216 τοῖς
1654 1196 1694 1228 15

312 1241 482 1294 αἰσχρόν
506 1258 543 1281 τι
567 1240 786 1292 ποιήσασιν
811 1242 991 1288 δυνατόν,
1010 1243 1100 1282 οὔτε
1117 1242 1236 1293 μόνος
1257 1242 1277 1281 ὁ
1295 1242 1465 1291 τάληθὲς
1482 1243 1632 1283 ὄνειδος

310 1307 441 1360 λέγων
465 1312 595 1349 λυπεῖ·
635 1309 696 1349 καὶ
720 1308 797 1361 γὰρ
823 1310 860 1349 οἱ
884 1312 1005 1360 μηδὲν
1029 1308 1080 1349 ἂν
1103 1309 1280 1351 εἰπόντες
1303 1308 1413 1349 αὐτοὶ
1436 1307 1630 1361 βλάσφη-

311 1391 385 1426 μον
409 1374 536 1415 ἄλλου
554 1393 599 1428 γε
619 1376 809 1428 λέγοντος
833 1376 1044 1429 χαίρουσιν
1065 1376 1286 1417 ἀκούοντες.
1343 1376 1366 1416 ἃ
1385 1376 1632 1428 φοβούμενοι

311 1441 455 1483 πάντες
481 1443 639 1485 εἰκότως
661 1449 710 1500 τῇ
734 1447 812 1484 τῶν
839 1442 939 1495 μετὰ
968 1443 1074 1483 ταῦτ’
1102 1444 1263 1484 ὀνειδῶν
1290 1443 1463 1498 αἰσχύνῃ
1491 1443 1561 1483 τόν
1589 1459 1632 1484 τε

311 1508 514 1561 προσίοντ’
538 1509 616 1550 ἀπὸ
641 1514 717 1550 τῶν
743 1512 932 1551 ἐναντίων
960 1512 1138 1551 κίνδυνον
1168 1510 1372 1563 εὐρώστως
1403 1509 1629 1561 ὑπέμειναν,
1653 1529 1693 1551 20

311 1576 375 1616 καὶ
399 1575 568 1617 θάνατον
594 1577 713 1617 καλὸν
739 1578 894 1618 εἵλοντο
918 1580 1075 1629 μᾶλλον
1099 1574 1122 1628 ἢ
1147 1579 1240 1629 βίον
1265 1578 1447 1631 αἰσχρόν.

246 1649 290 1683 27
372 1641 424 1683 ὁΑ
447 1646 520 1694 μὲν
553 1644 622 1685 οῦν
655 1650 763 1701 κοινῇ
797 1648 920 1685 πᾶσιν
951 1646 1127 1698 ὑπῆρχεν
1156 1648 1291 1685 τοῖσδε
1321 1648 1404 1686 τοῖς
1439 1643 1631 1697 ἀνδράσιν

312 1710 365 1750 εἰς
391 1710 434 1750 τὸ
461 1715 590 1753 καλῶς
621 1711 774 1752 ἐθέλειν
808 1710 1090 1768 ἀποθνῄσκειν,
1116 1713 1278 1764 εἴρηται,
1303 1710 1432 1764 γένος,
1459 1712 1628 1757 παιδεία,

310 1781 497 1829 χρηστῶν
544 1778 861 1830 ἐπιτηδευμάτων
917 1778 1118 1829 συνήθεια,
1166 1781 1235 1829 τῆς
1287 1779 1382 1828 ὅλης
1429 1779 1630 1820 πολιτείας

309 1844 510 1886 ὑπόθεσις·
537 1845 560 1885 ἃ
579 1847 621 1886 δὲ
638 1847 734 1885 κατὰ
755 1844 884 1898 φυλὰς
905 1846 1178 1897 παρεκάλεσεν
1198 1844 1388 1887 ἑκάστους
1411 1845 1631 1896 εὐρώστους
1652 1867 1691 1897 25

311 1910 423 1957 εἶναι,
466 1911 571 1951 ταῦτ’
608 1911 680 1962 ἤδη
719 1912 836 1963 λέξω.
906 1912 1057 1969 ᾔδεσαν
1099 1913 1242 1954 πάντες
1281 1911 1529 1965 Ἐρεχθεῖδαι
1561 1911 1630 1952 τὸν

309 1978 513 2029 ἐπώνυμον
551 1976 655 2030 (τὸν)
693 1980 820 2020 αὑτῶν
859 1979 1066 2033 Ἐρεχθέα,
1105 1979 1221 2020 ἕνεκα
1267 1982 1336 2019 τοῦ
1383 1983 1514 2033 σῷσαι
1558 1977 1630 2029 τὴν

308 2044 442 2097 χώραν
487 2047 556 2087 τὰς
603 2046 720 2086 αὑτοῦ
761 2050 915 2093 παῖδας,
956 2048 1001 2089 ἃς
1040 2046 1289 2088 Ὑακινθίδας
1328 2049 1531 2092 καλοῦσιν,
1575 2046 1630 2088 εἰς

309 2115 507 2163 προῦπτον
537 2112 706 2153 θάνατον
739 2113 843 2154 δόντ’
869 2115 1087 2154 ἀναλῶσαι.
1158 2112 1326 2167 αἰσχρὸν
1358 2113 1428 2154 οῦν
1459 2112 1630 2165 ἡγοῦντο

356 2230 415 2250 1-2
439 2221 477 2252 ἂν
494 2243 503 2252 .
523 2244 529 2251 .
551 2244 559 2252 .
574 2220 716 2262 γένοιτο]
735 2221 804 2257 Blos-
819 2221 939 2262 ’γένοιτ’
955 2222 992 2254 ἄν
1010 2221 1076 2261 FQ
1156 2232 1176 2261 3
1199 2221 1271 2262 τοῦ]
1290 2222 1406 2254 τούτου
1423 2221 1447 2252 S
1462 2232 1478 2252 r
1559 2223 1579 2253 8
1596 2223 1634 2254 ἃν

309 2263 364 2295 οὖν
381 2263 536 2295 Bekker:
561 2267 639 2304 ’γοῦν
654 2264 750 2295 codd.
917 2275 955 2304 14
979 2265 1072 2307 (τὴν)
1089 2267 1123 2297 ἐκ
1142 2265 1238 2296 Blass
1396 2275 1432 2304 15
1456 2265 1631 2306 ἀποτρέψαι

310 2311 386 2346 post
403 2310 521 2345 δηλοῦν
538 2307 561 2338 S
576 2307 606 2337 Y
619 2317 654 2338 r:
679 2312 757 2338 ante
774 2307 914 2345 τάληθὲς
933 2308 997 2347 FQ
1121 2310 1159 2339 16
1183 2311 1255 2341 οὔτε
1270 2308 1364 2347 μόνος
1381 2311 1397 2340 ὁ
1414 2309 1531 2339 Wolf:
1556 2310 1630 2340 ὥσθ’

310 2353 326 2382 ὁ
342 2351 436 2390 μόνος
454 2351 564 2389 codd„
587 2350 682 2380 Blass
699 2353 774 2382 οὔτε
787 2351 852 2392 ’γὰρ
867 2352 900 2381 in
918 2351 991 2383 οὐδὲ
1008 2353 1068 2393 γὰρ
1086 2358 1214 2382 mutato
1327 2361 1368 2391 25
1393 2351 1628 2393 παρεκάλεσεν]

309 2393 546 2434 παρεσκεύασεν
564 2394 588 2423 F
600 2407 650 2434 γρ.
667 2393 696 2432 Q
707 2409 760 2435 7p.
862 2397 904 2425 26
928 2399 1087 2436 ερεχθιδαι
1104 2394 1128 2426 S
1143 2406 1159 2426 r
1247 2405 1288 2435 27
1311 2395 1401 2438 (τὸν)
1420 2396 1496 2427 add.
1511 2394 1636 2436 Dyroff

309 2437 351 2467 28
374 2439 470 2470 αὐτοῦ
486 2442 565 2468 ante
582 2438 689 2479 χώραν
706 2438 779 2469 add.
801 2437 825 2468 S
849 2438 909 2468 sed
927 2448 1000 2469 cum
1017 2439 1106 2470 notis
1123 2438 1258 2470 delendi
