1763 2778
170 96 255 151 mv]
571 102 731 139 ΠΡΟΣ
779 100 1141 138 ΚΛᾹᾹΙΚΛΕΑ

196 199 346 251 μεστὸν
386 199 448 239 καὶ
488 198 657 251 μνήματ’
690 199 799 252 ἔχειν
828 196 916 239 τινὰ
951 198 1012 238 καὶ
1049 197 1166 238 τᾶλλ’
1203 197 1303 250 ἅπερ
1342 199 1404 239 καὶ
1440 202 1521 240 τοῖς

197 266 336 308 ἄλλοις
360 267 521 320 χωρίοις
545 265 820 317 συμβέβηκεν,
856 265 918 305 καὶ
950 265 1073 306 πάλιν
1106 266 1167 307 ὅτι
1201 266 1520 321 περιῳκοδομήθη

196 333 241 374 τὸ
264 335 411 386 χωρίον
455 334 598 383 ζῶντος
641 335 714 384 μὲν
755 332 812 373 ἔτι
852 336 919 372 τοῦ
959 332 1108 373 τούτων
1150 334 1310 384 πατρός,
1348 332 1416 373 οὐκ
1447 334 1519 384 ἀμ-

959 399 1012 414 ’l'
1056 399 1070 414 Ἰ

197 400 508 454 φισβητούντων
544 399 577 440 δ’
615 400 705 441 οὔτε
744 400 892 440 τούτων
931 417 999 440 ουτ
1050 405 1176 441 αλλου
1216 404 1294 441 τῶν
1333 400 1522 453 γειτόνων

157 483 176 516 5
196 467 372 515 οὐδενός,·

255 533 396 585 ”Agnou
429 533 475 582 δ’,
507 533 537 575 ὦ
572 533 711 586 ἄνδρες
745 534 940 581 δικασταί,
979 533 1041 574 καὶ
1078 533 1166 587 περὶ
1201 539 1278 575 τῶν
1303 534 1439 575 ἄλλων
1467 535 1521 574 ὧν

196 603 325 654 ε’ίρηκε
349 604 582 652 Καλλικλῆς
605 602 784 643 ἀκοῦσαι.
856 602 919 643 καὶ
952 601 1165 654 σκέψασθε
1192 606 1349 654 πρῶτον
1373 601 1459 653 μέν,
1487 603 1523 642 εἴ

195 685 253 711 τις
286 669 395 720 ὑμῶν
422 669 584 721 ἑόρακεν
612 665 635 719 ἢ
669 668 835 720 ἀκήκοεν
870 669 1031 711 πώποτε
1064 667 1155 722 παρ’
1192 669 1284 710 ὁδὸν
1319 668 1520 722 χαράδραν

193 736 330 777 οὖσαν.
400 736 507 787 οἶμαι
531 737 606 790 γὰρ
641 738 684 777 ἐν
714 736 825 793 πάσῃ
852 742 901 794 τῇ
936 737 1047 791 χώρᾳ
1080 738 1273 788 μηδεμίαν
1303 736 1416 777 εἶναι·
1452 739 1521 777 τοῦ

135 821 174 842 10
194 804 269 856 γὰρ
299 802 401 845 ἕνεκ’
435 800 534 856 (ἄν),
561 802 581 843 δ
608 805 672 844 διὰ
694 806 763 855 τῆς
789 804 880 843 ὁδοῦ
911 806 980 854 τῆς
1008 804 1202 854 δημοσίας
1238 803 1406 855 ἔμελλεν
1442 808 1518 854 βα-

193 873 364 911 διεῖσθαι
389 871 624 923 φερόμενον,
649 871 773 926 τούτῳ
799 873 862 911 διὰ
887 875 964 911 τῶν
991 871 1098 911 ἰδίων
1130 871 1288 924 χωρίων
1318 870 1519 924 χαράδραν

195 937 384 988 ἐποίησέν
407 954 485 985 τις;
512 937 650 979 ἔπειτα
672 939 732 980 τίς
759 936 808 978 ἂν
831 939 939 989 ὑμῶν
969 936 1039 978 εἴτ’
1066 939 1109 978 ἐν
1136 938 1243 993 ἀγρῷ
1279 937 1325 987 νὴ
1353 937 1415 978 Δί’
1450 936 1519 978 εἴτ’

195 1005 236 1045 ἐν
262 1004 378 1046 ἄστει
399 1007 444 1045 τὸ
471 1006 535 1045 διὰ
558 1007 628 1056 τῆς
656 1006 748 1045 ὁδοῦ
774 1004 866 1058 ῥέον
897 1006 999 1057 ὕδωρ
1036 1006 1092 1047 εἰς
1126 1003 1171 1045 τὸ
1208 1006 1355 1057 χωρίον
1389 1001 1413 1055 ἢ
1450 1004 1520 1054 τὴν

193 1072 321 1112 οἰκίαν
358 1069 503 1121 δέξαιτ’
537 1070 587 1113 ἂν
623 1068 789 1124 [αὑτοῦ];
820 1071 911 1112 ἀλλ’
938 1072 1006 1113 οὐκ
1040 1071 1134 1112 αὐτὸ
1171 1072 1411 1118 τούναντίον,
1451 1069 1521 1111 κᾶν

136 1152 172 1185 15
192 1138 389 1190 βιάσηταί
432 1156 540 1186 ποτε,
581 1139 853 1193 ἀποφράττειν
893 1138 1064 1181 ἅπαντες
1113 1139 1175 1180 καὶ
1221 1141 1522 1191 παροικοδομεῖν

194 1205 402 1257 εἰώθαμεν,·
452 1206 567 1249 οὗτος
616 1207 749 1247 τοίνυν
794 1204 901 1255 ἀξιοῖ
935 1205 974 1258 μ’
1012 1207 1056 1247 ἐκ
1098 1207 1168 1257 τῆς
1208 1206 1300 1246 ὁδοῦ
1335 1205 1379 1246 τὸ
1420 1207 1520 1257 ὕδωρ

194 1272 472 1324 εἰσδεξάμενον
497 1274 552 1315 εἷς
575 1272 620 1313 τὸ
640 1275 805 1324 ἐμαυτοῦ
830 1274 989 1327 χωρίον,
1015 1274 1112 1314 ὅταν
1136 1272 1180 1314 τὸ
1205 1273 1344 1314 τούτου
1368 1278 1520 1325 παραλ-

192 1339 295 1397 λάξῃ
319 1341 477 1395 χωρίον,
498 1339 621 1381 πάλιν
647 1342 701 1382 εἷς
726 1340 796 1391 τὴν
822 1340 913 1381 ὁδὸν
941 1339 1166 1393 ἐξαγαγεῖν.
1236 1340 1378 1381 οὐκοῦν
1401 1339 1522 1380 πάλιν

194 1407 215 1447 ὅ
237 1408 337 1459 μετὰ
359 1408 495 1448 τοῦτόν
518 1424 586 1459 μοι
610 1412 795 1461 γεωργῶν
831 1411 909 1448 τῶν
939 1408 1129 1461 γειτόνων
1163 1409 1338 1460 ἐγκαλεῖ·
1368 1406 1413 1448 τδ
1444 1408 1519 1459 γὰρ

134 1491 174 1514 20
192 1475 289 1528 ὑπὲρ
335 1474 474 1515 τούτου
518 1476 672 1516 δίκαιον
716 1477 839 1526 δῆλον
878 1475 941 1516 ὅτι
980 1475 1173 1517 κάκείνοις
1211 1473 1377 1527 ὑπάρξει
1423 1476 1523 1514 πᾶσι

192 1540 340 1594 λέγειν.
412 1542 519 1582 ἀλλὰ
558 1541 636 1593 μὴν
674 1543 710 1583 εἴ
743 1540 780 1595 γ’
810 1543 865 1584 εἰς
899 1541 972 1592 τὴν
1010 1541 1101 1582 ὁδὸν
1140 1540 1297 1592 ὀκνήσω
1338 1540 1383 1581 τὸ
1419 1541 1520 1592 ὕδωρ

194 1606 365 1662 ἐξάγειν,
389 1607 415 1660 ἦ
439 1626 514 1650 που
542 1610 702 1662 σφόδρα
730 1611 883 1661 θαρρῶν
910 1610 965 1651 εἷς
992 1608 1038 1649 τὸ
1070 1612 1138 1649 τοῦ
1167 1609 1342 1659 πλησίον
1374 1608 1521 1660 χωρίον

194 1676 356 1728 ἀφιείην
389 1674 450 1716 ἄν.
522 1677 620 1717 ὅπου
643 1678 718 1729 γὰρ
750 1678 859 1719 δίκας
884 1675 1093 1727 ἀτιμήτους
1121 1675 1256 1728 φεύγω
1287 1675 1387 1715 διότι
1411 1673 1455 1715 τὸ
1479 1674 1521 1714 ἐκ

194 1745 264 1794 τῆς
304 1744 395 1783 ὁδοῦ
433 1742 525 1796 ῥέον
560 1744 664 1795 ὕδωρ
704 1745 759 1786 εἰς
799 1743 846 1785 τὸ
882 1743 1022 1784 τούτου
1064 1744 1212 1796 χωρίον
1249 1741 1445 1788 διέπεσεν,
1484 1739 1525 1781 τί

136 1825 173 1857 25
195 1811 384 1862 πείσομαι
421 1809 518 1863 πρὸς
561 1810 659 1853 Διὸς
697 1810 774 1851 ὑπὸ
802 1814 881 1851 τῶν
919 1812 961 1850 ἐκ
999 1813 1067 1851 τοῦ
1096 1811 1243 1864 χωρίου
1279 1808 1423 1859 τούμοῦ
1454 1811 1522 1848 τοῦ

192 1878 333 1922 ὕδατος
367 1877 628 1921 εἰσπεσόντος
663 1877 977 1929 βλαπτομένων;
1019 1877 1117 1918 ὅπου
1158 1878 1201 1917 δὲ
1236 1875 1324 1928 μήτ’
1363 1877 1417 1918 εἰς
1453 1874 1523 1925 τὴν

195 1943 287 1985 ὁδὸν
309 1943 399 1996 μήτ’
436 1946 490 1987 εἷς
525 1947 572 1986 τὰ
609 1944 723 1999 χωρί’
747 1945 910 1998 ἀφιέναι
938 1961 1006 1996 μοι
1029 1943 1074 1984 τὸ
1098 1945 1200 1996 ὕδωρ
1226 1942 1384 1995 ἐξέσται
1409 1941 1521 1993 δεξα-

242 2063 255 2085 1
283 2054 361 2096 ἔχον
376 2053 408 2085 Α
529 2065 548 2085 2
573 2055 685 2087 ἄλλοις
702 2054 726 2086 S
743 2054 833 2094 vulg.
851 2065 859 2085 ε
882 2055 1050 2086 πλείστοις
1062 2053 1094 2084 A
1215 2062 1236 2092 3
1260 2055 1318 2084 τοῦ
1333 2051 1455 2084 τούτων
1470 2049 1500 2081 Α
1515 2062 1523 2082 :

195 2101 260 2130 τῶν
274 2097 390 2130 τούτου
401 2098 425 2129 S
440 2109 448 2129 2
471 2101 529 2131 ’τοῦ
542 2099 657 2130 τούτου
677 2099 702 2129 F
718 2099 747 2137 Q
762 2098 792 2128 D
880 2108 899 2136 4
925 2100 997 2130 οὔτε
1010 2097 1133 2129 τούτων
1145 2096 1177 2127 Α
1194 2107 1201 2127 :
1225 2095 1295 2129 οὐδὲ
1307 2096 1430 2128 τούτων
1446 2100 1522 2126 cett.

197 2151 215 2181 7
240 2141 400 2183 σκέψασθε
419 2141 444 2172 F
458 2152 465 2172 :
491 2142 668 2183 σκέψασθαι
682 2143 705 2174 S
718 2141 749 2172 A
760 2142 790 2180 Q
804 2142 835 2172 D
905 2143 925 2172 8
949 2142 1019 2182 ἑώρ.
1035 2140 1129 2171 codd.
1201 2151 1239 2171 10
1261 2140 1300 2172 ἂν
1312 2140 1388 2171 add.
1404 2139 1522 2169 Blass:

195 2190 271 2225 post
291 2185 453 2227 χαράδραν
470 2186 499 2226 (1
511 2186 540 2227 Ι)
558 2186 734 2217 addiderat
751 2186 904 2225 Zurborg
1000 2195 1035 2215 11
1061 2186 1159 2217 τοῦτο
1176 2183 1201 2216 S
1213 2183 1246 2214 A
1259 2183 1288 2222 Q
1301 2183 1331 2213 D
1424 2192 1461 2212 12
1484 2182 1524 2213 ἂν

197 2233 230 2259 et
247 2229 285 2267 νὴ
302 2230 363 2261 Δία
378 2239 442 2261 om.
460 2229 491 2259 A
599 2239 636 2267 13
661 2231 740 2271 ὕδωρ
756 2230 827 2271 ῥέον
846 2229 877 2259 Α
984 2239 1022 2266 14
1046 2232 1123 2268 post
1140 2229 1179 2260 ἂν
1194 2228 1270 2258 add.
1289 2229 1384 2258 αὑτοῦ
1401 2226 1499 2256 codd.
1515 2235 1523 2255 2

195 2273 255 2310 τὴν
270 2274 366 2304 αὑτοῦ
382 2272 478 2303 Turr.
495 2283 502 2303 :
526 2272 590 2304 del.
611 2272 710 2304 Blass
777 2274 854 2305 αὐτὸ
867 2272 898 2302 Α
913 2283 920 2302 :
943 2272 982 2304 ’ἂν
995 2277 1070 2302 cett.
1088 2272 1212 2310 (neque
1231 2271 1307 2303 αὐτὸ
1321 2280 1430 2309 neque
1447 2277 1525 2299 mox

197 2315 372 2356 ἐγκαλέσει
387 2316 488 2346 habet
505 2316 528 2346 S
546 2316 579 2346 in
599 2319 682 2356 mg.)
772 2327 812 2346 22
837 2320 915 2356 post
933 2318 1050 2354 θαρρῶν
1069 2315 1145 2345 add,
1165 2314 1196 2355 γ’
1215 2314 1387 2353 Ηίτεςὴίς,
1406 2313 1467 2343 sed
1483 2311 1524 2342 cs.

199 2359 279 2399 Lys.
297 2370 369 2389 xxx
388 2369 440 2398 17,
458 2360 538 2399 Lyc.
560 2362 575 2397 ξ
595 2370 632 2399 71
752 2370 793 2398 23
817 2360 943 2401 ἀφιείην
962 2359 1058 2389 Blass
1075 2370 1081 2388 :
1107 2359 1219 2398 ἀφείην
1236 2358 1332 2388 codd.
1445 2354 1524 2396 γὰρ]

198 2404 259 2443 ’γὰρ
275 2404 339 2435 νυνὶ
356 2403 388 2432 Α
468 2404 639 2444 ἀτιμήτους
656 2402 764 2444 φεύγω
780 2404 867 2436 δίκας
882 2402 915 2433 Α
1020 2412 1060 2439 24
1078 2401 1224 2433 εἰσέπεσε
1238 2400 1269 2430 Α
1379 2408 1419 2437 27
1436 2397 1525 2440 ἀφιέ-

199 2458 249 2477 ναι
264 2445 290 2476 F
304 2445 335 2485 Q
347 2446 377 2477 D
395 2456 403 2477 τ
427 2453 570 2485 αφειεναι
587 2446 611 2478 S
627 2456 635 2478 ἔ
660 2447 785 2487 ἀφεῖναι
801 2445 833 2476 Α
923 2444 1051 2486 ἐξέσται
1065 2444 1096 2474 Α
1111 2454 1118 2475 2
1143 2445 1248 2484 ἔξεστι
1265 2442 1290 2474 S
1306 2441 1372 2481 ΡΩ
1386 2442 1416 2473 D

1541 99 1676 154 [1275]

1546 542 1586 576 16

1542 606 1678 662 [1276]

1544 951 1583 986 17

1545 1549 1585 1582 18
