1742 2774
130 150 218 206 xm]
507 154 664 193 ΠΡΟΣ
713 155 1087 194 ΦΑΙΝΙΠΠΟΝ

129 254 220 296 τοὺς
243 252 585 307 προεισφέροντας
611 252 674 294 καὶ
702 252 754 305 μὴ
781 253 1004 306 ἐπιτρέπειν
1031 254 1294 306 δραπετεύειν.
1365 255 1460 308 λέγε

131 325 284 375 πρῶτον
308 323 380 373 μὲν
405 320 476 372 τὴν
499 322 726 374 μαρτυρίαν,
755 321 890 362 ἔπειτα
913 321 985 371 τὴν
1011 322 1221 375 ἀπόφασιν
1247 321 1375 364 αὐτοῦ.

561 418 768 446 ΜΑΡἹὝΡΙΑ.
817 418 1034 448 ΑΠΟΦΑΣΙΣ.

190 481 269 522 ’Έα
303 485 435 522 ταῦτα.
508 482 633 522 καίτοι
668 483 802 522 πολλὰ
841 485 919 523 τῶν
957 483 1114 523 ἔνδοθεν
1153 482 1392 536 ἐκφορήσας,
1432 482 1460 524 ὦ

92 562 109 594 5
130 549 267 602 ἄνδρες
298 549 494 595 δικασταί,
523 550 760 595 Φαίνιππος,
793 548 953 600 ἀνοίξας
984 551 1033 590 τὰ
1065 551 1462 603 παρασεσημασμένα

129 621 207 657 τῶν
231 615 466 667 οἰκημάτων,
494 615 545 658 ὡς
578 617 669 667 ὑμῖν
697 616 1001 669 μεμαρτύρηται,
1033 618 1095 658 καὶ
1130 619 1355 658 καταλιπὼν
1386 620 1461 659 ὅσα

131 683 266 734 ἔδοξεν
302 683 416 738 αὐτῷ,
454 683 619 738 δευτέρῳ
656 684 748 735 μηνὶ
784 683 856 734 τὴν
891 685 1100 737 ἀπόφασιν
1137 685 1258 726 ἔδωκέ
1292 702 1359 736 μοι
1395 688 1462 736 τῆς

130 751 281 792 οὐσίας.
341 749 432 791 ἀλλ’
457 751 562 802 ὅμως
588 751 633 792 ὲά
659 755 791 792 ταῦτα.
852 750 947 805 λέγε
973 752 1006 792 δ’
1029 753 1229 796 ἐντευθενί
1253 756 1262 770 ‘
1283 753 1346 793 ἐπὶ
1372 754 1459 793 τού-

128 836 209 861 τοις
233 818 325 859 τάδε
349 819 502 871 ὀφείλω
518 817 544 860 ’.

72 925 110 947 10
682 900 901 931 ΑΠΟΦΑΣΙΣ.

196 962 405 1018 Ἐπίσχες.
467 963 562 1014 αὕτη
590 965 713 1010 ἐστίν,
741 963 770 1005 ὦ
797 964 934 1017 ἄνδρες
964 966 1158 1011 δικασταί,
1179 965 1202 1016 ἡ
1228 964 1460 1018 Ἀριστονόη

130 1033 198 1072 τοῦ
221 1030 501 1084 Φιλοστράτου
527 1030 714 1084 θυγάτηρ,
742 1031 867 1085 μήτηρ
894 1034 936 1072 δὲ
960 1036 1127 1073 τουτουί.
1199 1033 1318 1089 ταύτῃ
1337 1033 1463 1087 χρέως

131 1098 258 1152 φησὶν
283 1099 523 1152 ὀφείλεσθαι
549 1099 775 1141 Φαίνιππος
800 1099 872 1150 τὴν
897 1103 1052 1151 προῖκα,
1075 1099 1120 1150 ἧς
1141 1101 1176 1140 οἱ
1196 1100 1307 1151 νόμοι
1334 1101 1463 1153 κύριον

130 1169 268 1207 τοῦτον
300 1170 496 1216 ποιοῦσιν,
534 1167 782 1220 ψευδόμενος
818 1167 880 1207 καὶ
916 1166 960 1207 οὐ
996 1168 1153 1209 δικαίως
1182 1167 1384 1220 χρώμενος
1416 1174 1463 1225 τῇ

71 1253 110 1287 ῐ5
131 1232 348 1287 ἀποφάσει.
419 1233 483 1274 διὰ
519 1234 559 1274 τί
593 1236 667 1287 γὰρ
701 1234 791 1286 ἐγώ,
827 1235 1040 1280 Φαίνιππε,
1068 1235 1265 1285 μενούσης
1297 1252 1363 1286 μοι
1394 1237 1462 1285 τῆς

131 1301 276 1354 μητρὸς
301 1303 342 1342 ἐν
367 1305 420 1357 τῷ
440 1302 532 1356 οἴκῳ
559 1301 622 1342 καὶ
653 1301 780 1352 ζώσης
801 1302 862 1342 καὶ
891 1306 1033 1354 προῖκα
1051 1301 1375 1354 ἐπενεγκαμένης,
1394 1303 1461 1343 οὐκ

131 1367 353 1422 ἀπογράφω
378 1369 449 1419 τὴν
475 1372 617 1421 προῖκα
648 1369 775 1423 χρέως
803 1369 913 1425 αὐτῇ,
943 1369 1032 1410 οὐδὲ
1058 1370 1350 1421 παρακρούομαι
1373 1370 1462 1412 τοὺς

131 1435 334 1482 δικαστάς,
362 1435 455 1475 ἀλλ’
481 1437 530 1476 ἐῶ
555 1436 738 1490 μετέχειν
763 1440 841 1477 τῶν
873 1438 1040 1488 ἐμαυτοῦ
1064 1436 1134 1487 τὴν
1166 1436 1326 1487 μητέρα,
1354 1437 1402 1477 ἄν
1421 1455 1461 1477 τε

131 1502 202 1555 τὴν
228 1503 455 1544 Φαινίππου
479 1502 527 1544 ἄν
559 1521 601 1544 τε
630 1503 702 1554 τὴν
738 1505 906 1555 ἐμαυτοῦ
939 1503 1017 1556 ἔχω
1045 1503 1203 1550 οὐσίαν;
1246 1504 1307 1544 ὅτι
1332 1506 1367 1545 οἱ
1396 1504 1462 1544 νό-

70 1592 110 1615 20
128 1587 196 1623 μοι
218 1574 341 1613 ταῦτα
366 1571 609 1618 κελεύουσιν,
628 1568 658 1610 ὦ
684 1570 891 1623 βέλτιστε·
930 1570 980 1612 σὺ
999 1573 1040 1612 δὲ
1067 1571 1195 1612 πάντα
1215 1575 1338 1613 ποιεῖς
1359 1573 1462 1625 παρὰ

129 1638 220 1682 τοὺς
241 1639 396 1691 νόμους.
467 1636 556 1692 λέγ’
576 1638 724 1692 ἕτερον.

671 1737 891 1768 ΑΠΟΦΑΣῙΣ.

195 1799 392 1848 Ἀκούετε,
411 1797 440 1841 ὦ
465 1797 602 1854 ἄνδρες
623 1803 817 1843 δικασταί·
857 1802 1063 1856 Παμφίλῳ
1085 1801 1210 1854 φησὶν
1237 1801 1298 1842 καὶ
1325 1802 1461 1842 Φειδό-

127 1873 207 1924 λεῳ
243 1867 517 1921 Ῥαμνουσίοις
555 1875 664 1927 κοινῇ
696 1867 894 1910 τάλαντον
925 1870 1151 1922 ἐνοφείλειν
1177 1869 1238 1909 καὶ
1273 1870 1459 1925 Αἰαντίδῃ

71 1945 108 1979 25
130 1938 258 1977 Φλυεῖ
269 1937 590 1992 τετρακισχιλίας
609 1937 672 1978 καὶ
689 1936 963 1990 Ἀριστομένει
981 1936 1259 1991 Ἀναγυρασίῳ
1274 1936 1461 1988 τέτταρας

131 2003 192 2044 καὶ
224 2002 319 2045 δέκα
349 2007 459 2057 μνᾶς.
531 2005 595 2045 διὰ
626 2005 666 2045 τί
688 2005 768 2051 οὖν,
805 2006 1020 2053 Φαίνιππε,
1057 2005 1122 2044 ὅτε
1148 2005 1221 2055 μὲν
1253 2004 1329 2056 ἐγὼ
1361 2002 1457 2055 μάρ-

129 2087 242 2123 τυρας
267 2071 373 2125 ἔχων
397 2071 558 2124 ἠρώτων
593 2088 654 2118 σε,
683 2073 778 2113 εἴτι
810 2072 988 2125 ὀφείλεις
1022 2071 1084 2111 ἐπὶ
1118 2071 1164 2127 τῇ
1190 2071 1370 2126 ἐσχατιᾷ,
1400 2070 1460 2110 καὶ

130 2137 312 2179 ἐκέλευον
337 2138 462 2190 δεῖξαι
481 2140 574 2191 ὅρον
599 2140 635 2180 εἴ
658 2156 732 2180 που
757 2139 908 2186 ἔπεστι,
931 2139 994 2179 καὶ
1020 2139 1330 2191 διεμαρτυρόμην
1355 2138 1461 2182 ὅπως

129 2203 181 2256 μή
206 2222 271 2256 μοι
285 2206 454 2258 ὕστερον
471 2206 834 2258 κατεσκευασμένοι
853 2207 1056 2247 δανεισταὶ
1083 2204 1346 2258 φανήσονται,
1372 2206 1460 2246 τότε

172 2309 193 2339 8
218 2312 364 2342 ἐντεῦθεν
380 2309 409 2340 Α
424 2309 454 2340 D
567 2320 605 2342 12
629 2313 686 2343 τοῦ
704 2310 791 2342 SA:
816 2311 836 2350 ἡ
852 2313 909 2343 τοῦ
925 2310 950 2341 F
963 2309 994 2349 Q
1008 2310 1038 2341 D
1161 2321 1200 2350 14
1225 2310 1328 2351 δικαίᾳ
1348 2308 1414 2347 FQ
1429 2309 1457 2338 D

134 2361 171 2391 17
197 2354 296 2391 αὐτὴν
314 2352 338 2383 S
507 2364 547 2384 21
573 2354 652 2395 λέγε
666 2357 692 2386 δ’
711 2354 818 2396 ἕτερον
834 2355 864 2384 Α
1034 2363 1075 2392 23
1100 2354 1256 2395 Φειδόλεῳ
1273 2354 1304 2383 Α
1319 2353 1347 2383 D
1362 2365 1369 2385 :
1393 2355 1457 2384 Φιδ.

130 2400 209 2427 cett.
287 2406 328 2434 24
347 2398 524 2437 ἐνοφείλειν
537 2397 673 2428 Bekker
688 2409 695 2429 ε
713 2398 747 2430 ἓν
758 2399 809 2439 ὀφ.
825 2397 849 2428 S
870 2399 937 2439 (me
949 2402 1036 2428 teste
1065 2397 1090 2426 F
1102 2410 1153 2438 γρ.
1169 2396 1199 2435 Q
1211 2410 1262 2437 γρ.
1276 2408 1282 2428 ;
1301 2397 1353 2437 ὀφ.
1368 2396 1455 2435 vulg.

131 2448 171 2477 25
196 2444 273 2479 post
291 2443 390 2471 Φλυεῖ
407 2440 574 2471 excidisse
594 2441 768 2472 Theotelis
795 2451 915 2471 nomen
941 2442 1078 2471 adnotat
1106 2441 1272 2471 Schaeser
1290 2440 1361 2471 coll.
1382 2442 1398 2477 ς
1417 2449 1459 2479 29

131 2483 173 2512 26
196 2496 228 2515 τι
244 2482 299 2515 οὖν
314 2483 402 2523 vulg.
421 2494 429 2514 ε
451 2485 483 2516 τί
500 2484 524 2515 S
655 2494 694 2524 27
722 2484 906 2525 ὀφείλοιςΑ
1049 2485 1091 2513 28
1116 2485 1187 2525 ὅρον
1206 2487 1299 2524 δεῖξαι
1318 2483 1349 2512 A

1331 2537 1371 2567 2*

1482 156 1624 211 [1046]

1482 489 1527 523 26

1484 620 1603 674 [1047
1619 621 1622 638 ³

1483 983 1526 1017 27

1482 1799 1525 1832 28
