1763 2778
134 111 252 167 mn]
320 116 479 154 ΚΑΤΑ
529 117 737 154 ΕΎΕΡΓ.
790 117 891 153 KAI
941 116 1201 154 MNHEJB.
1249 117 1429 154 ψΕτΔ.
1484 111 1620 166 [1146]

134 240 209 275 μου
247 223 425 265 εἰπόντος
455 222 522 263 οὐκ
549 223 747 269 ἀπεδίδου,
772 223 942 275 ὕστερον
976 222 1079 277 αὐτῷ
1120 223 1340 275 περιτυχὼν
1377 223 1464 276 περὶ

135 290 204 332 τὸν
226 289 378 343 Ἑρμῆν
409 289 478 331 τὸν
511 289 607 342 πρὸς
638 290 683 346 τῇ
718 291 851 330 πυλίδι
886 289 1248 341 προσεκαλεσάμην
1287 291 1384 343 πρός
1422 308 1464 332 τε

135 357 224 400 τοὺς
262 356 515 399 ἀποστολέας
549 358 610 398 καὶ
647 357 742 410 πρὸς
774 356 863 399 τοὺς
900 361 977 398 τῶν
1005 358 1177 409 νεωρίων
1210 358 1463 409 ἐπιμελητάς·
1487 367 1617 421 [1147]

136 425 241 466 οὗτοι
274 426 350 478 γὰρ
381 426 546 477 εἰσῆγον
578 425 668 465 τότε
692 425 761 466 τὰς
792 426 1038 466 διαδικασίας
1065 426 1119 466 εἰς
1143 423 1188 464 τὸ
1212 424 1465 477 δικαστήριον

97 506 115 539 5
136 492 224 545 περὶ
249 496 327 533 τῶν
352 496 519 533 σκευῶν.
573 491 624 534 ὡς
642 493 684 532 δὲ
704 492 831 543 ἀληθῆ
851 491 972 544 λέγω,
994 492 1142 532 τούτων
1160 492 1251 543 ὑμῖν
1269 492 1465 544 μάρτυρας
1486 512 1529 546 27

135 558 226 602 τοὺς
250 559 543 610 κλητεύσαντας
569 558 799 611 παρέξομαι.

692 685 910 715 ΜΑΡΤΥΡΕΣ.

196 765 291 807 “Ότι
326 768 399 817 μὲν
435 768 565 807 τοίνυν
601 766 857 819 προσεκλήθη
886 767 952 808 ὑπ’
977 769 1083 819 ἐμοῦ,
1112 770 1148 809 οἱ
1182 767 1374 821 κλητῆρές
1401 785 1468 820 μοι

135 831 494 886 μεμαρτυρήκασιν·
539 834 590 876 ὡς
619 837 661 875 δὲ
697 833 866 888 εἰσήχθη
905 836 959 876 εἰς
991 835 1036 874 τὸ
1070 834 1334 887 δικαστήριον,
1360 835 1468 887 λαβέ

75 919 118 942 10
135 918 203 953 μοι
226 900 298 951 τὴν
323 901 538 952 μαρτυρίαν
562 905 639 942 τῶν
665 901 924 942 ἀποστολέων
951 903 1013 943 καὶ
1038 905 1107 953 τῆς
1132 903 1268 955 ἀρχῆς.

703 1039 913 1066 ΜΑΡΤὙῬῙΑ.

199 1118 279 1161 “Ov
302 1121 375 1171 μὲν
400 1120 532 1160 τοίνυν
557 1118 663 1175 ᾤμην
687 1118 900 1172 πράγματα
923 1119 1111 1171 παρέξειν
1133 1138 1199 1172 μοι
1228 1111 1471 1174 Δημοχάρην
1492 1133 1533 1166 28

138 1187 208 1229 τὸν
234 1186 442 1233 Παιανιέα,
469 1186 560 1238 πρὶν
591 1188 665 1237 μὲν
698 1188 933 1240 εἰσαχθῆναι
968 1189 1023 1229 εἰς
1054 1187 1098 1227 τὸ
1132 1187 1385 1239 δικαστήριον
1422 1187 1471 1238 ἦν

139 1253 272 1306 ἀηδής,
294 1252 428 1304 ἐπειδὴ
450 1255 490 1294 δὲ
510 1252 680 1307 εἰσήχθη
701 1254 764 1295 καὶ
791 1253 909 1300 ἑάλω,
933 1253 1134 1295 ἀπέδωκεν
1152 1254 1196 1294 τὸ
1224 1254 1308 1295 καθ’
1335 1257 1471 1295 ἑαυτὸν

81 1340 119 1373 15
139 1321 257 1374 μέρος
280 1326 359 1361 τῶν
384 1325 549 1362 σκευῶν.
611 1319 657 1361 δν
682 1321 715 1361 δ’
736 1320 805 1361 οὐκ
829 1320 876 1361 ἂν
902 1320 1030 1376 ᾠήθην
1051 1323 1106 1364 εἰς
1132 1326 1325 1362 τοσοῦτον
1351 1339 1470 1373 πονη-

138 1391 225 1442 ρίας
248 1390 382 1429 ἐλθεῖν
406 1389 512 1428 ὥστε
536 1391 739 1440 τολμῆσαι
763 1388 810 1428 ἄν
835 1406 930 1430 ποτε
955 1388 1027 1439 τὴν
1051 1389 1171 1430 πόλιν
1197 1390 1475 1441 ἀποστερῆσαι

139 1458 188 1497 τὰ
221 1456 355 1506 σκεύη,
383 1457 437 1498 εἰς
468 1458 635 1496 τοσοῦτο
671 1458 791 1497 δικῶν
830 1455 894 1496 καὶ
925 1456 1164 1508 πραγμάτων
1203 1456 1474 1508 προβέβηκεν.

142 1523 204 1565 καὶ
235 1523 371 1576 παρὼν
397 1525 471 1575 μὲν
499 1521 598 1575 πρὸς
623 1526 676 1578 τῷ
702 1524 953 1578 δικαστηρίῳ,
981 1524 1047 1564 ὅτε
1082 1522 1280 1576 εἰσήγετο,
1306 1524 1476 1575 οὐδαμοῦ

140 1590 410 1642 ἠντεδίκησεν,
435 1590 526 1631 οὐδὲ
561 1589 821 1642 ἀπεγράψατο
854 1591 1102 1631 διαδικασίαν
1131 1590 1228 1642 πρὸς
1262 1590 1413 1637 οὐδένα,
1442 1592 1479 1631 εἵ

83 1675 123 1697 20
140 1657 229 1699 τινά
265 1663 393 1711 φησιν
423 1657 557 1709 ἕτερον
588 1657 699 1711 ἔχειν
725 1658 773 1697 τὰ
803 1657 923 1707 σκεύη
956 1658 1018 1697 καὶ
1050 1657 1103 1708 μὴ
1132 1656 1348 1709 προσήκειν
1373 1659 1474 1712 αὑτῷ

142 1725 368 1770 ἀποδοῦναι,
389 1724 481 1764 ἀλλ’
503 1725 638 1765 εἴασεν
657 1723 741 1764 καθ’
762 1725 880 1764 αὑτοῦ
903 1726 1047 1777 ψῆφον
1066 1726 1302 1778 ἐπαχθῆναι·
1339 1724 1473 1775 ἐπειδὴ
1494 1739 1539 1774 29

143 1793 186 1832 δὲ
209 1792 388 1842 ἀπῆλθεν
414 1792 457 1831 ἐκ
480 1794 548 1831 τοῦ
568 1791 833 1843 δικαστηρίου,
852 1792 967 1832 οὐδὲν
983 1795 1141 1842 μᾶλλον
1167 1792 1364 1838 ἀπεδίδου,
1383 1791 1474 1832 ἀλλ’

143 1856 243 1913 ᾤετο
273 1859 316 1899 ἐν
342 1860 415 1909 μὲν
445 1861 498 1913 τῷ
528 1859 693 1909 παρόντι
723 1857 837 1900 αὐτὸς
867 1860 1045 1899 ἐκποδὼν
1069 1860 1281 1912 γενόμενος
1305 1859 1476 1912 ἡσυχίαν

145 1924 262 1977 ἕξειν,
289 1924 362 1967 ἕως
384 1921 471 1977 (h)
503 1925 579 1977 ἐγώ
609 1942 651 1966 τε
684 1925 893 1966 ἐκπλεύσω
932 1926 994 1966 καὶ
1033 1928 1072 1967 αἱ
1109 1928 1200 1977 νῆες
1236 1927 1298 1967 καὶ
1334 1927 1477 1979 χρόνος

87 1999 127 2034 25
147 1991 368 2045 ἐγγένηται,
395 1992 457 2032 καὶ
484 1991 565 2043 ἐμέ,
593 1993 617 2033 ἃ
642 1992 754 2034 οὗτος
780 1993 953 2045 ὤφειλεν
979 1994 1099 2045 σκεύη
1124 2000 1172 2050 τῇ
1198 1994 1327 2040 πόλει,
1355 1994 1475 2045 ἀναγ-

149 2057 424 2110 κασθήσεσθαι
447 2060 659 2100 ἀποδοῦναι
688 2060 834 2110 ἥκοντα
860 2060 998 2102 ἐνθάδε
1022 2057 1046 2112 ἢ
1071 2065 1124 2116 τῷ
1150 2061 1334 2115 διαδόχῳ,
1362 2059 1404 2101 ὃς
1430 2059 1477 2100 ἂν

148 2126 247 2182 ἔλθῃ
272 2127 314 2165 ἐκ
339 2128 409 2177 τῆς
433 2127 652 2179 συμμορίας
676 2128 741 2168 ἐπὶ
765 2127 836 2178 τὴν
861 2132 969 2169 ναῦν.
1039 2129 1080 2169 τί
1101 2129 1175 2181 γὰρ
1199 2127 1247 2168 ἂν
1278 2127 1340 2167 καὶ
1363 2126 1474 2167 ἀντέ-

148 2197 270 2246 λεγον
288 2192 390 2248 αὐτῷ
409 2194 656 2246 ψηφίσματα
676 2195 737 2235 καὶ
757 2195 899 2246 νόμους
917 2195 1188 2250 παρεχομένῳ,
1208 2195 1259 2237 ὡς
1277 2197 1478 2247 προσῆκεν

193 2299 214 2330 8
236 2302 395 2342 κλητῆρες
412 2299 436 2331 S
451 2311 459 2331 τ
483 2300 638 2343 κλήτορες
654 2301 742 2340 vulg.
861 2316 914 2343 μοι
931 2307 1043 2333 servat
1061 2302 1084 2333 S
1101 2302 1192 2333 solus
1310 2311 1348 2331 12
1373 2307 1479 2340 Δημο-

151 2356 246 2384 χαριν
262 2342 287 2374 S
437 2345 475 2374 16
500 2344 538 2376 ἄν
554 2344 578 2375 S
597 2356 603 2375 :
628 2345 666 2383 δή
683 2345 772 2385 vulg.
926 2357 965 2386 19
989 2347 1198 2384 ἠντεδίκησεν
1216 2346 1239 2376 S
1258 2357 1264 2376 :
1288 2347 1386 2383 ἠντιδ.
1408 2346 1433 2375 F
1448 2344 1478 2373 D

155 2396 260 2426 19-20
284 2389 315 2419 εἴ
333 2400 406 2419 τινα
430 2387 584 2418 Reiske:
607 2391 628 2426 ἤ
644 2403 716 2420 τινα
737 2390 836 2420 codd.
854 2401 861 2420 τ
888 2391 916 2422 εἶ
935 2415 943 2422 .
963 2413 970 2420 .
988 2414 995 2421 .
1016 2391 1183 2421 ἀποδοῦναι
1208 2389 1279 2429 [21]
1300 2388 1364 2418 del.
1390 2388 1478 2417 Her-

151 2430 292 2465 Werden
380 2441 422 2470 24
445 2432 484 2464 ἂν
499 2432 574 2464 add.
593 2432 743 2463 Dindorf
827 2434 870 2464 28
892 2436 1052 2474 προσῆκεν
1068 2433 1093 2465 S
1108 2444 1115 2464 t
1139 2435 1301 2474 προσῆκον
1320 2432 1343 2461 F
1356 2432 1386 2471 Q
1400 2431 1431 2461 D
