1763 2778
119 135 252 191 [1237]
676 129 729 183 [Δ
743 135 779 172 11
791 134 830 172 M
843 134 878 172 O
887 134 918 171 Σ
928 134 967 172 Θ
978 134 1008 171 Ε
1018 134 1052 171 Ν
1065 134 1143 171 OT
1153 129 1198 183 Σ]
1537 128 1602 183 [m

276 233 407 290 μέλλῃ
450 232 672 284 συστήσειν
711 233 774 273 καὶ
817 229 960 282 δείξειν
998 232 1065 272 τὸν
1102 231 1325 283 ἄνθρωπον,
1366 230 1412 271 ὃν
1447 230 1496 272 ἂν
1533 231 1600 288 δέῃ

239 302 519 353 5κομίσασθαι
561 300 605 340 τὸ
652 300 850 352 ἀργύριον.
921 300 1043 353 τύχης
1083 301 1126 340 δὲ
1166 298 1380 350 συμβάσης
1421 299 1602 349 τοιαύτης

277 372 330 422 τῷ
366 368 520 408 Λύκωνι
553 367 677 422 τούτῳ
712 368 816 408 ὥστε
855 366 966 409 εὐθὺς
1002 365 1221 407 ἐκπλέοντα
1257 365 1375 406 αὐτὸν
1411 366 1499 416 περὶ
1533 365 1602 406 τὸν

278 434 514 487 Ἀργολικὸν
550 435 700 475 κόλπον
739 433 816 475 ὑπὸ
853 435 1081 491 λῃστρίδων
1118 437 1219 474 νεῶν
1254 431 1304 474 τά
1339 450 1382 474 τε
1419 431 1602 486 χρήματα

279 504 525 555 καταχθῆναι
566 503 622 544 εἷς
654 500 805 554 ’Άργος
846 501 909 542 καὶ
946 501 1064 541 αὐτὸν
1105 498 1338 551 τοξευθέντα
1375 500 1599 546 ἀποθανεῖν,
1625 516 1637 522 -

279 569 437 622 ἔρχεται
462 568 525 609 ἐπὶ
549 568 621 619 τὴν
645 567 841 620 τράπεζαν
871 568 1106 610 Κάλλιππος
1133 567 1269 607 οὑτοσὶ
1296 567 1408 609 εὐθὺς
1433 568 1599 618 ἐρωτῶν,

278 635 446 675 Λύκωνα
480 635 764 687 (Ηρακλεώτην
799 637 833 676 εἰ
870 635 1144 687 γιγνώσκοιεν.
1217 633 1528 686 ἀποκριναμένου
1559 635 1602 674 δὲ

279 703 510 755 Φορμίωνος
528 704 682 743 τουτουὶ
702 703 762 743 ὅτι
781 702 1058 754 γιγνώσκοιεν,
1088 703 1181 754 ίἆρα
1211 702 1272 742 καὶ
1305 703 1447 755 ἐχρῆτο
1470 700 1599 752 ὑμῖν’,·

279 769 358 822 ἔφη
387 769 409 809 ὁ
434 769 633 821 Φορμίων·
666 770 792 809 ’ἀλλὰ
822 768 920 821 πρὸς
947 770 989 810 τί
1017 769 1200 824 ἐρωτᾷς’,·
1242 767 1357 820 ίπρὸς
1387 767 1468 815 τί’;
1507 767 1599 819 ἔφη·

280 836 376 888 ’ἐγώ
403 853 469 877 σοι
495 837 582 889 ἐρῶ.
655 838 804 878 ἐκεῖνος
828 838 900 887 μὲν
923 837 1214 887 τετελεύτηκεν,
1237 836 1314 888 ἐγὼ
1340 837 1379 875 δὲ
1401 834 1601 887 προξενῶν

277 902 460 957 τυγχάνω
499 907 577 944 τῶν
614 902 919 955 ἹΙρακλεωτῶν.
991 902 1087 954 ἀξιῶ
1126 902 1171 953 δή
1210 919 1259 944 σε
1295 901 1420 953 δεῖξαί
1454 918 1520 953 μοι
1553 903 1603 942 τὰ

278 969 498 1023 γράμματα,
520 969 569 1011 ἵν’
596 971 683 1011 εἰδῶ
710 971 801 1011 εἴτι
820 969 1110 1011 καταλέλοιπεν
1129 970 1326 1023 ἀργύριον·
1365 968 1411 1020 ἐξ
1431 968 1603 1021 ἀνάγκης

236 1050 258 1085 6
278 1036 352 1089 γάρ
376 1038 446 1089 μοί
469 1038 580 1078 ἐστιν
604 1036 789 1078 ἁπάντων
807 1037 1097 1090 “Ηρακλεωτῶν
1115 1034 1417 1088 ἐπιμελεῖσθαιῖ
1486 1036 1599 1076 ἀκού-

279 1121 354 1146 σας
378 1103 411 1145 δ’
436 1104 554 1145 αὐτοῦ
578 1105 599 1144 ὁ
624 1105 824 1156 Φορμίων,
851 1102 880 1144 ὦ
906 1104 1043 1157 ἄνδρες
1071 1105 1267 1150 δικασταί,
1289 1102 1436 1154 ἔδειξεν
1461 1102 1604 1145 εὐθέως

279 1169 532 1225 παραχρῆμα.
603 1171 803 1223 δείξαντος
828 1174 871 1213 δὲ
895 1171 1014 1212 αὐτοῦ
1037 1171 1081 1212 τὸ
1106 1174 1383 1225 γραμματεῖον,
1411 1170 1604 1222 ἀναγνοὺς

280 1238 395 1280 αὐτὸς
429 1239 491 1280 καὶ
529 1238 652 1281 ἄλλος
700 1239 838 1286 οὐδείς,
880 1242 943 1280 καὶ
982 1239 1076 1279 ἰδὼν
1115 1237 1389 1292 γεγραμμένον
1424 1239 1466 1278 ἐν
1502 1237 1603 1291 αὐτῷ

282 1306 440 1346 ’Λύκων
496 1303 777 1358 Ἡρακλεώτης
834 1306 969 1359 χιλίας
1032 1305 1242 1357 ἑξακοσίας
1303 1303 1603 1357 τετταράκοντα·

281 1372 512 1429 Κηφισιάδῃ
551 1373 763 1413 ἀποδοῦναι
803 1376 872 1414 δεῖ·
917 1372 1184 1427 Ἀρχεβιάδης
1219 1372 1452 1424 Λαμπτρεὺς
1487 1370 1606 1422 δείξει

278 1438 347 1480 τὸν
374 1438 661 1493 Κηφισιάδην’,
689 1439 816 1495 ᾤχετο
846 1441 973 1480 ἀπιὼν
1003 1446 1148 1498 σιωπῇ,
1182 1440 1245 1481 καὶ
1274 1438 1399 1480 πλέον
1431 1435 1454 1489 ἢ
1487 1438 1604 1480 πέντε

237 1523 257 1558 7
277 1511 411 1558 μηνῶν
452 1506 591 1547 οὐδένα
631 1507 757 1559 λόγον
801 1506 1030 1558 ἐποιήσατο.
1101 1505 1416 1558 ἐπιδημήσαντος
1454 1508 1496 1547 δὲ
1536 1508 1605 1546 τοῦ

279 1573 532 1626 Κηφισιάδου
559 1575 658 1625 μετὰ
687 1578 809 1615 ταῦτα
838 1575 901 1615 καὶ
926 1575 1220 1626 προσελθόντος
1246 1574 1341 1627 πρὸς
1365 1573 1437 1624 τὴν
1461 1572 1602 1625 τράπε-

119 1637 256 1693 [1238]
280 1641 348 1691 ζαν
385 1641 447 1681 καὶ
483 1642 743 1684 ἀπαιτοῦντος
776 1643 826 1682 τὰ
860 1640 1055 1695 χρήματα,
1090 1643 1285 1693 παρόντος
1322 1640 1375 1687 δέ,
1402 1638 1432 1680 ὦ
1467 1639 1605 1692 ἄνδρες

278 1708 470 1754 δικασταί,
509 1707 776 1762 Ἀρχεβιάδου
813 1708 875 1749 καὶ
906 1712 975 1749 τοῦ
1007 1709 1198 1761 Φρασίου,
1231 1708 1297 1750 οὓς
1329 1708 1350 1747 ὁ
1382 1708 1520 1748 Λύκων
1553 1710 1605 1761 τῷ

278 1775 394 1827 πατρὶ
438 1775 687 1826 συνέστησεν
730 1776 793 1816 καὶ
835 1775 1022 1817 ἐκέλευσε
1063 1775 1131 1816 τὸν
1179 1774 1437 1828 Κηφισιάδην
1484 1772 1606 1824 δεῖξαι

277 1841 320 1884 ὃς
341 1840 426 1892 εἴη,
451 1841 586 1892 ἐπειδὴ
618 1843 741 1888 ἔλθοι,
773 1843 978 1895 παρόντων
1010 1839 1087 1894 (δὲ)
1122 1843 1183 1883 καὶ
1211 1842 1360 1888 ἄλλων,
1396 1839 1602 1893 ἐξαριθμή-
1653 1857 1664 1864 ·

278 1926 352 1950 σας
390 1909 490 1964 αὐτῷ
527 1911 596 1951 τὰς
632 1911 837 1950 ἑκκαίδεκα
872 1913 971 1961 μνᾶς
1009 1911 1071 1950 καὶ
1106 1909 1395 1962 τετταράκοντα
1428 1909 1607 1961 δραχμὰς

278 1975 455 2017 ἀπέδωκε
495 1977 683 2027 Φορμίων
725 1977 876 2018 οὑτοσί.
949 1977 1001 2019 ὡς
1042 1979 1083 2017 δὲ
1124 1977 1252 2027 ἀληθῆ
1293 1975 1414 2028 λέγω,
1457 1975 1606 2015 τούτων

278 2041 464 2083 ἁπάντων
488 2044 578 2093 ὑμῖν
603 2044 672 2085 τὰς
696 2043 908 2095 μαρτυρίας
933 2044 1220 2096 ἀναγνώσεται.

322 2152 385 2191 7οὸ
408 2153 643 2192 ’γιγνώσκοιμεν
669 2175 675 2183 .
703 2176 709 2183 .
737 2176 743 2183 .
772 2154 996 2193 γιγνώσκομεν
1020 2153 1133 2184 Naber
1282 2163 1304 2192 9
1327 2153 1402 2193 πρὸς
1426 2153 1442 2184 ὅ
1465 2165 1517 2189 τι,·
1545 2151 1606 2191 ἔφη

281 2193 398 2225 Blass‘
416 2201 516 2226 notus
528 2200 582 2226 est
596 2195 625 2224 is
638 2205 718 2226 usus
733 2197 942 2236 pronominis
954 2197 1045 2229 ὅστις
1059 2207 1103 2226 ex
1114 2196 1343 2236 Aristophane
1357 2196 1376 2226 '.
1426 2196 1480 2225 vix
1492 2201 1606 2225 tamen

280 2243 437 2269 constans
454 2248 546 2278 usus,
567 2238 610 2269 cs.
626 2238 690 2269 Av.
715 2248 850 2278 1234—5‚
878 2240 965 2271 Ran.
999 2250 1090 2278 1424,
1114 2240 1202 2270 Eccl.
1232 2241 1289 2278 761
1408 2239 1445 2268 18
1469 2241 1519 2270 δεῖ
1539 2237 1604 2268 del.

282 2281 428 2320 Dobree‚
448 2282 488 2313 cf.
510 2284 526 2319 ξ
544 2292 563 2320 4
701 2292 740 2322 19
762 2284 820 2314 τὸν
836 2293 898 2313 om.
919 2283 969 2323 8¹,
988 2283 1063 2314 add.
1081 2293 1108 2314 s.
1121 2294 1152 2314 ν.
1171 2284 1243 2314 ead.
1264 2292 1305 2312 m.
1394 2284 1568 2321 κηφισιαδη
1582 2280 1607 2311 S

280 2325 388 2399 llizttera
411 2338 432 2357 σ
449 2324 483 2356 in
500 2325 568 2355 fine
586 2335 683 2356 erasa
826 2337 868 2356 20
893 2326 1082 2368 ἐποιήσατο]
1102 2339 1236 2365 επυιησα
1253 2326 1277 2357 S
1409 2334 1450 2363 25
1475 2324 1508 2355 δὲ
1528 2324 1604 2354 add.

316 2369 410 2400 eiske
