<?xml version="1.0" encoding="UTF-8"?>
<!DOCTYPE html PUBLIC "-//W3C//DTD XHTML 1.0 Transitional//EN"
    "http://www.w3.org/TR/xhtml1/DTD/xhtml1-transitional.dtd">
<html xmlns="http://www.w3.org/1999/xhtml" xml:lang="en" lang="en">
 <head>
  <title>
</title>
<meta http-equiv="Content-Type" content="text/html;charset=utf-8" />
  <meta name='ocr-system' content='tesseract 3.04.00' />
  <meta name='ocr-capabilities' content='ocr_page ocr_carea ocr_par ocr_line ocrx_word'/>
</head>
<body>
  <div class='ocr_page' id='page_1' title='image "./orationesrecog03demouoft_0189.png"; bbox 0 0 1763 2778; ppageno 0'>
   <div class='ocr_carea' id='block_1_1' title="bbox 143 133 1619 191">
    <p class='ocr_par' dir='ltr' id='par_1_1' title="bbox 143 133 1619 191">
     <span class='ocr_line' id='line_1_1' title="bbox 143 133 1619 191; baseline 0.003 -19"><span class='ocrx_word' id='word_1_1' title='bbox 143 133 178 187; x_wconf 85' lang='lat' dir='ltr'>L]</span> <span class='ocrx_word' id='word_1_2' title='bbox 524 137 684 174; x_wconf 85' lang='grc' dir='ltr'>ΠΡΟΣ</span> <span class='ocrx_word' id='word_1_3' title='bbox 731 136 1074 174; x_wconf 70' lang='grc' dir='ltr'>ΠΟΛὙΚΛΕΑ</span> <span class='ocrx_word' id='word_1_4' title='bbox 1491 136 1619 191; x_wconf 88' lang='lat'>[1210]</span> 
     </span>
    </p>
   </div>
   <div class='ocr_carea' id='block_1_2' title="bbox 80 235 1531 1498">
    <p class='ocr_par' dir='ltr' id='par_1_2' title="bbox 141 235 1468 490">
     <span class='ocr_line' id='line_1_2' title="bbox 143 235 1468 287; baseline -0.001 -10"><span class='ocrx_word' id='word_1_5' title='bbox 143 236 283 277; x_wconf 79' lang='grc' dir='ltr'>οὐδένα</span> <span class='ocrx_word' id='word_1_6' title='bbox 307 236 448 287; x_wconf 82' lang='grc' dir='ltr'>λαβὼν</span> <span class='ocrx_word' id='word_1_7' title='bbox 471 236 577 286; x_wconf 80' lang='grc' dir='ltr'>παρὰ</span> <span class='ocrx_word' id='word_1_8' title='bbox 601 239 670 275; x_wconf 83' lang='grc' dir='ltr'>τοῦ</span> <span class='ocrx_word' id='word_1_9' title='bbox 689 238 912 287; x_wconf 82' lang='grc' dir='ltr'>στρατηγοῦ</span> <span class='ocrx_word' id='word_1_10' title='bbox 931 235 1031 274; x_wconf 80' lang='grc' dir='ltr'>ὀκτὼ</span> <span class='ocrx_word' id='word_1_11' title='bbox 1047 239 1193 286; x_wconf 84' lang='grc' dir='ltr'>μηνῶν,</span> <span class='ocrx_word' id='word_1_12' title='bbox 1216 235 1468 276; x_wconf 84' lang='grc' dir='ltr'>κατέπλευσα</span> 
     </span>
     <span class='ocr_line' id='line_1_3' title="bbox 141 301 1467 356; baseline 0 -13"><span class='ocrx_word' id='word_1_13' title='bbox 141 303 231 345; x_wconf 81' lang='grc' dir='ltr'>τοὺς</span> <span class='ocrx_word' id='word_1_14' title='bbox 264 303 458 356; x_wconf 83' lang='grc' dir='ltr'>πρέσβεις</span> <span class='ocrx_word' id='word_1_15' title='bbox 487 302 594 355; x_wconf 74' lang='grc' dir='ltr'>ἄγων</span> <span class='ocrx_word' id='word_1_16' title='bbox 620 304 682 343; x_wconf 79' lang='grc' dir='ltr'>διὰ</span> <span class='ocrx_word' id='word_1_17' title='bbox 707 301 751 342; x_wconf 85' lang='grc' dir='ltr'>τὸ</span> <span class='ocrx_word' id='word_1_18' title='bbox 777 301 918 354; x_wconf 80' lang='grc' dir='ltr'>ἄριστά</span> <span class='ocrx_word' id='word_1_19' title='bbox 943 319 1009 353; x_wconf 95' lang='grc' dir='ltr'>μοι</span> <span class='ocrx_word' id='word_1_20' title='bbox 1034 306 1151 342; x_wconf 86' lang='grc' dir='ltr'>πλεῖν</span> <span class='ocrx_word' id='word_1_21' title='bbox 1175 301 1247 352; x_wconf 81' lang='grc' dir='ltr'>τὴν</span> <span class='ocrx_word' id='word_1_22' title='bbox 1271 306 1377 349; x_wconf 67' lang='grc' dir='ltr'>ναῦν,</span> <span class='ocrx_word' id='word_1_23' title='bbox 1407 304 1467 343; x_wconf 85' lang='grc' dir='ltr'>καὶ</span> 
     </span>
     <span class='ocr_line' id='line_1_4' title="bbox 141 368 1468 423; baseline 0 -13"><span class='ocrx_word' id='word_1_24' title='bbox 141 369 298 411; x_wconf 83' lang='grc' dir='ltr'><em>ἐνθένδε</em></span> <span class='ocrx_word' id='word_1_25' title='bbox 323 369 457 417; x_wconf 84' lang='grc' dir='ltr'>πάλῖν,</span> <span class='ocrx_word' id='word_1_26' title='bbox 484 368 739 423; x_wconf 83' lang='grc' dir='ltr'>προσταχθέν</span> <span class='ocrx_word' id='word_1_27' title='bbox 762 387 829 421; x_wconf 92' lang='grc' dir='ltr'>μοι</span> <span class='ocrx_word' id='word_1_28' title='bbox 851 369 927 410; x_wconf 82' lang='grc' dir='ltr'>ὑπὸ</span> <span class='ocrx_word' id='word_1_29' title='bbox 952 368 1022 409; x_wconf 81' lang='grc' dir='ltr'>τοῧ</span> <span class='ocrx_word' id='word_1_30' title='bbox 1049 368 1172 420; x_wconf 88' lang='grc' dir='ltr'>δήμου</span> <span class='ocrx_word' id='word_1_31' title='bbox 1202 369 1375 410; x_wconf 84' lang='grc' dir='ltr'>Μένωνα</span> <span class='ocrx_word' id='word_1_32' title='bbox 1399 369 1468 410; x_wconf 83' lang='grc' dir='ltr'>τὸν</span> 
     </span>
     <span class='ocr_line' id='line_1_5' title="bbox 143 435 1464 490; baseline -0.001 -13"><span class='ocrx_word' id='word_1_33' title='bbox 143 437 365 490; x_wconf 85' lang='grc' dir='ltr'>στρατηγὸν</span> <span class='ocrx_word' id='word_1_34' title='bbox 395 436 506 490; x_wconf 80' lang='grc' dir='ltr'><em>ἄγειν</em></span> <span class='ocrx_word' id='word_1_35' title='bbox 540 438 593 478; x_wconf 87' lang='grc' dir='ltr'>εἶς</span> <span class='ocrx_word' id='word_1_36' title='bbox 627 435 934 487; x_wconf 83' lang='grc' dir='ltr'>Ἑλλήσποντον</span> <span class='ocrx_word' id='word_1_37' title='bbox 967 436 1052 477; x_wconf 81' lang='grc' dir='ltr'>ἀντὶ</span> <span class='ocrx_word' id='word_1_38' title='bbox 1088 436 1334 479; x_wconf 78' lang='grc' dir='ltr'>Αὐτοκλέους</span> <span class='ocrx_word' id='word_1_39' title='bbox 1369 438 1464 477; x_wconf 88' lang='grc' dir='ltr'>ἀπο-</span> 
     </span>
    </p>

    <p class='ocr_par' dir='ltr' id='par_1_3' title="bbox 104 503 1468 828">
     <span class='ocr_line' id='line_1_6' title="bbox 104 503 1466 559; baseline -0.001 -14"><span class='ocrx_word' id='word_1_40' title='bbox 104 523 121 554; x_wconf 82' lang='grc'><strong><em>5</em></strong></span> <span class='ocrx_word' id='word_1_41' title='bbox 141 503 499 558; x_wconf 85' lang='grc' dir='ltr'>χειροτονηθέντος,</span> <span class='ocrx_word' id='word_1_42' title='bbox 526 503 684 559; x_wconf 79' lang='grc' dir='ltr'>ᾠχόμην</span> <span class='ocrx_word' id='word_1_43' title='bbox 709 504 952 556; x_wconf 81' lang='grc' dir='ltr'>ἀναγόμενος</span> <span class='ocrx_word' id='word_1_44' title='bbox 977 503 1038 544; x_wconf 79' lang='grc' dir='ltr'>διὰ</span> <span class='ocrx_word' id='word_1_45' title='bbox 1064 503 1222 557; x_wconf 82' lang='grc' dir='ltr'>τάχους.</span> <span class='ocrx_word' id='word_1_46' title='bbox 1293 504 1355 544; x_wconf 90' lang='grc' dir='ltr'>καὶ</span> <span class='ocrx_word' id='word_1_47' title='bbox 1381 504 1466 544; x_wconf 86' lang='grc' dir='ltr'>ἀντὶ</span> 
     </span>
     <span class='ocr_line' id='line_1_7' title="bbox 140 570 1465 623; baseline 0.001 -12"><span class='ocrx_word' id='word_1_48' title='bbox 140 575 218 612; x_wconf 86' lang='grc' dir='ltr'>τῶν</span> <span class='ocrx_word' id='word_1_49' title='bbox 244 572 520 612; x_wconf 80' lang='grc' dir='ltr'>ἀπολιπόντων</span> <span class='ocrx_word' id='word_1_50' title='bbox 544 573 617 622; x_wconf 83' lang='grc' dir='ltr'>μὲν</span> <span class='ocrx_word' id='word_1_51' title='bbox 640 575 789 612; x_wconf 86' lang='grc' dir='ltr'>ναυτῶν</span> <span class='ocrx_word' id='word_1_52' title='bbox 815 570 969 623; x_wconf 80' lang='grc' dir='ltr'>ἑτέρους</span> <span class='ocrx_word' id='word_1_53' title='bbox 995 571 1284 622; x_wconf 81' lang='grc' dir='ltr'>ἐμισθωσάμην</span> <span class='ocrx_word' id='word_1_54' title='bbox 1308 572 1465 618; x_wconf 88' lang='grc' dir='ltr'>ναύτας,</span> 
     </span>
     <span class='ocr_line' id='line_1_8' title="bbox 141 637 1468 691; baseline 0.001 -14"><span class='ocrx_word' id='word_1_55' title='bbox 141 639 288 691; x_wconf 79' lang='grc' dir='ltr'>δωρεὰς</span> <span class='ocrx_word' id='word_1_56' title='bbox 314 639 375 678; x_wconf 86' lang='grc' dir='ltr'>καὶ</span> <span class='ocrx_word' id='word_1_57' title='bbox 401 639 612 690; x_wconf 84' lang='grc' dir='ltr'>προδόσεις</span> <span class='ocrx_word' id='word_1_58' title='bbox 635 638 768 680; x_wconf 79' lang='grc' dir='ltr'>αὐτοῖς</span> <span class='ocrx_word' id='word_1_59' title='bbox 792 638 920 680; x_wconf 79' lang='grc' dir='ltr'>διδοὺς</span> <span class='ocrx_word' id='word_1_60' title='bbox 947 637 1137 691; x_wconf 80' lang='grc' dir='ltr'>μεγάλας,</span> <span class='ocrx_word' id='word_1_61' title='bbox 1164 643 1245 681; x_wconf 91' lang='grc' dir='ltr'>τοῖς</span> <span class='ocrx_word' id='word_1_62' title='bbox 1273 641 1315 679; x_wconf 79' lang='grc' dir='ltr'>δὲ</span> <span class='ocrx_word' id='word_1_63' title='bbox 1344 656 1468 691; x_wconf 87' lang='grc' dir='ltr'>παρα-</span> 
     </span>
     <span class='ocr_line' id='line_1_9' title="bbox 139 705 1468 758; baseline 0 -12"><span class='ocrx_word' id='word_1_64' title='bbox 139 706 299 756; x_wconf 89' lang='grc' dir='ltr'>μείνασι</span> <span class='ocrx_word' id='word_1_65' title='bbox 340 709 416 745; x_wconf 85' lang='grc' dir='ltr'>τῶν</span> <span class='ocrx_word' id='word_1_66' title='bbox 448 706 624 758; x_wconf 88' lang='grc' dir='ltr'>ἀρχαίων</span> <span class='ocrx_word' id='word_1_67' title='bbox 657 709 808 747; x_wconf 81' lang='grc' dir='ltr'>ναυτῶν</span> <span class='ocrx_word' id='word_1_68' title='bbox 845 705 969 745; x_wconf 83' lang='grc' dir='ltr'>ἔδωκά</span> <span class='ocrx_word' id='word_1_69' title='bbox 1005 722 1042 746; x_wconf 92' lang='grc' dir='ltr'>τι</span> <span class='ocrx_word' id='word_1_70' title='bbox 1072 706 1126 747; x_wconf 81' lang='grc' dir='ltr'>εἷς</span> <span class='ocrx_word' id='word_1_71' title='bbox 1160 707 1354 756; x_wconf 87' lang='grc' dir='ltr'>διοίκησιν</span> <span class='ocrx_word' id='word_1_72' title='bbox 1388 710 1468 746; x_wconf 85' lang='grc' dir='ltr'>τῶν</span> 
     </span>
     <span class='ocr_line' id='line_1_10' title="bbox 141 771 1467 828; baseline 0.001 -16"><span class='ocrx_word' id='word_1_73' title='bbox 141 774 296 813; x_wconf 84' lang='grc' dir='ltr'>οἰκείων</span> <span class='ocrx_word' id='word_1_74' title='bbox 323 776 554 813; x_wconf 80' lang='grc' dir='ltr'>καταλιπεῖν</span> <span class='ocrx_word' id='word_1_75' title='bbox 580 772 678 824; x_wconf 84' lang='grc' dir='ltr'>πρὸς</span> <span class='ocrx_word' id='word_1_76' title='bbox 703 771 732 828; x_wconf 76' lang='grc' dir='ltr'><em>ᾧ</em></span> <span class='ocrx_word' id='word_1_77' title='bbox 755 773 946 825; x_wconf 87' lang='grc' dir='ltr'>πρότερον</span> <span class='ocrx_word' id='word_1_78' title='bbox 971 772 1094 825; x_wconf 73' lang='grc' dir='ltr'>εἶχον,</span> <span class='ocrx_word' id='word_1_79' title='bbox 1122 772 1190 813; x_wconf 79' lang='grc' dir='ltr'>οὐκ</span> <span class='ocrx_word' id='word_1_80' title='bbox 1217 773 1373 825; x_wconf 81' lang='grc' dir='ltr'>ἀγνοῶν</span> <span class='ocrx_word' id='word_1_81' title='bbox 1396 772 1467 823; x_wconf 68' lang='grc' dir='ltr'>τὴν</span> 
     </span>
    </p>

    <p class='ocr_par' dir='ltr' id='par_1_4' title="bbox 83 838 1531 1161">
     <span class='ocr_line' id='line_1_11' title="bbox 83 838 1531 894; baseline -0.001 -14"><span class='ocrx_word' id='word_1_82' title='bbox 83 859 122 881; x_wconf 83' lang='lat'>10</span> <span class='ocrx_word' id='word_1_83' title='bbox 140 843 346 892; x_wconf 80' lang='grc' dir='ltr'>παροῦσαν</span> <span class='ocrx_word' id='word_1_84' title='bbox 370 840 522 893; x_wconf 81' lang='grc' dir='ltr'>χρείαν,</span> <span class='ocrx_word' id='word_1_85' title='bbox 549 840 600 880; x_wconf 84' lang='grc' dir='ltr'>ὡς</span> <span class='ocrx_word' id='word_1_86' title='bbox 626 840 820 891; x_wconf 85' lang='grc' dir='ltr'>ἀναγκαία</span> <span class='ocrx_word' id='word_1_87' title='bbox 848 839 892 889; x_wconf 79' lang='grc' dir='ltr'>ἧν</span> <span class='ocrx_word' id='word_1_88' title='bbox 911 838 1081 894; x_wconf 82' lang='grc' dir='ltr'>ἑκάστῳ,</span> <span class='ocrx_word' id='word_1_89' title='bbox 1107 840 1264 891; x_wconf 78' lang='grc' dir='ltr'>ἀπορῶν</span> <span class='ocrx_word' id='word_1_90' title='bbox 1285 842 1327 881; x_wconf 81' lang='grc' dir='ltr'>δὲ</span> <span class='ocrx_word' id='word_1_91' title='bbox 1351 839 1467 882; x_wconf 81' lang='grc' dir='ltr'>αὐτὸς</span> <span class='ocrx_word' id='word_1_92' title='bbox 1490 853 1531 889; x_wconf 83' lang='grc'>13</span> 
     </span>
     <span class='ocr_line' id='line_1_12' title="bbox 141 905 1466 958; baseline 0.001 -12"><span class='ocrx_word' id='word_1_93' title='bbox 141 906 192 948; x_wconf 84' lang='grc' dir='ltr'>ὡς</span> <span class='ocrx_word' id='word_1_94' title='bbox 215 908 269 958; x_wconf 82' lang='grc' dir='ltr'>μὰ</span> <span class='ocrx_word' id='word_1_95' title='bbox 293 906 361 946; x_wconf 87' lang='grc' dir='ltr'>τὸν</span> <span class='ocrx_word' id='word_1_96' title='bbox 382 907 462 946; x_wconf 86' lang='grc' dir='ltr'>Δία</span> <span class='ocrx_word' id='word_1_97' title='bbox 488 906 550 946; x_wconf 80' lang='grc' dir='ltr'>καὶ</span> <span class='ocrx_word' id='word_1_98' title='bbox 575 905 641 947; x_wconf 85' lang='grc' dir='ltr'>τὸν</span> <span class='ocrx_word' id='word_1_99' title='bbox 668 906 857 947; x_wconf 86' lang='grc' dir='ltr'>Ἀπόλλω</span> <span class='ocrx_word' id='word_1_100' title='bbox 884 906 1010 948; x_wconf 79' lang='grc' dir='ltr'>οὐδεὶς</span> <span class='ocrx_word' id='word_1_101' title='bbox 1034 906 1081 947; x_wconf 74' lang='grc' dir='ltr'>ἄν</span> <span class='ocrx_word' id='word_1_102' title='bbox 1104 923 1171 958; x_wconf 92' lang='grc' dir='ltr'>μοι</span> <span class='ocrx_word' id='word_1_103' title='bbox 1199 907 1466 954; x_wconf 82' lang='grc' dir='ltr'>πιστεύσειεν,</span> 
     </span>
     <span class='ocr_line' id='line_1_13' title="bbox 140 973 1466 1027; baseline 0.002 -14"><span class='ocrx_word' id='word_1_104' title='bbox 140 974 252 1016; x_wconf 86' lang='grc' dir='ltr'>ὅστις</span> <span class='ocrx_word' id='word_1_105' title='bbox 292 973 344 1025; x_wconf 80' lang='grc' dir='ltr'>μὴ</span> <span class='ocrx_word' id='word_1_106' title='bbox 384 974 541 1024; x_wconf 84' lang='grc' dir='ltr'>ἀληθῶς</span> <span class='ocrx_word' id='word_1_107' title='bbox 584 974 907 1026; x_wconf 86' lang='grc' dir='ltr'>παρηκολούθηκε</span> <span class='ocrx_word' id='word_1_108' title='bbox 946 977 1030 1016; x_wconf 87' lang='grc' dir='ltr'>τοῖς</span> <span class='ocrx_word' id='word_1_109' title='bbox 1072 975 1179 1024; x_wconf 81' lang='grc' dir='ltr'>ἐμοῖς</span> <span class='ocrx_word' id='word_1_110' title='bbox 1221 973 1466 1027; x_wconf 85' lang='grc' dir='ltr'>πράγμασιν.</span> 
     </span>
     <span class='ocr_line' id='line_1_14' title="bbox 138 1040 1465 1096; baseline 0.002 -16"><span class='ocrx_word' id='word_1_111' title='bbox 138 1041 298 1083; x_wconf 85' lang='grc' dir='ltr'>ὑποθεὶς</span> <span class='ocrx_word' id='word_1_112' title='bbox 321 1043 363 1081; x_wconf 78' lang='grc' dir='ltr'>δὲ</span> <span class='ocrx_word' id='word_1_113' title='bbox 388 1040 432 1081; x_wconf 85' lang='grc' dir='ltr'>τὸ</span> <span class='ocrx_word' id='word_1_114' title='bbox 458 1042 605 1094; x_wconf 87' lang='grc' dir='ltr'>χωρίον</span> <span class='ocrx_word' id='word_1_115' title='bbox 630 1041 887 1095; x_wconf 81' lang='grc' dir='ltr'>Θρασυλόχῳ</span> <span class='ocrx_word' id='word_1_116' title='bbox 915 1041 976 1081; x_wconf 84' lang='grc' dir='ltr'>καὶ</span> <span class='ocrx_word' id='word_1_117' title='bbox 1003 1040 1215 1096; x_wconf 82' lang='grc' dir='ltr'>Ἀρχένεῳ,</span> <span class='ocrx_word' id='word_1_118' title='bbox 1243 1041 1307 1082; x_wconf 86' lang='grc' dir='ltr'>καὶ</span> <span class='ocrx_word' id='word_1_119' title='bbox 1338 1044 1465 1082; x_wconf 90' lang='grc' dir='ltr'>δανει-</span> 
     </span>
     <span class='ocr_line' id='line_1_15' title="bbox 140 1107 1465 1161; baseline 0.002 -14"><span class='ocrx_word' id='word_1_120' title='bbox 140 1107 314 1159; x_wconf 88' lang='grc' dir='ltr'>σάμενος</span> <span class='ocrx_word' id='word_1_121' title='bbox 331 1107 543 1160; x_wconf 89' lang='grc' dir='ltr'>τριάκοντα</span> <span class='ocrx_word' id='word_1_122' title='bbox 559 1110 659 1159; x_wconf 78' lang='grc' dir='ltr'>μνᾶς</span> <span class='ocrx_word' id='word_1_123' title='bbox 683 1107 773 1161; x_wconf 85' lang='grc' dir='ltr'>παρ’</span> <span class='ocrx_word' id='word_1_124' title='bbox 791 1108 918 1148; x_wconf 82' lang='grc' dir='ltr'>αὐτῶν</span> <span class='ocrx_word' id='word_1_125' title='bbox 934 1107 997 1148; x_wconf 86' lang='grc' dir='ltr'>καὶ</span> <span class='ocrx_word' id='word_1_126' title='bbox 1012 1108 1168 1150; x_wconf 83' lang='grc' dir='ltr'>διαδοὺς</span> <span class='ocrx_word' id='word_1_127' title='bbox 1191 1112 1274 1150; x_wconf 85' lang='grc' dir='ltr'>τοῖς</span> <span class='ocrx_word' id='word_1_128' title='bbox 1294 1108 1465 1154; x_wconf 87' lang='grc' dir='ltr'>ναύταις,</span> 
     </span>
    </p>

    <p class='ocr_par' dir='ltr' id='par_1_5' title="bbox 80 1174 1468 1498">
     <span class='ocr_line' id='line_1_16' title="bbox 80 1174 1464 1231; baseline -0.002 -13"><span class='ocrx_word' id='word_1_129' title='bbox 80 1195 119 1228; x_wconf 83' lang='lat'>15</span> <span class='ocrx_word' id='word_1_130' title='bbox 139 1174 298 1231; x_wconf 78' lang='grc' dir='ltr'>ᾠχόμην</span> <span class='ocrx_word' id='word_1_131' title='bbox 326 1176 583 1228; x_wconf 88' lang='grc' dir='ltr'>ἀναγόμενος,</span> <span class='ocrx_word' id='word_1_132' title='bbox 608 1176 674 1216; x_wconf 86' lang='grc' dir='ltr'>ἵνα</span> <span class='ocrx_word' id='word_1_133' title='bbox 698 1177 821 1226; x_wconf 81' lang='grc' dir='ltr'>μηδὲν</span> <span class='ocrx_word' id='word_1_134' title='bbox 847 1176 1026 1216; x_wconf 84' lang='grc' dir='ltr'>ἐλλείποι</span> <span class='ocrx_word' id='word_1_135' title='bbox 1050 1180 1101 1230; x_wconf 78' lang='grc' dir='ltr'>τῷ</span> <span class='ocrx_word' id='word_1_136' title='bbox 1129 1175 1235 1230; x_wconf 86' lang='grc' dir='ltr'>δήμῳ</span> <span class='ocrx_word' id='word_1_137' title='bbox 1259 1176 1315 1216; x_wconf 79' lang='grc' dir='ltr'>ὧν</span> <span class='ocrx_word' id='word_1_138' title='bbox 1338 1192 1464 1228; x_wconf 82' lang='grc' dir='ltr'>προσ-</span> 
     </span>
     <span class='ocr_line' id='line_1_17' title="bbox 139 1240 1468 1299; baseline 0.002 -17"><span class='ocrx_word' id='word_1_139' title='bbox 139 1241 256 1293; x_wconf 80' lang='grc' dir='ltr'>έταξε</span> <span class='ocrx_word' id='word_1_140' title='bbox 278 1241 322 1282; x_wconf 90' lang='grc' dir='ltr'>τὸ</span> <span class='ocrx_word' id='word_1_141' title='bbox 352 1242 435 1283; x_wconf 87' lang='grc' dir='ltr'>κατ’</span> <span class='ocrx_word' id='word_1_142' title='bbox 466 1241 546 1294; x_wconf 84' lang='grc' dir='ltr'>ἐμέ.</span> <span class='ocrx_word' id='word_1_143' title='bbox 623 1243 685 1282; x_wconf 86' lang='grc' dir='ltr'>καὶ</span> <span class='ocrx_word' id='word_1_144' title='bbox 714 1242 734 1282; x_wconf 89' lang='grc' dir='ltr'>ὁ</span> <span class='ocrx_word' id='word_1_145' title='bbox 768 1244 889 1293; x_wconf 83' lang='grc' dir='ltr'>δῆμος</span> <span class='ocrx_word' id='word_1_146' title='bbox 918 1243 1092 1284; x_wconf 84' lang='grc' dir='ltr'>ἀκούσας</span> <span class='ocrx_word' id='word_1_147' title='bbox 1119 1246 1242 1283; x_wconf 81' lang='grc' dir='ltr'>ταῦτα</span> <span class='ocrx_word' id='word_1_148' title='bbox 1272 1240 1468 1299; x_wconf 77' lang='grc' dir='ltr'>ἐπῄνεσέν</span> 
     </span>
     <span class='ocr_line' id='line_1_18' title="bbox 139 1307 1467 1362; baseline 0.002 -13"><span class='ocrx_word' id='word_1_149' title='bbox 139 1307 183 1350; x_wconf 85' lang='grc' dir='ltr'>τέ</span> <span class='ocrx_word' id='word_1_150' title='bbox 217 1326 280 1360; x_wconf 89' lang='grc' dir='ltr'>με,</span> <span class='ocrx_word' id='word_1_151' title='bbox 324 1309 387 1350; x_wconf 84' lang='grc' dir='ltr'>καὶ</span> <span class='ocrx_word' id='word_1_152' title='bbox 419 1309 484 1350; x_wconf 86' lang='grc' dir='ltr'>ἐπὶ</span> <span class='ocrx_word' id='word_1_153' title='bbox 517 1312 675 1350; x_wconf 88' lang='grc' dir='ltr'>δεῖπνον</span> <span class='ocrx_word' id='word_1_154' title='bbox 700 1310 756 1352; x_wconf 82' lang='grc' dir='ltr'>εἷς</span> <span class='ocrx_word' id='word_1_155' title='bbox 786 1309 830 1350; x_wconf 82' lang='grc' dir='ltr'>τὸ</span> <span class='ocrx_word' id='word_1_156' title='bbox 863 1313 1096 1362; x_wconf 89' lang='grc' dir='ltr'>πρυτανεῖον</span> <span class='ocrx_word' id='word_1_157' title='bbox 1129 1310 1333 1351; x_wconf 84' lang='grc' dir='ltr'>ἐκάλεσεν.</span> <span class='ocrx_word' id='word_1_158' title='bbox 1406 1311 1467 1351; x_wconf 85' lang='grc' dir='ltr'>καὶ</span> 
     </span>
     <span class='ocr_line' id='line_1_19' title="bbox 140 1375 1465 1430; baseline 0.001 -14"><span class='ocrx_word' id='word_1_159' title='bbox 140 1375 191 1418; x_wconf 85' lang='grc' dir='ltr'>ὦς</span> <span class='ocrx_word' id='word_1_160' title='bbox 222 1375 330 1417; x_wconf 82' lang='grc' dir='ltr'>ταῦτ’</span> <span class='ocrx_word' id='word_1_161' title='bbox 362 1377 490 1428; x_wconf 88' lang='grc' dir='ltr'>ἀληθῆ</span> <span class='ocrx_word' id='word_1_162' title='bbox 516 1376 636 1429; x_wconf 85' lang='grc' dir='ltr'>λέγω,</span> <span class='ocrx_word' id='word_1_163' title='bbox 661 1377 810 1417; x_wconf 86' lang='grc' dir='ltr'>τούτων</span> <span class='ocrx_word' id='word_1_164' title='bbox 839 1378 930 1428; x_wconf 84' lang='grc' dir='ltr'>ὑμῖν</span> <span class='ocrx_word' id='word_1_165' title='bbox 960 1378 1235 1430; x_wconf 82' lang='grc' dir='ltr'>ἀναγνώσεται</span> <span class='ocrx_word' id='word_1_166' title='bbox 1266 1377 1337 1428; x_wconf 80' lang='grc' dir='ltr'>τὴν</span> <span class='ocrx_word' id='word_1_167' title='bbox 1368 1395 1465 1430; x_wconf 90' lang='grc' dir='ltr'>μαρ-</span> 
     </span>
     <span class='ocr_line' id='line_1_20' title="bbox 138 1443 974 1498; baseline 0.001 -14"><span class='ocrx_word' id='word_1_168' title='bbox 138 1445 275 1496; x_wconf 80' lang='grc' dir='ltr'>τυρίαν,</span> <span class='ocrx_word' id='word_1_169' title='bbox 297 1444 360 1484; x_wconf 87' lang='grc' dir='ltr'>καὶ</span> <span class='ocrx_word' id='word_1_170' title='bbox 385 1444 430 1484; x_wconf 86' lang='grc' dir='ltr'>τὸ</span> <span class='ocrx_word' id='word_1_171' title='bbox 455 1443 652 1498; x_wconf 79' lang='grc' dir='ltr'>ψήφισμα</span> <span class='ocrx_word' id='word_1_172' title='bbox 676 1444 721 1484; x_wconf 84' lang='grc' dir='ltr'>τὸ</span> <span class='ocrx_word' id='word_1_173' title='bbox 747 1448 815 1485; x_wconf 87' lang='grc' dir='ltr'>τοῦ</span> <span class='ocrx_word' id='word_1_174' title='bbox 839 1443 974 1496; x_wconf 83' lang='grc' dir='ltr'>δήμου.</span> 
     </span>
    </p>
   </div>
   <div class='ocr_carea' id='block_1_3' title="bbox 78 1539 1035 1571">
    <p class='ocr_par' dir='ltr' id='par_1_6' title="bbox 78 1539 1035 1571">
     <span class='ocr_line' id='line_1_21' title="bbox 78 1539 1035 1571; baseline 0.003 -4"><span class='ocrx_word' id='word_1_175' title='bbox 78 1539 119 1562; x_wconf 82' lang='lat'>20</span> <span class='ocrx_word' id='word_1_176' title='bbox 581 1542 789 1569; x_wconf 85' lang='grc' dir='ltr'>ΜΑΡΤΎΡΙΑ.</span> <span class='ocrx_word' id='word_1_177' title='bbox 835 1541 1035 1571; x_wconf 77' lang='grc' dir='ltr'><strong>ΨΗΦΙΣΜΑ.</strong></span> 
     </span>
    </p>
   </div>
   <div class='ocr_carea' id='block_1_4' title="bbox 79 1602 1610 2061">
    <p class='ocr_par' dir='ltr' id='par_1_7' title="bbox 138 1602 1533 1861">
     <span class='ocr_line' id='line_1_22' title="bbox 205 1602 1533 1657; baseline 0.002 -13"><span class='ocrx_word' id='word_1_178' title='bbox 205 1602 367 1655; x_wconf 75' lang='grc' dir='ltr'>Ἐπειδὴ</span> <span class='ocrx_word' id='word_1_179' title='bbox 406 1605 537 1646; x_wconf 81' lang='grc' dir='ltr'>τοίνυν</span> <span class='ocrx_word' id='word_1_180' title='bbox 575 1606 631 1647; x_wconf 87' lang='grc' dir='ltr'>εἷς</span> <span class='ocrx_word' id='word_1_181' title='bbox 669 1604 975 1655; x_wconf 81' lang='grc' dir='ltr'>Ἑλλήσποντον</span> <span class='ocrx_word' id='word_1_182' title='bbox 1015 1606 1202 1657; x_wconf 82' lang='grc' dir='ltr'>ἤλθομεν,</span> <span class='ocrx_word' id='word_1_183' title='bbox 1248 1605 1309 1646; x_wconf 83' lang='grc' dir='ltr'>καὶ</span> <span class='ocrx_word' id='word_1_184' title='bbox 1357 1606 1380 1646; x_wconf 83' lang='grc' dir='ltr'>ὅ</span> <span class='ocrx_word' id='word_1_185' title='bbox 1424 1622 1468 1647; x_wconf 87' lang='grc' dir='ltr'>τε</span> <span class='ocrx_word' id='word_1_186' title='bbox 1491 1621 1533 1654; x_wconf 84' lang='grc'>14</span> 
     </span>
     <span class='ocr_line' id='line_1_23' title="bbox 138 1670 1467 1726; baseline 0.002 -16"><span class='ocrx_word' id='word_1_187' title='bbox 138 1670 282 1724; x_wconf 89' lang='grc' dir='ltr'>χρόνος</span> <span class='ocrx_word' id='word_1_188' title='bbox 323 1671 556 1723; x_wconf 81' lang='grc' dir='ltr'>ἐξεληλύθει</span> <span class='ocrx_word' id='word_1_189' title='bbox 594 1689 662 1723; x_wconf 92' lang='grc' dir='ltr'>μοι</span> <span class='ocrx_word' id='word_1_190' title='bbox 699 1675 769 1723; x_wconf 86' lang='grc' dir='ltr'>τῆς</span> <span class='ocrx_word' id='word_1_191' title='bbox 806 1674 1073 1726; x_wconf 86' lang='grc' dir='ltr'>τριηραρχίας,</span> <span class='ocrx_word' id='word_1_192' title='bbox 1114 1675 1177 1714; x_wconf 86' lang='grc' dir='ltr'>καὶ</span> <span class='ocrx_word' id='word_1_193' title='bbox 1218 1673 1361 1724; x_wconf 84' lang='grc' dir='ltr'>μισθὸς</span> <span class='ocrx_word' id='word_1_194' title='bbox 1397 1673 1467 1714; x_wconf 83' lang='grc' dir='ltr'>οὐκ</span> 
     </span>
     <span class='ocr_line' id='line_1_24' title="bbox 138 1736 1467 1792; baseline 0.002 -14"><span class='ocrx_word' id='word_1_195' title='bbox 138 1738 309 1789; x_wconf 82' lang='grc' dir='ltr'>ἀπεδόθη</span> <span class='ocrx_word' id='word_1_196' title='bbox 339 1743 421 1782; x_wconf 90' lang='grc' dir='ltr'>τοῖς</span> <span class='ocrx_word' id='word_1_197' title='bbox 449 1740 708 1792; x_wconf 83' lang='grc' dir='ltr'>στρατιώταις</span> <span class='ocrx_word' id='word_1_198' title='bbox 740 1739 832 1780; x_wconf 86' lang='grc' dir='ltr'>ἀλλ’</span> <span class='ocrx_word' id='word_1_199' title='bbox 863 1736 886 1790; x_wconf 81' lang='grc' dir='ltr'>ἢ</span> <span class='ocrx_word' id='word_1_200' title='bbox 925 1743 1032 1780; x_wconf 81' lang='grc' dir='ltr'>δυοῖν</span> <span class='ocrx_word' id='word_1_201' title='bbox 1067 1745 1218 1791; x_wconf 86' lang='grc' dir='ltr'>μηνοῖν,</span> <span class='ocrx_word' id='word_1_202' title='bbox 1258 1741 1389 1792; x_wconf 82' lang='grc' dir='ltr'>ἕτερός</span> <span class='ocrx_word' id='word_1_203' title='bbox 1424 1758 1467 1781; x_wconf 86' lang='grc' dir='ltr'>τε</span> 
     </span>
     <span class='ocr_line' id='line_1_25' title="bbox 139 1805 1466 1861; baseline 0.003 -17"><span class='ocrx_word' id='word_1_204' title='bbox 139 1805 359 1858; x_wconf 87' lang='grc' dir='ltr'>στρατηγὸς</span> <span class='ocrx_word' id='word_1_205' title='bbox 391 1806 486 1857; x_wconf 76' lang='grc' dir='ltr'>ἧκεν</span> <span class='ocrx_word' id='word_1_206' title='bbox 512 1807 756 1860; x_wconf 89' lang='grc' dir='ltr'>Τιμόμαχος,</span> <span class='ocrx_word' id='word_1_207' title='bbox 790 1807 852 1847; x_wconf 84' lang='grc' dir='ltr'>καὶ</span> <span class='ocrx_word' id='word_1_208' title='bbox 877 1807 991 1849; x_wconf 79' lang='grc' dir='ltr'>οὗτος</span> <span class='ocrx_word' id='word_1_209' title='bbox 1022 1809 1229 1861; x_wconf 86' lang='grc' dir='ltr'>διαδόχους</span> <span class='ocrx_word' id='word_1_210' title='bbox 1258 1807 1325 1847; x_wconf 84' lang='grc' dir='ltr'>οὐκ</span> <span class='ocrx_word' id='word_1_211' title='bbox 1358 1807 1466 1859; x_wconf 79' lang='grc' dir='ltr'>ἄγων</span> 
     </span>
    </p>

    <p class='ocr_par' dir='ltr' id='par_1_8' title="bbox 79 1872 1610 2061">
     <span class='ocr_line' id='line_1_26' title="bbox 79 1872 1610 1931; baseline 0.003 -20"><span class='ocrx_word' id='word_1_212' title='bbox 79 1890 117 1921; x_wconf 85' lang='lat'>25</span> <span class='ocrx_word' id='word_1_213' title='bbox 139 1873 205 1913; x_wconf 85' lang='grc' dir='ltr'>ἐπὶ</span> <span class='ocrx_word' id='word_1_214' title='bbox 241 1874 310 1914; x_wconf 80' lang='grc' dir='ltr'>τὰς</span> <span class='ocrx_word' id='word_1_215' title='bbox 348 1876 453 1919; x_wconf 81' lang='grc' dir='ltr'>ναῦς,</span> <span class='ocrx_word' id='word_1_216' title='bbox 496 1872 771 1924; x_wconf 87' lang='grc' dir='ltr'>ἀθυμήσαντές</span> <span class='ocrx_word' id='word_1_217' title='bbox 805 1891 874 1926; x_wconf 88' lang='grc' dir='ltr'>μοι</span> <span class='ocrx_word' id='word_1_218' title='bbox 908 1875 1054 1915; x_wconf 85' lang='grc' dir='ltr'>πολλοὶ</span> <span class='ocrx_word' id='word_1_219' title='bbox 1095 1878 1166 1915; x_wconf 83' lang='grc' dir='ltr'>τοῦ</span> <span class='ocrx_word' id='word_1_220' title='bbox 1204 1875 1465 1927; x_wconf 84' lang='grc' dir='ltr'>πληρώματος</span> <span class='ocrx_word' id='word_1_221' title='bbox 1486 1877 1610 1931; x_wconf 79' lang='lat'>[1211]</span> 
     </span>
     <span class='ocr_line' id='line_1_27' title="bbox 138 1938 1465 1994; baseline 0.002 -16"><span class='ocrx_word' id='word_1_222' title='bbox 138 1938 293 1994; x_wconf 77' lang='grc' dir='ltr'>ᾤχοντο</span> <span class='ocrx_word' id='word_1_223' title='bbox 335 1941 599 1983; x_wconf 86' lang='grc' dir='ltr'>ἀπολιπόντες</span> <span class='ocrx_word' id='word_1_224' title='bbox 645 1940 717 1992; x_wconf 76' lang='grc' dir='ltr'>τὴν</span> <span class='ocrx_word' id='word_1_225' title='bbox 757 1945 866 1988; x_wconf 79' lang='grc' dir='ltr'>ναῦν,</span> <span class='ocrx_word' id='word_1_226' title='bbox 907 1944 946 1983; x_wconf 79' lang='grc' dir='ltr'>οἳ</span> <span class='ocrx_word' id='word_1_227' title='bbox 986 1944 1059 1994; x_wconf 78' lang='grc' dir='ltr'>μὲν</span> <span class='ocrx_word' id='word_1_228' title='bbox 1101 1944 1154 1984; x_wconf 83' lang='grc' dir='ltr'>εἷς</span> <span class='ocrx_word' id='word_1_229' title='bbox 1194 1942 1266 1992; x_wconf 80' lang='grc' dir='ltr'>τὴν</span> <span class='ocrx_word' id='word_1_230' title='bbox 1303 1941 1465 1993; x_wconf 84' lang='grc' dir='ltr'>ἤπειρον</span> 
     </span>
     <span class='ocr_line' id='line_1_28' title="bbox 139 2008 1465 2061; baseline 0.002 -15"><span class='ocrx_word' id='word_1_231' title='bbox 139 2008 488 2059; x_wconf 85' lang='grc' dir='ltr'>στρατευσόμενοι,</span> <span class='ocrx_word' id='word_1_232' title='bbox 536 2009 572 2048; x_wconf 81' lang='grc' dir='ltr'>οἱ</span> <span class='ocrx_word' id='word_1_233' title='bbox 615 2010 656 2049; x_wconf 79' lang='grc' dir='ltr'>δὲ</span> <span class='ocrx_word' id='word_1_234' title='bbox 699 2010 754 2051; x_wconf 86' lang='grc' dir='ltr'>εἷς</span> <span class='ocrx_word' id='word_1_235' title='bbox 791 2011 864 2052; x_wconf 82' lang='grc' dir='ltr'>τὰς</span> <span class='ocrx_word' id='word_1_236' title='bbox 907 2011 1074 2050; x_wconf 86' lang='grc' dir='ltr'>Θασίων</span> <span class='ocrx_word' id='word_1_237' title='bbox 1118 2010 1182 2051; x_wconf 83' lang='grc' dir='ltr'>καὶ</span> <span class='ocrx_word' id='word_1_238' title='bbox 1218 2013 1465 2061; x_wconf 81' lang='grc' dir='ltr'>Μαρωνιτῶν</span> 
     </span>
    </p>
   </div>
   <div class='ocr_carea' id='block_1_5' title="bbox 185 2116 1466 2153">
    <p class='ocr_par' dir='ltr' id='par_1_9' title="bbox 185 2116 1466 2153">
     <span class='ocr_line' id='line_1_29' title="bbox 185 2116 1466 2153; baseline 0.001 -7"><span class='ocrx_word' id='word_1_239' title='bbox 185 2125 199 2145; x_wconf 96' lang='lat'>1</span> <span class='ocrx_word' id='word_1_240' title='bbox 226 2117 337 2152; x_wconf 86' lang='grc' dir='ltr'>λαβὼν</span> <span class='ocrx_word' id='word_1_241' title='bbox 356 2139 365 2148; x_wconf 85' lang='grc'><strong>.</strong></span> <span class='ocrx_word' id='word_1_242' title='bbox 385 2140 393 2147; x_wconf 92' lang='grc'><strong>.</strong></span> <span class='ocrx_word' id='word_1_243' title='bbox 414 2141 421 2148; x_wconf 94' lang='grc'>.</span> <span class='ocrx_word' id='word_1_244' title='bbox 442 2116 649 2150; x_wconf 77' lang='grc' dir='ltr'>κατέπλευσα</span> <span class='ocrx_word' id='word_1_245' title='bbox 673 2118 791 2150; x_wconf 84' lang='lat' dir='ltr'><strong>codd.:</strong></span> <span class='ocrx_word' id='word_1_246' title='bbox 823 2119 944 2153; x_wconf 76' lang='grc' dir='ltr'>ἔλαβον</span> <span class='ocrx_word' id='word_1_247' title='bbox 964 2143 971 2150; x_wconf 94' lang='grc'><strong>.</strong></span> <span class='ocrx_word' id='word_1_248' title='bbox 996 2142 1004 2150; x_wconf 95' lang='grc'><em>.</em></span> <span class='ocrx_word' id='word_1_249' title='bbox 1026 2141 1034 2149; x_wconf 86' lang='grc'><strong>.</strong></span> <span class='ocrx_word' id='word_1_250' title='bbox 1061 2119 1110 2150; x_wconf 82' lang='grc' dir='ltr'>καὶ</span> <span class='ocrx_word' id='word_1_251' title='bbox 1137 2118 1342 2150; x_wconf 79' lang='grc' dir='ltr'>κατέπλευσα</span> <span class='ocrx_word' id='word_1_252' title='bbox 1367 2117 1466 2148; x_wconf 80' lang='lat' dir='ltr'>Blass</span> 
     </span>
    </p>
   </div>
   <div class='ocr_carea' id='block_1_6' title="bbox 138 2159 1466 2463">
    <p class='ocr_par' dir='ltr' id='par_1_10' title="bbox 138 2159 1466 2463">
     <span class='ocr_line' id='line_1_30' title="bbox 139 2159 1466 2202; baseline 0.002 -12"><span class='ocrx_word' id='word_1_253' title='bbox 139 2167 158 2197; x_wconf 90' lang='grc'>5</span> <span class='ocrx_word' id='word_1_254' title='bbox 183 2159 252 2191; x_wconf 76' lang='grc' dir='ltr'>ἀντὶ</span> <span class='ocrx_word' id='word_1_255' title='bbox 270 2159 294 2189; x_wconf 85' lang='lat' dir='ltr'>S</span> <span class='ocrx_word' id='word_1_256' title='bbox 308 2159 334 2189; x_wconf 82' lang='lat' dir='ltr'>F</span> <span class='ocrx_word' id='word_1_257' title='bbox 349 2159 378 2198; x_wconf 81' lang='lat' dir='ltr'>Q</span> <span class='ocrx_word' id='word_1_258' title='bbox 392 2160 422 2189; x_wconf 91' lang='lat' dir='ltr'>D</span> <span class='ocrx_word' id='word_1_259' title='bbox 437 2169 447 2190; x_wconf 77' lang='lat'>2</span> <span class='ocrx_word' id='word_1_260' title='bbox 469 2161 538 2192; x_wconf 79' lang='grc' dir='ltr'>ἀντὶ</span> <span class='ocrx_word' id='word_1_261' title='bbox 556 2160 614 2200; x_wconf 84' lang='grc' dir='ltr'>μὲν</span> <span class='ocrx_word' id='word_1_262' title='bbox 630 2160 661 2190; x_wconf 85' lang='grc' dir='ltr'><strong>Α</strong></span> <span class='ocrx_word' id='word_1_263' title='bbox 827 2164 848 2192; x_wconf 88' lang='lat'><strong>6</strong></span> <span class='ocrx_word' id='word_1_264' title='bbox 871 2162 1112 2193; x_wconf 84' lang='grc' dir='ltr'>ἀπολειπόντων</span> <span class='ocrx_word' id='word_1_265' title='bbox 1130 2162 1154 2192; x_wconf 86' lang='lat' dir='ltr'>S</span> <span class='ocrx_word' id='word_1_266' title='bbox 1269 2162 1328 2202; x_wconf 84' lang='grc' dir='ltr'>μὲν</span> <span class='ocrx_word' id='word_1_267' title='bbox 1343 2165 1466 2193; x_wconf 79' lang='grc' dir='ltr'>ναυτῶν</span> 
     </span>
     <span class='ocr_line' id='line_1_31' title="bbox 138 2201 1461 2245; baseline 0.002 -14"><span class='ocrx_word' id='word_1_268' title='bbox 138 2201 262 2234; x_wconf 82' lang='lat' dir='ltr'><strong>Fcorr.</strong></span> <span class='ocrx_word' id='word_1_269' title='bbox 276 2202 306 2232; x_wconf 93' lang='lat' dir='ltr'>D</span> <span class='ocrx_word' id='word_1_270' title='bbox 321 2213 329 2234; x_wconf 75' lang='lat'>2</span> <span class='ocrx_word' id='word_1_271' title='bbox 351 2217 391 2243; x_wconf 88' lang='grc' dir='ltr'>με</span> <span class='ocrx_word' id='word_1_272' title='bbox 408 2207 530 2236; x_wconf 82' lang='grc' dir='ltr'>ναυτῶν</span> <span class='ocrx_word' id='word_1_273' title='bbox 545 2204 597 2235; x_wconf 88' lang='lat' dir='ltr'>A:</span> <span class='ocrx_word' id='word_1_274' title='bbox 620 2218 659 2244; x_wconf 85' lang='grc' dir='ltr'>με</span> <span class='ocrx_word' id='word_1_275' title='bbox 677 2208 779 2236; x_wconf 80' lang='grc' dir='ltr'>αυτῶν</span> <span class='ocrx_word' id='word_1_276' title='bbox 797 2205 820 2235; x_wconf 85' lang='lat' dir='ltr'>S</span> <span class='ocrx_word' id='word_1_277' title='bbox 836 2217 843 2235; x_wconf 73' lang='grc' dir='ltr'><em>τ</em></span> <span class='ocrx_word' id='word_1_278' title='bbox 866 2205 925 2245; x_wconf 83' lang='grc' dir='ltr'>μὲν</span> <span class='ocrx_word' id='word_1_279' title='bbox 942 2208 1045 2237; x_wconf 81' lang='grc' dir='ltr'>αὐτῶν</span> <span class='ocrx_word' id='word_1_280' title='bbox 1062 2205 1102 2235; x_wconf 81' lang='lat' dir='ltr'>F¹</span> <span class='ocrx_word' id='word_1_281' title='bbox 1116 2205 1147 2244; x_wconf 81' lang='lat' dir='ltr'>Q</span> <span class='ocrx_word' id='word_1_282' title='bbox 1266 2205 1380 2237; x_wconf 84' lang='grc' dir='ltr'>ναύτας</span> <span class='ocrx_word' id='word_1_283' title='bbox 1397 2205 1461 2235; x_wconf 81' lang='lat' dir='ltr'><strong>del.</strong></span> 
     </span>
     <span class='ocr_line' id='line_1_32' title="bbox 138 2245 1464 2289; baseline 0.003 -14"><span class='ocrx_word' id='word_1_284' title='bbox 138 2245 249 2276; x_wconf 89' lang='lat' dir='ltr'>Cobet</span> <span class='ocrx_word' id='word_1_285' title='bbox 435 2257 452 2286; x_wconf 89' lang='lat'><strong>7</strong></span> <span class='ocrx_word' id='word_1_286' title='bbox 477 2248 579 2280; x_wconf 81' lang='grc' dir='ltr'>διδοὺς</span> <span class='ocrx_word' id='word_1_287' title='bbox 596 2249 691 2279; x_wconf 89' lang='lat' dir='ltr'><strong>codd.</strong></span> <span class='ocrx_word' id='word_1_288' title='bbox 707 2259 715 2278; x_wconf 86' lang='lat'>:</span> <span class='ocrx_word' id='word_1_289' title='bbox 740 2250 811 2280; x_wconf 82' lang='grc' dir='ltr'>δοὺς</span> <span class='ocrx_word' id='word_1_290' title='bbox 830 2248 927 2279; x_wconf 80' lang='lat' dir='ltr'>Blass</span> <span class='ocrx_word' id='word_1_291' title='bbox 944 2249 1018 2280; x_wconf 85' lang='lat' dir='ltr'>coll.</span> <span class='ocrx_word' id='word_1_292' title='bbox 1040 2252 1054 2286; x_wconf 62' lang='grc' dir='ltr'>ξ</span> <span class='ocrx_word' id='word_1_293' title='bbox 1075 2259 1092 2288; x_wconf 94' lang='lat'><strong>7</strong></span> <span class='ocrx_word' id='word_1_294' title='bbox 1276 2258 1298 2287; x_wconf 91' lang='lat'><strong>9</strong></span> <span class='ocrx_word' id='word_1_295' title='bbox 1322 2247 1359 2289; x_wconf 77' lang='grc' dir='ltr'>ᾧ]</span> <span class='ocrx_word' id='word_1_296' title='bbox 1378 2262 1423 2279; x_wconf 81' lang='grc' dir='ltr'>τω</span> <span class='ocrx_word' id='word_1_297' title='bbox 1440 2247 1464 2279; x_wconf 90' lang='lat' dir='ltr'>S</span> 
     </span>
     <span class='ocr_line' id='line_1_33' title="bbox 143 2290 1465 2332; baseline 0.003 -15"><span class='ocrx_word' id='word_1_298' title='bbox 143 2297 177 2318; x_wconf 95' lang='lat'>11</span> <span class='ocrx_word' id='word_1_299' title='bbox 210 2293 289 2319; x_wconf 85' lang='lat' dir='ltr'><strong>ante</strong></span> <span class='ocrx_word' id='word_1_300' title='bbox 320 2290 523 2322; x_wconf 77' lang='grc' dir='ltr'>πιστεύσειεν</span> <span class='ocrx_word' id='word_1_301' title='bbox 560 2291 636 2322; x_wconf 85' lang='lat' dir='ltr'><strong>add.</strong></span> <span class='ocrx_word' id='word_1_302' title='bbox 675 2305 728 2331; x_wconf 87' lang='grc' dir='ltr'>μοι</span> <span class='ocrx_word' id='word_1_303' title='bbox 767 2291 791 2321; x_wconf 88' lang='lat' dir='ltr'>S</span> <span class='ocrx_word' id='word_1_304' title='bbox 806 2291 897 2332; x_wconf 64' lang='lat' dir='ltr'>Qyp.</span> <span class='ocrx_word' id='word_1_305' title='bbox 917 2303 925 2322; x_wconf 79' lang='lat' dir='ltr'>z</span> <span class='ocrx_word' id='word_1_306' title='bbox 969 2294 1052 2331; x_wconf 82' lang='grc' dir='ltr'>ὑμῶν</span> <span class='ocrx_word' id='word_1_307' title='bbox 1089 2292 1119 2322; x_wconf 90' lang='grc' dir='ltr'><strong>Α</strong></span> <span class='ocrx_word' id='word_1_308' title='bbox 1132 2290 1220 2331; x_wconf 77' lang='lat' dir='ltr'>FQ:</span> <span class='ocrx_word' id='word_1_309' title='bbox 1261 2292 1326 2322; x_wconf 81' lang='lat' dir='ltr'>del.</span> <span class='ocrx_word' id='word_1_310' title='bbox 1368 2291 1465 2321; x_wconf 80' lang='lat' dir='ltr'>Blass</span> 
     </span>
     <span class='ocr_line' id='line_1_34' title="bbox 142 2333 1464 2375; baseline 0.004 -14"><span class='ocrx_word' id='word_1_311' title='bbox 142 2340 180 2361; x_wconf 89' lang='lat'>12</span> <span class='ocrx_word' id='word_1_312' title='bbox 204 2333 343 2373; x_wconf 79' lang='grc' dir='ltr'>ἀληθῶς]</span> <span class='ocrx_word' id='word_1_313' title='bbox 360 2334 494 2375; x_wconf 80' lang='grc' dir='ltr'>ἀκριβῶς</span> <span class='ocrx_word' id='word_1_314' title='bbox 512 2333 729 2365; x_wconf 86' lang='lat' dir='ltr'>Herwerden</span> <span class='ocrx_word' id='word_1_315' title='bbox 866 2345 904 2374; x_wconf 84' lang='lat'>13</span> <span class='ocrx_word' id='word_1_316' title='bbox 929 2334 962 2366; x_wconf 82' lang='grc' dir='ltr'>δὲ</span> <span class='ocrx_word' id='word_1_317' title='bbox 979 2346 1044 2366; x_wconf 88' lang='lat' dir='ltr'>om.</span> <span class='ocrx_word' id='word_1_318' title='bbox 1062 2335 1094 2365; x_wconf 91' lang='lat' dir='ltr'><strong>A</strong></span> <span class='ocrx_word' id='word_1_319' title='bbox 1231 2345 1268 2374; x_wconf 84' lang='lat'>15</span> <span class='ocrx_word' id='word_1_320' title='bbox 1295 2336 1421 2366; x_wconf 81' lang='grc' dir='ltr'>ἐλλίποι</span> <span class='ocrx_word' id='word_1_321' title='bbox 1433 2334 1464 2373; x_wconf 85' lang='lat' dir='ltr'>Q</span> 
     </span>
     <span class='ocr_line' id='line_1_35' title="bbox 143 2376 1464 2419; baseline 0.002 -12"><span class='ocrx_word' id='word_1_322' title='bbox 143 2377 246 2413; x_wconf 86' lang='lat'>15-16</span> <span class='ocrx_word' id='word_1_323' title='bbox 269 2376 445 2417; x_wconf 80' lang='grc' dir='ltr'>προσέταξε</span> <span class='ocrx_word' id='word_1_324' title='bbox 462 2378 500 2408; x_wconf 81' lang='grc' dir='ltr'>τὸ</span> <span class='ocrx_word' id='word_1_325' title='bbox 516 2377 558 2415; x_wconf 88' lang='grc' dir='ltr'>Α,</span> <span class='ocrx_word' id='word_1_326' title='bbox 578 2378 618 2410; x_wconf 80' lang='lat' dir='ltr'>cf.</span> <span class='ocrx_word' id='word_1_327' title='bbox 638 2388 684 2408; x_wconf 86' lang='lat' dir='ltr'>XX</span> <span class='ocrx_word' id='word_1_328' title='bbox 702 2388 743 2418; x_wconf 81' lang='lat'>43</span> <span class='ocrx_word' id='word_1_329' title='bbox 762 2389 769 2408; x_wconf 75' lang='lat' dir='ltr'>t</span> <span class='ocrx_word' id='word_1_330' title='bbox 793 2379 1010 2419; x_wconf 81' lang='grc' dir='ltr'>προσετάξατε</span> <span class='ocrx_word' id='word_1_331' title='bbox 1028 2379 1052 2409; x_wconf 85' lang='lat' dir='ltr'>S</span> <span class='ocrx_word' id='word_1_332' title='bbox 1066 2378 1133 2416; x_wconf 83' lang='lat' dir='ltr'>FQ</span> <span class='ocrx_word' id='word_1_333' title='bbox 1146 2379 1176 2409; x_wconf 95' lang='lat' dir='ltr'>D</span> <span class='ocrx_word' id='word_1_334' title='bbox 1365 2388 1404 2416; x_wconf 86' lang='lat'>19</span> <span class='ocrx_word' id='word_1_335' title='bbox 1427 2379 1464 2410; x_wconf 78' lang='grc' dir='ltr'>τὸ</span> 
     </span>
     <span class='ocr_line' id='line_1_36' title="bbox 139 2419 1462 2463; baseline 0.005 -16"><span class='ocrx_word' id='word_1_336' title='bbox 139 2423 218 2449; x_wconf 84' lang='lat' dir='ltr'>ante</span> <span class='ocrx_word' id='word_1_337' title='bbox 233 2422 290 2451; x_wconf 81' lang='grc' dir='ltr'>τοῦ</span> <span class='ocrx_word' id='word_1_338' title='bbox 305 2429 371 2450; x_wconf 87' lang='lat' dir='ltr'>om.</span> <span class='ocrx_word' id='word_1_339' title='bbox 390 2419 421 2449; x_wconf 87' lang='lat' dir='ltr'><strong>A</strong></span> <span class='ocrx_word' id='word_1_340' title='bbox 433 2420 463 2450; x_wconf 92' lang='lat' dir='ltr'>D</span> <span class='ocrx_word' id='word_1_341' title='bbox 575 2431 613 2451; x_wconf 84' lang='lat'>21</span> <span class='ocrx_word' id='word_1_342' title='bbox 639 2435 675 2453; x_wconf 84' lang='grc' dir='ltr'>τε</span> <span class='ocrx_word' id='word_1_343' title='bbox 693 2432 757 2452; x_wconf 88' lang='lat' dir='ltr'>orn.</span> <span class='ocrx_word' id='word_1_344' title='bbox 778 2422 802 2451; x_wconf 86' lang='lat' dir='ltr'>F</span> <span class='ocrx_word' id='word_1_345' title='bbox 819 2422 848 2460; x_wconf 82' lang='lat' dir='ltr'>Q</span> <span class='ocrx_word' id='word_1_346' title='bbox 863 2422 890 2451; x_wconf 93' lang='lat' dir='ltr'>D</span> <span class='ocrx_word' id='word_1_347' title='bbox 1011 2432 1052 2461; x_wconf 79' lang='lat'>24</span> <span class='ocrx_word' id='word_1_348' title='bbox 1077 2423 1261 2463; x_wconf 74' lang='grc' dir='ltr'>Τιμόμαχος</span> <span class='ocrx_word' id='word_1_349' title='bbox 1275 2422 1331 2461; x_wconf 74' lang='grc' dir='ltr'>ἧκε</span> <span class='ocrx_word' id='word_1_350' title='bbox 1351 2421 1375 2451; x_wconf 82' lang='lat' dir='ltr'>F</span> <span class='ocrx_word' id='word_1_351' title='bbox 1388 2421 1417 2460; x_wconf 79' lang='lat' dir='ltr'>Q</span> <span class='ocrx_word' id='word_1_352' title='bbox 1434 2421 1462 2450; x_wconf 87' lang='lat' dir='ltr'>D</span> 
     </span>
    </p>
   </div>
   <div class='ocr_carea' id='block_1_7' title="bbox 140 2462 808 2502">
    <p class='ocr_par' dir='ltr' id='par_1_11' title="bbox 140 2462 808 2502">
     <span class='ocr_line' id='line_1_37' title="bbox 140 2462 808 2502; baseline 0.004 -8"><span class='ocrx_word' id='word_1_353' title='bbox 140 2470 180 2500; x_wconf 87' lang='lat'>25</span> <span class='ocrx_word' id='word_1_354' title='bbox 204 2462 271 2502; x_wconf 82' lang='grc' dir='ltr'>μοι]</span> <span class='ocrx_word' id='word_1_355' title='bbox 293 2463 321 2494; x_wconf 81' lang='grc' dir='ltr'>οἱ</span> <span class='ocrx_word' id='word_1_356' title='bbox 336 2462 367 2493; x_wconf 87' lang='grc' dir='ltr'><strong>Α</strong></span> <span class='ocrx_word' id='word_1_357' title='bbox 471 2466 513 2494; x_wconf 82' lang='grc'>26</span> <span class='ocrx_word' id='word_1_358' title='bbox 537 2465 766 2497; x_wconf 80' lang='grc' dir='ltr'>ἀπολείποντες</span> <span class='ocrx_word' id='word_1_359' title='bbox 785 2465 808 2496; x_wconf 87' lang='lat' dir='ltr'>S</span> 
     </span>
    </p>
   </div>
  </div>
 </body>
</html>
