1763 2778
185 114 260 171 mv]
596 120 758 158 ΚΑΤΑ
806 120 1110 158 ΚΟΝΩΝΟΣ
1535 121 1671 176 [1262]

185 222 252 259 τοῦ
275 220 501 260 τελευταίου
540 218 602 259 καὶ
637 218 862 260 δεινοτάτου
897 219 1153 271 προεώραται,
1192 222 1261 259 τοῦ
1295 217 1347 269 μὴ
1386 219 1513 271 φόνον

185 288 407 339 γίγνεσθαι,
432 289 531 339 μηδὲ
563 288 659 327 κατὰ
693 286 832 338 μικρὸν
866 286 1092 339 ὑπάγεσθαι
1129 288 1170 326 ἐκ
1207 288 1280 337 μὲν
1316 287 1514 335 λοιδορίας

185 354 240 396 εἷς
265 352 434 407 πληγάς,
461 355 504 395 ἐκ
529 356 570 395 δὲ
594 358 759 406 πληγῶν
793 355 847 396 εἷς
875 354 1088 406 τραύματα,
1127 355 1171 394 ἐκ
1204 355 1246 394 δὲ
1283 352 1514 403 τραυμάτων
1533 351 1674 408 [1263]

186 421 241 463 εἷς
266 420 449 469 θάνατον,
473 420 568 463 ἀλλ’
594 423 638 462 ἐν
661 425 744 464 τοῖς
769 421 904 472 νόμοις
933 421 1035 462 εἶναι
1057 420 1209 462 τούτων
1238 419 1407 461 ἑκάστου
1442 420 1514 470 τὴν

146 502 163 534 5
184 488 308 539 δίκην,
334 488 388 540 μὴ
413 491 462 546 τῇ
484 492 553 530 τοῦ
578 489 874 543 προστυχόντος
901 489 1000 545 ὀργῇ
1035 490 1133 539 μηδὲ
1170 486 1369 538 βουλήσει
1392 491 1513 528 ταῦτα

185 555 401 607 κρίνεσθαι.
472 554 540 596 εἶτ’
580 557 625 597 ἐν
660 558 736 608 μὲν
774 559 854 597 τοῖς
895 573 1031 607 νομοις
1076 556 1210 597 οὕτως·
1259 554 1308 595 ἂν
1353 553 1386 595 δ’
1424 556 1512 611 εἴπῃ
1534 571 1580 596 2ο

184 623 322 664 Κόνων
363 623 611 676 ’ἰθύφαλλοί
642 622 748 665 τινές
785 623 908 674 ἐσμεν
937 623 1052 674 ἡμεῖς
1094 621 1407 675 συνειλεγμένοι,
1452 622 1513 662 καὶ

184 690 349 741 ἐρῶντες
372 689 439 737 οὓς
462 688 510 730 ἂν
535 690 628 742 ἡμῖν
651 689 746 747 δόξῃ
772 691 939 741 παίομεν
956 690 1018 730 καὶ
1043 689 1220 744 ἄγχομεν
1236 688 1259 737 ',
1285 689 1371 731 εἶτα
1394 689 1513 743 γελά-

184 773 327 800 σαντες
359 757 468 808 ὑμεῖς
497 756 696 810 ἆφήσετε;
735 757 804 798 οὐκ
835 759 971 809 οἴομαί
996 775 1053 810 γε.
1126 757 1171 798 οὐ
1199 759 1276 810 γὰρ
1307 756 1356 798 ἂν
1383 756 1512 810 γέλως

126 838 164 860 ῐο
183 825 290 875 ὑμῶν
326 824 476 876 ἔλαβεν
512 824 665 873 οὐδένα,
703 826 737 866 εἰ
773 826 908 877 παρὼν
943 826 1160 878 ἐτύγχανεν
1184 823 1291 878 ἡνίχ’
1323 824 1512 874 εἱλκόμην

186 892 248 932 καὶ
284 890 497 943 ἐξεδυόμην
525 892 590 932 καὶ
620 892 853 944 ὑβριζόμην,
890 892 954 932 καὶ
988 887 1109 945 ὑγιὴς
1136 890 1310 942 ἐξελθὼν
1335 890 1514 944 φοράδην

184 957 308 1009 ἦλθον
346 960 491 1006 οἴκαδε,
530 958 815 1010 ἐξεπεπηδήκει
852 961 894 1000 δὲ
927 960 1028 1011 μετὰ
1061 957 1170 999 ταῦθ’
1207 958 1230 1010 ἡ
1271 958 1409 1010 μήτηρ,
1450 957 1512 998 καὶ

184 1025 330 1079 κραυγὴ
357 1027 419 1067 καὶ
437 1026 516 1078 βοὴ
542 1031 620 1068 τῶν
643 1031 838 1080 γυναικῶν
862 1027 1034 1077 τοσαύτη
1054 1024 1145 1079 παρ’
1169 1027 1261 1077 ἡμῖν
1287 1024 1334 1076 ἦν
1355 1025 1511 1078 ὡσπερ-

185 1093 269 1134 ανεὶ
304 1094 519 1136 τεθνεῶτός
553 1111 673 1140 τινος,
713 1094 819 1134 ὥστε
854 1097 933 1134 τῶν
970 1094 1162 1146 γειτόνων
1204 1094 1314 1135 τινὰς
1356 1092 1514 1145 πέμψαι

126 1173 163 1205 15
184 1163 281 1213 πρὸς
302 1160 404 1212 ἡμᾶς
430 1160 695 1214 ἐρησομένους
725 1162 748 1201 ὅ
776 1178 813 1201 τι
851 1161 963 1202 ἐστὶν
988 1160 1033 1201 τὸ
1066 1161 1340 1212 συμβεβηκός.
1411 1154 1514 1201 ὅλως
1534 1175 1574 1201 21

184 1226 232 1275 δ’,
271 1225 300 1268 ὦ
333 1227 471 1281 ἄνδρες
507 1230 702 1275 δικασταί,
741 1230 892 1270 δίκαιον
925 1231 997 1280 μὲν
1035 1228 1162 1269 οὐδενὶ
1199 1226 1325 1279 δήπου
1361 1229 1514 1280 σκῆψιν

185 1294 368 1346 οὐδεμίαν
396 1296 580 1347 τοιαύτην
613 1295 693 1336 οὐδ’
723 1293 860 1337 ἄδέιαν
890 1295 1086 1349 ὑπάρχειν
1109 1293 1209 1348 παρ’
1244 1296 1349 1346 ὑμῖν,
1381 1293 1429 1334 δι’
1463 1292 1514 1344 ἣν

183 1362 359 1415 ὑβρίζειν
385 1361 556 1413 ἐξέσται·
593 1364 627 1404 εἰ
653 1362 686 1404 δ’
710 1361 771 1416 ἄρ’
799 1364 910 1404 ἐστίν
934 1374 1001 1418 τῳ,
1023 1367 1105 1405 τοῖς
1125 1361 1172 1403 δι’
1193 1362 1350 1414 ἡλικίαν
1365 1362 1513 1402 τούτων

183 1445 221 1470 τι
245 1428 513 1482 πράττουσιν,
552 1430 705 1473 τούτοις
741 1432 978 1472 ἀποκεῖσθαι
1014 1428 1207 1482 προσήκει
1234 1431 1304 1472 τὰς
1331 1429 1514 1470 τοιαύτας

126 1511 166 1534 20
185 1496 427 1550 καταφυγάς,
455 1498 646 1540 κάκείνοις
678 1498 747 1539 οὐκ
782 1499 838 1539 εἰς
870 1498 913 1537 τὸ
949 1497 1001 1549 μὴ
1036 1500 1168 1537 δοῦναι
1193 1497 1315 1547 δίκην,
1342 1494 1433 1536 ἀλλ’
1461 1497 1513 1536 εἰς

184 1563 229 1604 τὸ
267 1566 338 1616 τῆς
374 1565 655 1617 προσηκούσης
698 1564 863 1605 ἐλάττω.
935 1566 1047 1607 ὅστις
1073 1563 1105 1604 δ’
1144 1566 1243 1605 ἐτῶν
1283 1563 1355 1614 μέν
1403 1564 1514 1603 ἐστιν
1536 1576 1577 1600 22

184 1632 380 1672 πλειόνων
403 1628 427 1682 ἢ
454 1631 712 1683 πεντήκοντα,
739 1632 875 1684 παρὼν
902 1634 944 1672 δὲ
977 1630 1181 1684 νεωτέροις
1206 1631 1427 1682 ἀνθρώποις
1453 1629 1515 1669 καὶ

184 1699 336 1741 τούτοις
374 1698 518 1746 υἱέσιν,
559 1699 636 1754 οὐχ
676 1700 784 1741 ὅπως
812 1695 1092 1752 ἀπέτρεψενῆ
1131 1698 1383 1744 διεκώλυσεν,
1421 1695 1513 1737 ἀλλ’

185 1765 301 1808 αὐτὸς
325 1766 484 1818 ἡγεμὼν
509 1766 571 1807 καὶ
597 1770 750 1819 πρῶτος
779 1766 841 1807 καὶ
871 1765 1031 1807 πάντων
1067 1765 1369 1817 βδελυρώτατος
1398 1762 1511 1817 γεγέ-

126 1847 164 1881 25
185 1850 309 1883 νηται,
335 1832 409 1874 τίν’
435 1833 484 1875 ἂν
508 1834 620 1889 οὗτος
644 1833 759 1885 ἀξίαν
782 1838 861 1874 τῶν
885 1832 1172 1886 πεπραγμένων
1195 1832 1369 1886 ὑπόσχοι
1382 1832 1512 1881 δίκην;

185 1900 264 1953 ἐγὼ
291 1903 364 1952 μὲν
392 1902 469 1954 γὰρ
501 1892 586 1942 οὐδ’
613 1899 853 1942 ἀποθανόντ’
888 1903 1033 1952 οἴομαι.
1107 1901 1168 1940 καὶ
1205 1901 1281 1953 γὰρ
1323 1900 1357 1940 εἷ
1391 1900 1514 1950 μηδὲν

185 1966 298 2008 αὐτὸς
336 1968 522 2020 εἴργαστο
559 1972 637 2008 τῶν
674 1967 975 2021 πεπραγμένων,
1013 1965 1108 2008 ἀλλ’
1148 1967 1184 2007 εἶ
1217 1966 1513 2019 παρεστηκότος

184 2033 323 2075 τούτου
348 2036 524 2085 Κτησίας
547 2035 568 2075 ὁ
593 2035 674 2077 υἱὸς
699 2036 720 2075 ὁ
751 2036 891 2076 τούτου
918 2033 1030 2077 ταῦθ’
1055 2034 1156 2087 ἅπερ
1183 2033 1269 2075 νυνὶ
1292 2033 1514 2083 πεποιηκὼς
1533 2031 1676 2085 [1264]

185 2101 384 2154 ἐφαίνετο,
423 2106 561 2143 τοῦτον
596 2102 762 2154 ἐμισεῖτ’
799 2102 848 2143 ἂν
884 2101 1053 2142 δικαίως.
1125 2102 1160 2142 εἰ
1191 2102 1266 2154 γὰρ
1295 2101 1395 2141 οὕτω
1424 2098 1513 2140 τοὺς
1535 2114 1576 2147 23

124 2185 166 2218 30
185 2169 302 2210 αὑτοῦ
316 2171 508 2222 προῆκται
532 2173 674 2212 παῖδας
690 2168 786 2210 ὥστ’
803 2170 983 2210 ἐναντίον
996 2167 1341 2221 ἐξαμαρτάνοντας
1359 2168 1510 2211 ἑαυτοῦ,

228 2289 249 2318 4
271 2279 349 2311 εἶναι
370 2290 436 2311 om.
462 2280 485 2310 S
645 2290 662 2319 7
689 2278 929 2319 συνειλεγμένοι
956 2278 1127 2319 ΞΑΒὙρ.
1147 2289 1155 2309 :
1180 2276 1372 2317 συνηγμένοι
1397 2275 1466 2314 FQ
1481 2275 1511 2304 D

186 2321 207 2352 8
229 2336 342 2364 ερωτες
358 2322 404 2354 S:
423 2321 585 2365 (παιδιᾶς)
603 2325 734 2361 ἐρῶντες
753 2323 930 2359 Richards,
949 2323 1009 2353 sed
1026 2322 1067 2352 cf.
1091 2325 1106 2359 ξ
1128 2332 1165 2360 14
1269 2330 1305 2350 12
1321 2320 1403 2360 μετὰ
1423 2320 1512 2351 ταῦθ’

185 2367 266 2398 secl.
280 2366 377 2397 Blass
391 2366 466 2397 coll.
480 2367 640 2398 Aristeid.
653 2377 685 2406 p.
701 2368 763 2405 387
863 2376 900 2405 17
915 2368 985 2406 ὑμῖν
1001 2365 1105 2403 vulg,
1124 2365 1164 2395 cs.
1181 2367 1196 2402 ξ
1218 2373 1254 2402 17
1272 2374 1278 2393 :
1303 2366 1386 2402 ὑμῶν
1403 2362 1467 2392 SA
1482 2361 1511 2390 D

189 2410 228 2439 18
252 2415 330 2449 post
346 2410 473 2449 ἡλικίαν
488 2410 565 2441 add.
582 2411 601 2448 ἢ
618 2410 758 2448 νεότητα
774 2410 871 2440 codd.
887 2421 893 2440 :
920 2409 984 2439 del.
1002 2409 1129 2438 Reiske
1273 2407 1313 2436 28
1337 2407 1477 2436 alterum
1496 2407 1512 2436 ὁ

185 2462 251 2484 om.
269 2452 300 2482 A
388 2453 475 2486 ταῦθ’
494 2454 615 2493 Scripsi
629 2465 636 2484 τ
661 2456 749 2485 ταῦθ’
766 2454 864 2483 codd.
884 2454 991 2495 (πάνθ’
1007 2452 1047 2492 S)
1138 2451 1215 2490 νυνὶ]
1232 2449 1324 2481 οὗτος
1341 2450 1404 2481 νυνὶ
1423 2448 1454 2477 Α
