1763 2778
76 134 222 189 [1309]
656 136 736 173 ΔΗ
752 135 1144 173 ΜΟΣΘΕΝΟΎΣ
1482 130 1572 186 [Lvn

249 235 265 248 Ν

244 253 264 274 ο
300 252 336 274 τι
374 235 431 277 οὔ.
502 237 613 274 τοῦτο
649 233 722 287 γάρ
759 235 870 274 ἐστιν
906 234 926 273 ὀ
964 232 1226 285 συκοφάντης,
1266 235 1468 276 αἰτιᾶσθαι
1499 237 1572 287 μὲν

181 317 222 353 35
245 301 385 349 πάντα,
411 300 617 353 ἐξελέγξαι
643 303 683 342 δὲ
707 300 842 352 μηδέν.
914 301 1000 341 ἐπεὶ
1025 301 1181 341 κάκεῖνο
1210 301 1296 353 περὶ
1328 303 1397 351 τῆς
1428 301 1573 354 μητρὸς

246 370 410 421 εἴρηκεν,
441 370 500 408 ὅτι
531 369 767 408 ἐτίτθευσεν.
837 367 948 418 ἡμεῖς
980 366 1034 413 δέ,
1067 367 1124 407 ὅθ’
1155 367 1321 418 ἡπόλις
1349 367 1486 421 ἠτύχει
1512 369 1573 408 καὶ

245 434 388 477 πάντες
432 440 555 477 κακῶς
599 435 802 487 ἔπραττον,
846 435 915 475 οὐκ
954 433 1175 486 ἀρνούμεθα
1215 438 1328 475 τοῦτο
1369 435 1569 488 γενέσθαι·

245 501 289 543 ὃν
315 504 358 543 δὲ
381 503 531 555 τρόπον
555 502 615 543 καὶ
641 503 694 542 ὧν
721 501 820 542 ἕνεκ’
843 503 1080 547 ἐτίτθευσεν,
1103 502 1180 554 ἐγὼ
1207 505 1347 554 σαφῶς
1371 503 1460 553 ὑμῖν
1486 504 1569 543 ἐπι-
1597 521 1608 527 ·

245 568 371 620 δείξω.
442 570 577 620 μηδεὶς
618 568 651 609 δ’
691 570 810 620 ὑμῶν,
856 566 885 608 ‹T›
928 568 1063 621 ἄνδρες
1112 568 1329 619 Ἀθηναῖοι,
1372 572 1573 622 δυσχερῶς

244 635 446 692 ὑπολάβῃ·
485 637 546 676 καὶ
584 636 657 689 γὰρ
694 639 763 677 νῦν
803 637 928 677 ἀστὰς
970 639 1155 688 γυναῖκας
1192 638 1346 679 πολλὰς
1387 635 1573 689 εὑρήσετε

245 704 511 750 τιτθευούσας,
537 704 583 746 ἃς
607 705 696 754 ὑμῖν
722 704 784 743 καὶ
811 702 892 742 κατ’
911 705 1050 753 ὄνομα,
1072 704 1141 743 ἐὰν
1159 704 1377 754 βούλησθε,
1396 705 1570 756 ἐροῦμεν.

245 771 281 811 εἰ
304 769 347 811 δέ
371 788 417 823 γε
442 770 629 811 πλούσιοι
654 769 763 821 ἦμεν,
790 769 870 810 οὔτ’
896 770 943 810 ἂν
968 771 1038 813 τὰς
1064 771 1215 811 ταινίας
1240 771 1468 821 ἐπωλοῦμεν
1493 770 1573 811 οὔτ’

245 836 293 878 ἂν
324 838 428 879 ὅλως
457 836 553 888 ἦμεν
581 837 733 889 ἄποροι.
807 838 913 877 ἀλλὰ
943 838 985 878 τί
1009 841 1129 878 ταῦτα
1161 841 1340 878 κοινωνεῖ
1361 841 1415 893 τῷ
1444 837 1570 890 γένευ

183 910 227 953 36
248 905 325 957 ἐγὼ
353 907 425 956 μὲν
459 904 572 946 οὐδὲν
600 905 719 956 οἶμαι.
791 908 991 956 μηδαμῶς,
1024 902 1054 944 ὦ
1084 904 1223 957 ἄνδρες
1259 905 1452 952 δικασταί,
1483 906 1573 948 τοὺς

246 971 415 1023 πένητας
448 971 654 1023 ἀτιμάζετε
680 970 831 1023 (ἱκανὸν
861 973 935 1024 γὰρ
968 972 1101 1014 αὐτοῖς
1129 971 1174 1011 τὸ
1207 971 1398 1013 πένεσθαι
1429 972 1571 1023 κακόν),

245 1039 344 1090 μηδέ
371 1056 418 1092 γε
449 1039 539 1081 τοὺς
570 1039 807 1092 ἐργάζεσθαι
840 1039 904 1078 καὶ
939 1039 1006 1089 ζῆν
1033 1040 1075 1079 ἐκ
1099 1042 1167 1079 τοῦ
1192 1040 1340 1080 δικαίου
1365 1057 1571 1093 προαιρου-

245 1105 398 1157 μένους·
437 1106 529 1146 ἀλλ’
563 1106 816 1153 ἀκούσαντες,
850 1107 918 1146 ἐὰν
950 1107 1040 1157 ὑμῖν
1071 1106 1297 1146 ἐπιδεικνύω
1329 1109 1399 1157 τῆς
1429 1107 1573 1160 μητρὸς

95 1167 227 1223 [Ῑ3ῙΟ]
246 1173 333 1214 τοὺς
363 1174 527 1216 οἰκείους
556 1175 660 1215 οἵους
689 1172 882 1226 προσήκει
910 1173 1012 1214 εἶναι
1042 1174 1264 1226 ἀνθρώποις
1288 1173 1522 1226 ἐλευθέροις,
1550 1175 1574 1215 ἃ

247 1243 490 1281 καταιτιᾶται
515 1242 603 1293 περὶ
629 1240 757 1292 αὐτῆς,
784 1241 927 1283 ταύτας
952 1242 1022 1282 τὰς
1046 1242 1243 1291 διαβολὰς
1276 1240 1571 1292 ἐξομνυμένους,

247 1309 310 1348 καὶ
345 1310 632 1361 μαρτυροῦντας
668 1307 788 1358 αὐτὴν
825 1307 952 1358 ἀστὴν
992 1307 1117 1348 οὖσαν
1159 1307 1315 1355 εἰδέναι,
1359 1308 1424 1350 οὓς
1465 1309 1574 1359 ὑμεῖς

247 1373 400 1427 φήσετε
437 1375 603 1417 πιστοὺς
641 1375 752 1422 εἶναι,
795 1375 949 1415 δικαίαν
995 1375 1089 1426 ἡμῖν
1137 1373 1257 1416 θέσθε
1301 1375 1375 1426 τὴν
1415 1378 1571 1429 ψῆφον.

183 1456 226 1493 37
247 1442 331 1493 ἐμοὶ
356 1443 430 1495 γὰρ
449 1441 498 1492 ἦν
521 1441 694 1488 πάππος,
722 1439 751 1481 ὦ
776 1441 913 1494 ἄνδρες
938 1441 1154 1492 Ἀθηναῖοι,
1180 1444 1250 1493 τῆς
1268 1442 1413 1495 μητρὸς
1432 1442 1571 1495 πατήρ,

248 1510 535 1562 Δαμόστρατος
562 1509 769 1551 Μελιτεύς.
840 1509 964 1563 τούτῳ
990 1510 1194 1561 γίγνονται
1217 1509 1398 1562 τέτταρες
1422 1514 1570 1556 παῖδες,

247 1577 288 1616 ἐκ
320 1579 392 1627 μὲν
423 1576 466 1627 ἧς
492 1580 535 1617 τὸ
568 1580 722 1629 πρῶτον
754 1576 877 1630 ἔσχεν
909 1576 1092 1628 γυναικὸς
1129 1575 1299 1630 θυγάτηρ
1337 1577 1399 1617 καὶ
1434 1577 1516 1619 υἱὸς
1548 1575 1577 1633 ᾧ

246 1643 356 1694 ὄνομ’
381 1643 596 1695 Ἀμυθέων,
625 1645 667 1684 ἐκ
691 1646 734 1685 δὲ
757 1646 826 1695 τῆς
857 1643 1038 1696 ὕστερον,
1065 1643 1376 1697 Χαιρεστράτης,
1401 1644 1424 1695 ἡ
1449 1644 1575 1698 μήτηρ

245 1710 269 1761 ἡ
305 1710 378 1762 ἐμὴ
416 1711 477 1751 καὶ
512 1710 788 1764 Τιμοκράτης.,
843 1711 995 1753 τούτοις
1031 1713 1074 1752 δὲ
1105 1712 1309 1764 γίγνονται
1342 1714 1489 1758 παῖδες,
1521 1716 1574 1767 τῷ

244 1779 316 1829 μὲν
341 1776 558 1828 Ἀμυθέωνι
585 1778 885 1831 Δαμόστρατος,
911 1781 980 1818 τοῦ
1004 1777 1167 1819 πάππου
1191 1778 1347 1830 τοῦνομ’
1367 1779 1483 1832 ἔχων,
1512 1781 1574 1820 καὶ

248 1846 550 1897 Καλλίστρατος
587 1845 648 1885 καὶ
685 1844 886 1896 Δεξίθεος.
957 1845 1018 1885 καὶ
1056 1846 1076 1885 ὁ
1107 1848 1179 1897 μὲν
1216 1845 1418 1897 Ἀμυθέων
1454 1847 1474 1886 ὁ
1506 1849 1575 1897 τῆς
1620 1864 1630 1869 ·

245 1914 389 1963 μητρὸς
414 1911 589 1964 ἀδελφὸς
613 1916 692 1952 τῶν
716 1914 758 1953 ἐν
785 1913 946 1967 Σικελίᾳ
971 1912 1327 1964 στρατευσαμένων
1353 1914 1415 1954 καὶ
1440 1919 1571 1954 τελευ-

245 1978 452 2029 τησάντων
486 1979 609 2026 ἐστίν,
639 1980 701 2020 καὶ
730 1978 919 2020 τέθαπται
951 1980 992 2020 ἐν
1022 1984 1104 2022 τοῖς
1129 1981 1332 2030 δημοσίοις
1356 1980 1572 2032 μνήμασιν·

183 2052 226 2095 38
248 2046 310 2086 καὶ
334 2048 455 2086 ταῦτα
478 2045 780 2099 μαρτυρήσεται.
841 2052 889 2104 τῇ
914 2046 946 2086 δ’
973 2047 1130 2104 ἀδελφῇ
1155 2046 1272 2087 αὐτοῦ
1298 2048 1573 2105 συνοικησάσῃ

246 2112 433 2168 Διοδώρῳ
458 2112 615 2154 Ἃλαιεῖ
636 2113 717 2156 υἱὸς
746 2114 927 2166 γίγνεται
957 2115 1194 2165 Κτησίβιος.
1267 2116 1329 2156 καὶ
1361 2115 1473 2157 οὗτος
1501 2118 1574 2167 μὲν

290 2232 303 2252 Ι
330 2223 390 2254 ὅτι
403 2222 479 2255 οὐΑ
496 2234 502 2254 :
525 2237 556 2255 τι
574 2223 599 2254 S
613 2223 680 2262 FQ
785 2225 943 2256 αἰτιᾶσθαι
956 2223 987 2253 Α
1003 2224 1044 2255 cs.
1064 2223 1143 2254 xviii
1160 2225 1224 2264 289
1240 2235 1247 2256 ε
1272 2224 1474 2257 αι’τιᾶσασθαι
1486 2225 1573 2265 vulg.

247 2276 267 2296 2
284 2265 403 2299 πάντας
412 2265 457 2296 Αι
530 2269 595 2299 ἐπεὶ
613 2267 643 2296 Λ
661 2279 667 2298 ;
693 2267 804 2299 ἔπειτα
816 2267 903 2305 vulg.
998 2277 1014 2306 7
1033 2269 1157 2300 πολλὰς
1171 2278 1236 2299 om.
1249 2267 1281 2298 A
1360 2279 1382 2308 9
1399 2282 1438 2309 ’γε
1449 2279 1512 2300 orn.
1528 2268 1573 2298 Αι

252 2319 289 2339 12
313 2309 433 2350 αὐτοῖς]
450 2312 555 2343 αὐτοῖς
570 2313 639 2342 ἐστι
651 2310 681 2339 Α
822 2320 859 2349 15
884 2312 1036 2350 προσήκει
1048 2310 1090 2350 Α,
1103 2311 1144 2342 cs.
1162 2313 1234 2350 §69
1249 2323 1256 2342 :
1279 2312 1472 2353 wpoofixe(u)
1482 2313 1572 2351 vulg.

249 2352 268 2385 ἃ
282 2352 430 2385 Reiske:
453 2354 534 2385 ἂνΛ
552 2365 559 2384 :
584 2353 672 2385 ἐὰνὸ
687 2353 751 2391 FQ
765 2353 813 2384 D:
839 2354 876 2385 ἃν
887 2353 1049 2384 Schaeser
1141 2355 1180 2384 16
1198 2360 1277 2385 ante
1290 2356 1573 2388 καταιτιᾶταιεάἀ.

248 2395 340 2429 οὗτος
355 2396 409 2428 A:
432 2407 497 2430 om.
516 2397 540 2428 S
554 2397 620 2436 FQ
634 2397 676 2434 D,
693 2397 734 2427 cf.
756 2400 770 2434 §
790 2407 831 2435 4ο
973 2398 1092 2430 ταύτας
1108 2398 1165 2430 τὰς
1183 2400 1335 2435 διαβολὰς
1352 2398 1418 2430 del.
1439 2399 1574 2430 Dobree

252 2440 290 2470 18
307 2441 428 2473 δικαίαν
444 2441 541 2472 codd.
559 2452 566 2471 :
591 2442 715 2472 δικαίως
733 2439 829 2470 Blass
846 2439 921 2471 coll.
939 2443 954 2478 ξ
972 2442 1014 2478 69
1104 2440 1211 2472 θέσθαι
1229 2441 1297 2472 Set
1313 2443 1410 2473 codd.
1424 2441 1574 2482 plerique

247 2493 287 2522 24
314 2483 499 2524 Ἀμυνθεωνι
517 2489 551 2514 et
567 2484 614 2514 sic
635 2484 796 2523 deinceps
815 2483 838 2512 S
983 2485 1026 2514 26
1046 2485 1089 2516 εἷς
1107 2485 1255 2517 Σικελίαν
1272 2486 1529 2527 ἐστρατευμένων
1543 2484 1575 2515 Α
