1763 2778
125 132 201 202 ux]
555 150 715 189 RATA
763 150 953 188 NEAIP
966 150 1038 187 ΑΣ
1478 153 1616 208 [1375]

127 252 322 301 σκοπῆται
351 249 447 302 πρὸς
477 249 594 289 αὑτὸν
627 246 926 300 ὅντιναμέλλει
949 250 1116 298 πολίτην
1141 247 1394 298 ποιήσεσθαι,
1423 250 1455 289 εἰ

125 316 235 368 ἄξιός
267 318 354 357 ἐστι
385 319 452 367 τῆς
486 319 630 368 δωρεᾶς
662 317 681 355 ὁ
712 315 872 366 μέλλων
904 314 1123 367 λήψεσθαι.
1194 316 1331 356 ἔπειτα
1359 318 1456 366 μετὰ

126 388 247 426 ταῦτα
272 385 508 436 παρανόμων
532 383 693 436 γραφὴν
715 383 880 432 ἐποίησε
907 382 988 422 κατ’
1011 382 1129 422 αὐτοῦ
1149 387 1201 437 τῷ
1220 382 1455 438 βουλομένῳ

127 450 358 502 Ἀθηναίων,
397 451 461 491 καὶ
496 450 606 490 ἔστιν
644 450 878 490 εἰσελθόντα
915 451 969 492 εἰς
1002 449 1047 489 τὸ
1082 449 1335 501 δικαστήριον
1373 450 1454 501 ἐξε-

90 518 267 571 5λέγξαι
307 518 356 560 ὡς
396 518 466 559 οὐκ
505 517 613 568 ἄξιός
656 519 742 557 ἐστι
779 520 849 567 τῆς
882 519 1040 568 δωρεᾶς,
1078 517 1187 557 ἀλλὰ
1222 518 1329 569 παρὰ
1367 517 1457 559 τοὺς

127 586 269 636 νόμους
292 584 503 635 Ἀθηναῖος
528 584 706 637 γέγονεν.
777 585 841 625 καὶ
864 584 939 635 ἤδη
963 585 1047 624 τισὶ
1071 588 1139 623 τοῦ
1169 582 1291 634 δήμου
1322 585 1455 624 δόντος
1477 599 1518 633 91

127 651 198 703 τὴν
224 652 384 704 δωρεάν,
411 653 520 707 λόγῳ
547 649 862 702 ἐξαπατηθέντος
881 652 955 692 ὑπὸ
981 656 1060 691 τῶν
1076 651 1303 696 αἰτούντων,
1331 669 1454 703 παρα-

127 720 258 771 νόμων
276 721 432 772 γραφῆς
450 717 665 771 γενομένης
687 718 750 759 καὶ
768 718 1030 768 εἰσελθούσης
1049 720 1104 759 εἰς
1119 721 1162 757 τὸ
1189 718 1456 771 δικαστήριον,
1480 723 1619 777 [1376]

128 786 416 840 ἐξελεγχθῆναι
443 784 596 837 συνέβη
636 785 706 826 τὸν
739 785 937 838 εἰληφότα
970 785 1042 835 τὴν
1079 787 1228 838 δωρεὰν
1260 785 1312 837 μὴ
1349 786 1458 836 ἄξιον

69 871 108 892 ιο
128 854 230 895 εἶναι
261 853 393 904 αὐτῆς,
430 853 490 893 καὶ
524 853 714 905 ἀφείλετο
744 852 787 892 τὸ
824 851 1092 905 δικαστήριον.
1163 853 1227 893 καὶ
1261 853 1350 895 τοὺς
1386 855 1459 904 μὲν

127 920 304 963 πολλοὺς
339 921 403 962 καὶ
438 920 632 962 παλαιοὺς
665 920 786 972 ἔργον
826 920 1108 971 διηγήσασθαι·
1164 921 1187 960 ἃ
1228 922 1271 961 δὲ
1312 920 1457 962 πάντες

127 987 401 1040 μνημονεύετε,
430 988 633 1028 Πειθόλαν
661 1005 703 1027 τε
735 987 804 1027 τὸν
829 986 1038 1028 Θετταλὸν
1069 988 1130 1027 καὶ
1156 987 1458 1038 Ἀπολλωνίδην

129 1054 198 1096 τὸν
226 1055 439 1095 Ὀλύνθιον
468 1056 635 1096 πολίτας
667 1054 743 1095 ὑπὸ
765 1057 836 1094 τοῦ
858 1053 984 1104 δήμου
1005 1053 1245 1107 γενομένους
1269 1056 1458 1106 ἀφείλετο

128 1125 172 1163 τὸ
196 1120 460 1174 δικαστήριον·
498 1126 621 1162 ταῦτα
642 1121 719 1174 γὰρ
742 1121 787 1162 οὐ
819 1120 943 1162 πάλαι
969 1123 1056 1163 ἐστὶ
1088 1120 1332 1174 γεγενημένα
1356 1122 1459 1162 ὥστε
1480 1139 1523 1174 92

71 1204 108 1236 15
129 1190 289 1242 ἀγνοεῖν
313 1190 425 1241 ὑμᾶς.
463 1191 585 1231 οὕτως
609 1189 742 1229 τοίνυν
767 1193 898 1233 καλῶς
924 1190 987 1229 καὶ
1020 1191 1195 1242 ἰσχυρῶς
1218 1193 1296 1229 τῶν
1329 1189 1461 1239 νόμων

130 1255 318 1308 κειμένων
342 1258 439 1310 ὑπὲρ
463 1259 532 1308 τῆς
557 1258 773 1304 πολιτείας,
799 1257 851 1299 δι’
873 1258 929 1298 ὧν
949 1260 1010 1298 δεῖ
1029 1256 1242 1308 Ἀθηναῖον
1257 1255 1458 1308 γενέσθαι,

129 1324 263 1374 ἕτερός
285 1324 400 1365 ε’στιν
423 1323 489 1377 ἐφ’
516 1323 644 1366 ἅπασι
665 1324 818 1366 τούτοις
853 1324 1087 1376 κυριώτατος
1120 1325 1238 1375 νόμος
1271 1325 1458 1375 κείμενος·

128 1392 230 1432 οὕτω
254 1391 412 1442 πολλὴν
436 1393 456 1432 ὁ
481 1394 602 1443 δῆμος
629 1392 817 1443 πρόνοιαν
841 1393 1012 1432 ἐποιεῖτο
1038 1393 1135 1443 ὑπὲρ
1160 1392 1277 1431 αὑτοῦ
1300 1391 1364 1432 καὶ
1383 1395 1460 1431 τῶν

130 1462 229 1499 θεῶν
254 1458 360 1501 ὥστε
382 1458 433 1499 δι’
457 1459 669 1509 εὐσεβείας
691 1459 738 1499 τὰ
766 1458 850 1510 ἱερὰ
873 1459 1040 1499 θύεσθαι
1066 1460 1163 1511 ὑπὲρ
1197 1461 1266 1508 τῆς
1291 1459 1459 1500 πόλεως.

69 1546 110 1569 20
129 1526 247 1568 ὅσους
275 1528 350 1578 γὰρ
384 1525 432 1566 ἂν
463 1525 677 1577 ποιήσηται
711 1527 730 1565 ὁ
767 1528 887 1576 δῆμος
921 1526 941 1565 ὁ
973 1525 1196 1576 Ἀθηναίων
1226 1527 1405 1571 πολίτας,
1441 1526 1461 1564 ὁ

129 1594 247 1644 νόμος
279 1593 517 1646 ἀπαγορεύει
548 1592 759 1645 διαρρήδην
794 1593 847 1644 μὴ
886 1592 1030 1643 ἐξεῖναι·ν
1068 1593 1197 1635 αὐτοῖς
1233 1597 1310 1633 τῶν
1347 1591 1462 1633 ἐννέα

130 1661 334 1714 ἀρχόντων
369 1659 571 1712 γενέσθαι,
609 1662 706 1711 μηδὲ
745 1661 961 1713 ἱερωσύνης
1001 1663 1190 1711 μηδεμιᾶς
1228 1664 1460 1713 μετασχεῖν·

129 1731 210 1770 τοῖς
250 1727 282 1768 δ’
321 1729 364 1768 ἐκ
404 1728 553 1768 τούτων
586 1725 806 1779 μετέδωκεν
842 1728 913 1778 ἤδη
953 1728 972 1767 ὁ
1009 1730 1128 1778 δῆμος
1164 1727 1361 1774 ἁπάντων,
1399 1726 1462 1768 καὶ

129 1794 377 1847 προσέθηκεν
402 1797 413 1812 ‘
432 1796 502 1835 ἐὰν
526 1793 626 1834 ὦσιν
651 1795 694 1834 ἐκ
714 1794 897 1847 γυναικὸς
918 1796 1043 1845 ἀστῆς
1065 1796 1125 1835 καὶ
1147 1796 1339 1847 ἐγγυητῆς
1366 1793 1462 1834 κατὰ

71 1882 109 1914 25
129 1861 198 1902 τὸν
223 1861 371 1914 νόμον.’
442 1861 505 1902 καὶ
532 1862 594 1902 ὅτι
618 1862 725 1902 ταῦτ’
757 1863 883 1912 ἀληθῆ
916 1860 1036 1914 λέγω,
1070 1860 1225 1918 μεγάλῃ
1257 1863 1318 1902 καὶ
1355 1878 1460 1914 περι-
1483 1880 1528 1916 93

131 1933 252 1982 φανεῖ
275 1931 467 1983 μαρτυρίᾳ
499 1930 577 1982 ἐγὼ
609 1931 699 1980 ὑμῖν
737 1930 921 1980 δηλώσω.
992 1929 1192 1980 βούλομαι
1221 1928 1254 1969 δ’
1279 1930 1370 1980 ὑμῖν
1393 1928 1464 1970 τὸν

130 1996 251 2047 νόμον
290 1997 493 2049 πόρρωθεν
531 1995 891 2049 προδιηγήσασθαι,
934 1996 984 2037 ὡς
1022 1994 1136 2047 ἐτέθη
1177 1997 1239 2036 καὶ
1271 1996 1367 2049 πρὸς
1399 1995 1464 2037 οὓς

131 2064 332 2115 διωρίσθη,
364 2064 414 2106 ὡς
447 2064 590 2116 ἄνδρας
627 2064 798 2116 ἀγαθοὺς
834 2066 950 2106 ὄντας
985 2065 1047 2104 καὶ
1090 2064 1284 2114 βεβαίους
1322 2064 1465 2115 φίλους

131 2131 219 2183 περὶ
243 2131 313 2172 τὸν
337 2134 459 2182 δῆμον
485 2132 713 2183 γεγονότας.
763 2133 807 2171 ἐκ
830 2131 980 2171 τούτων
1005 2132 1079 2183 γὰρ
1099 2129 1284 2171 ἁπάντων
1303 2132 1464 2170 εἴσεσθε

70 2219 112 2250 30
130 2197 201 2248 τήν
226 2215 269 2240 τε
292 2202 362 2239 τοῦ
385 2198 506 2249 δήμου
529 2200 679 2250 δωρεὰν
703 2197 774 2248 τὴν
799 2199 993 2238 ἀπόθετον
1018 2202 1100 2240 τοῖς
1127 2196 1347 2250 εὐεργέταις
1366 2213 1461 2250 προ-

183 2319 196 2338 Ι
223 2310 361 2346 πολίτην
376 2319 443 2339 om.
464 2309 493 2338 D
605 2319 624 2338 2
649 2310 665 2340 ὃ
686 2333 692 2339 .
711 2330 718 2338 .
739 2331 746 2339 .
766 2309 926 2347 λήψεσθαι
943 2308 1008 2339 del.
1028 2308 1130 2338 Hude
1256 2318 1275 2345 4
1302 2307 1463 2347 ἐξελέγξαι

134 2362 199 2382 om.
222 2351 315 2382 Y¹rt
342 2354 573 2392 ἐξελεγχθῆναι
592 2351 701 2390 Ymg.
824 2361 862 2381 10
887 2351 981 2392 εἶναι]
1004 2354 1206 2391 ‘exspectes
1227 2351 1322 2382 ὄντα’
1343 2351 1463 2387 Blass;

133 2396 193 2426 sed
211 2396 251 2426 cf.
274 2397 311 2432 ἐξ
327 2405 381 2434 53,
403 2397 463 2426 116
566 2405 603 2432 14
627 2395 683 2435 τὸ]
702 2396 745 2427 εἷς
762 2394 800 2425 τὸ
815 2394 874 2424 SF
888 2394 945 2432 Q:
968 2394 1006 2426 αὖ
1021 2396 1060 2426 τὸ
1078 2395 1180 2424 Hude
1274 2395 1379 2431 15—16
1402 2407 1463 2426 κει-

132 2449 234 2489 μένων
248 2452 312 2481 τῶν
328 2449 430 2488 νόμων
446 2459 463 2480 r
609 2457 646 2488 17
673 2447 778 2489 ἐστιν]
795 2462 844 2481 τις
861 2448 887 2478 F
1033 2459 1076 2479 20
1100 2452 1116 2481 ὁ
1134 2445 1231 2487 δηιῗος
1248 2434 1421 2485 ποιβήσηται
1440 2448 1465 2478 F

134 2502 176 2530 23
200 2494 262 2530 ἤδη
278 2503 343 2524 orn.
363 2502 380 2523 ι·
1322 2492 1382 2522 21*
