<?xml version="1.0" encoding="UTF-8"?>
<!DOCTYPE html PUBLIC "-//W3C//DTD XHTML 1.0 Transitional//EN"
    "http://www.w3.org/TR/xhtml1/DTD/xhtml1-transitional.dtd">
<html xmlns="http://www.w3.org/1999/xhtml" xml:lang="en" lang="en">
 <head>
  <title>
</title>
<meta http-equiv="Content-Type" content="text/html;charset=utf-8" />
  <meta name='ocr-system' content='tesseract 3.04.00' />
  <meta name='ocr-capabilities' content='ocr_page ocr_carea ocr_par ocr_line ocrx_word'/>
</head>
<body>
  <div class='ocr_page' id='page_1' title='image "./orationesrecog03demouoft_0217.png"; bbox 0 0 1763 2778; ppageno 0'>
   <div class='ocr_carea' id='block_1_1' title="bbox 169 131 1654 191">
    <p class='ocr_par' dir='ltr' id='par_1_1' title="bbox 169 131 1654 191">
     <span class='ocr_line' id='line_1_1' title="bbox 169 131 1654 191; baseline 0.003 -21"><span class='ocrx_word' id='word_1_1' title='bbox 169 131 234 185; x_wconf 78' lang='lat' dir='ltr'>m]</span> <span class='ocrx_word' id='word_1_2' title='bbox 542 136 702 174; x_wconf 79' lang='grc' dir='ltr'>ΠΡΟΣ</span> <span class='ocrx_word' id='word_1_3' title='bbox 753 135 1129 174; x_wconf 73' lang='lat' dir='ltr'><strong>KAAAIHHON</strong></span> <span class='ocrx_word' id='word_1_4' title='bbox 1513 135 1654 191; x_wconf 85' lang='lat'>[1240]</span> 
     </span>
    </p>
   </div>
   <div class='ocr_carea' id='block_1_2' title="bbox 109 233 1562 962">
    <p class='ocr_par' dir='ltr' id='par_1_2' title="bbox 168 233 1496 488">
     <span class='ocr_line' id='line_1_2' title="bbox 169 233 1495 289; baseline -0.002 -14"><span class='ocrx_word' id='word_1_5' title='bbox 169 235 286 288; x_wconf 85' lang='grc' dir='ltr'>ὅρκον</span> <span class='ocrx_word' id='word_1_6' title='bbox 310 233 363 289; x_wconf 82' lang='grc' dir='ltr'><em>τῷ</em></span> <span class='ocrx_word' id='word_1_7' title='bbox 387 234 504 286; x_wconf 86' lang='grc' dir='ltr'>πατρὶ</span> <span class='ocrx_word' id='word_1_8' title='bbox 529 235 627 284; x_wconf 88' lang='grc' dir='ltr'><em>δοίη,</em></span> <span class='ocrx_word' id='word_1_9' title='bbox 655 234 675 273; x_wconf 97' lang='lat'><em>6</em></span> <span class='ocrx_word' id='word_1_10' title='bbox 705 236 746 274; x_wconf 83' lang='grc' dir='ltr'>δὲ</span> <span class='ocrx_word' id='word_1_11' title='bbox 776 233 904 285; x_wconf 80' lang='grc' dir='ltr'>πατὴρ</span> <span class='ocrx_word' id='word_1_12' title='bbox 939 233 1007 273; x_wconf 81' lang='grc' dir='ltr'>οὐκ</span> <span class='ocrx_word' id='word_1_13' title='bbox 1042 233 1174 274; x_wconf 83' lang='grc' dir='ltr'>ἐθέλοι</span> <span class='ocrx_word' id='word_1_14' title='bbox 1209 234 1354 284; x_wconf 82' lang='grc' dir='ltr'>ὀμόσαι</span> <span class='ocrx_word' id='word_1_15' title='bbox 1390 235 1495 286; x_wconf 81' lang='grc' dir='ltr'>παρὰ</span> 
     </span>
     <span class='ocr_line' id='line_1_3' title="bbox 168 301 1494 357; baseline 0 -15"><span class='ocrx_word' id='word_1_16' title='bbox 168 305 220 356; x_wconf 80' lang='grc' dir='ltr'>τῷ</span> <span class='ocrx_word' id='word_1_17' title='bbox 256 301 484 357; x_wconf 83' lang='grc' dir='ltr'>Λυσιθείδῃ,</span> <span class='ocrx_word' id='word_1_18' title='bbox 521 301 584 341; x_wconf 85' lang='grc' dir='ltr'>καὶ</span> <span class='ocrx_word' id='word_1_19' title='bbox 618 302 766 341; x_wconf 87' lang='grc' dir='ltr'>οἴονται</span> <span class='ocrx_word' id='word_1_20' title='bbox 802 302 899 351; x_wconf 76' lang='grc' dir='ltr'>ὑμᾶς</span> <span class='ocrx_word' id='word_1_21' title='bbox 933 301 1088 341; x_wconf 80' lang='grc' dir='ltr'>πείσειν</span> <span class='ocrx_word' id='word_1_22' title='bbox 1119 301 1170 343; x_wconf 83' lang='grc' dir='ltr'>ὡς</span> <span class='ocrx_word' id='word_1_23' title='bbox 1200 301 1220 339; x_wconf 88' lang='grc' dir='ltr'>ὁ</span> <span class='ocrx_word' id='word_1_24' title='bbox 1245 302 1494 351; x_wconf 80' lang='grc' dir='ltr'>Λυσιθείδης,</span> 
     </span>
     <span class='ocr_line' id='line_1_4' title="bbox 168 366 1493 423; baseline -0.001 -15"><span class='ocrx_word' id='word_1_25' title='bbox 168 370 310 411; x_wconf 83' lang='grc' dir='ltr'>οἰκεῖος</span> <span class='ocrx_word' id='word_1_26' title='bbox 332 370 405 420; x_wconf 83' lang='grc' dir='ltr'>μὲν</span> <span class='ocrx_word' id='word_1_27' title='bbox 431 366 484 409; x_wconf 83' lang='grc' dir='ltr'>ὢν</span> <span class='ocrx_word' id='word_1_28' title='bbox 514 372 566 423; x_wconf 81' lang='grc' dir='ltr'>τῷ</span> <span class='ocrx_word' id='word_1_29' title='bbox 597 369 821 422; x_wconf 84' lang='grc' dir='ltr'>Καλλίππῳ</span> <span class='ocrx_word' id='word_1_30' title='bbox 853 369 1081 408; x_wconf 78' lang='grc' dir='ltr'>διαιτῶνδὲ</span> <span class='ocrx_word' id='word_1_31' title='bbox 1110 366 1180 417; x_wconf 76' lang='grc' dir='ltr'>τὴν</span> <span class='ocrx_word' id='word_1_32' title='bbox 1206 369 1370 414; x_wconf 85' lang='grc' dir='ltr'>δίαιταν,</span> <span class='ocrx_word' id='word_1_33' title='bbox 1400 367 1493 407; x_wconf 77' lang='grc' dir='ltr'>ἀπέ-</span> 
     </span>
     <span class='ocr_line' id='line_1_5' title="bbox 169 433 1496 488; baseline 0 -13"><span class='ocrx_word' id='word_1_34' title='bbox 169 435 282 488; x_wconf 84' lang='grc' dir='ltr'>σχετ’</span> <span class='ocrx_word' id='word_1_35' title='bbox 309 433 358 475; x_wconf 82' lang='grc' dir='ltr'>ἂν</span> <span class='ocrx_word' id='word_1_36' title='bbox 380 434 432 486; x_wconf 79' lang='grc' dir='ltr'>μὴ</span> <span class='ocrx_word' id='word_1_37' title='bbox 459 435 527 475; x_wconf 83' lang='grc' dir='ltr'>οὐκ</span> <span class='ocrx_word' id='word_1_38' title='bbox 554 435 666 477; x_wconf 80' lang='grc' dir='ltr'>εὐθὺς</span> <span class='ocrx_word' id='word_1_39' title='bbox 689 438 758 474; x_wconf 90' lang='grc' dir='ltr'>τοῦ</span> <span class='ocrx_word' id='word_1_40' title='bbox 788 435 934 487; x_wconf 77' lang='grc' dir='ltr'>πατρὸς</span> <span class='ocrx_word' id='word_1_41' title='bbox 969 437 1281 485; x_wconf 83' lang='grc' dir='ltr'>καταδιαιτῆσαι,</span> <span class='ocrx_word' id='word_1_42' title='bbox 1308 435 1425 475; x_wconf 80' lang='grc' dir='ltr'>αὐτοῦ</span> <span class='ocrx_word' id='word_1_43' title='bbox 1451 452 1496 487; x_wconf 89' lang='grc' dir='ltr'>γε</span> 
     </span>
    </p>

    <p class='ocr_par' dir='ltr' id='par_1_3' title="bbox 131 501 1562 826">
     <span class='ocr_line' id='line_1_6' title="bbox 131 501 1562 556; baseline -0.003 -13"><span class='ocrx_word' id='word_1_44' title='bbox 131 517 147 548; x_wconf 90' lang='grc'>5</span> <span class='ocrx_word' id='word_1_45' title='bbox 170 505 291 556; x_wconf 79' lang='grc' dir='ltr'>ἑαυτῷ</span> <span class='ocrx_word' id='word_1_46' title='bbox 316 501 368 553; x_wconf 80' lang='grc' dir='ltr'>μὴ</span> <span class='ocrx_word' id='word_1_47' title='bbox 395 502 594 544; x_wconf 82' lang='grc' dir='ltr'>’θέλοντος</span> <span class='ocrx_word' id='word_1_48' title='bbox 618 505 806 542; x_wconf 83' lang='grc' dir='ltr'>δικαστοῦ</span> <span class='ocrx_word' id='word_1_49' title='bbox 832 501 1021 554; x_wconf 87' lang='grc' dir='ltr'>γενέσθαι</span> <span class='ocrx_word' id='word_1_50' title='bbox 1050 505 1120 542; x_wconf 87' lang='grc' dir='ltr'>τοῦ</span> <span class='ocrx_word' id='word_1_51' title='bbox 1147 502 1307 553; x_wconf 87' lang='grc' dir='ltr'>πατρός.</span> <span class='ocrx_word' id='word_1_52' title='bbox 1379 502 1430 543; x_wconf 87' lang='grc' dir='ltr'>ὡς</span> <span class='ocrx_word' id='word_1_53' title='bbox 1455 504 1495 542; x_wconf 81' lang='grc' dir='ltr'>δὲ</span> <span class='ocrx_word' id='word_1_54' title='bbox 1521 504 1562 538; x_wconf 88' lang='lat'>16</span> 
     </span>
     <span class='ocr_line' id='line_1_7' title="bbox 169 568 1497 622; baseline 0 -13"><span class='ocrx_word' id='word_1_55' title='bbox 169 570 246 622; x_wconf 86' lang='grc' dir='ltr'>ἐγὼ</span> <span class='ocrx_word' id='word_1_56' title='bbox 270 571 343 621; x_wconf 81' lang='grc' dir='ltr'>μὲν</span> <span class='ocrx_word' id='word_1_57' title='bbox 368 570 496 620; x_wconf 86' lang='grc' dir='ltr'>ἀληθῆ</span> <span class='ocrx_word' id='word_1_58' title='bbox 521 568 641 621; x_wconf 86' lang='grc' dir='ltr'>λέγω,</span> <span class='ocrx_word' id='word_1_59' title='bbox 669 569 775 610; x_wconf 73' lang='grc' dir='ltr'>οὗτοι</span> <span class='ocrx_word' id='word_1_60' title='bbox 801 571 842 610; x_wconf 82' lang='grc' dir='ltr'>δὲ</span> <span class='ocrx_word' id='word_1_61' title='bbox 867 570 1098 622; x_wconf 78' lang='grc' dir='ltr'>ψεύδονται,</span> <span class='ocrx_word' id='word_1_62' title='bbox 1126 573 1282 621; x_wconf 87' lang='grc' dir='ltr'>πρῶτον</span> <span class='ocrx_word' id='word_1_63' title='bbox 1307 571 1377 620; x_wconf 81' lang='grc' dir='ltr'>μὲν</span> <span class='ocrx_word' id='word_1_64' title='bbox 1403 568 1497 609; x_wconf 77' lang='grc' dir='ltr'>αὐτὸ</span> 
     </span>
     <span class='ocr_line' id='line_1_8' title="bbox 167 635 1498 689; baseline -0.001 -12"><span class='ocrx_word' id='word_1_65' title='bbox 167 637 258 687; x_wconf 82' lang='grc' dir='ltr'>ὑμῖν</span> <span class='ocrx_word' id='word_1_66' title='bbox 298 640 414 677; x_wconf 88' lang='grc' dir='ltr'>τοῦτο</span> <span class='ocrx_word' id='word_1_67' title='bbox 449 635 628 689; x_wconf 77' lang='grc' dir='ltr'>γενέσθω</span> <span class='ocrx_word' id='word_1_68' title='bbox 666 635 889 688; x_wconf 83' lang='grc' dir='ltr'>τεκμήριον,</span> <span class='ocrx_word' id='word_1_69' title='bbox 928 638 987 676; x_wconf 86' lang='grc' dir='ltr'>ὅτι</span> <span class='ocrx_word' id='word_1_70' title='bbox 1025 637 1261 688; x_wconf 71' lang='grc' dir='ltr'>κατεγνώκει</span> <span class='ocrx_word' id='word_1_71' title='bbox 1297 635 1345 676; x_wconf 79' lang='grc' dir='ltr'>ἂν</span> <span class='ocrx_word' id='word_1_72' title='bbox 1381 636 1498 676; x_wconf 78' lang='grc' dir='ltr'>αὐτοῦ</span> 
     </span>
     <span class='ocr_line' id='line_1_9' title="bbox 167 703 1497 756; baseline 0 -13"><span class='ocrx_word' id='word_1_73' title='bbox 167 704 188 743; x_wconf 90' lang='lat'><em>6</em></span> <span class='ocrx_word' id='word_1_74' title='bbox 224 704 471 754; x_wconf 83' lang='grc' dir='ltr'>Λυσιθείδης,</span> <span class='ocrx_word' id='word_1_75' title='bbox 511 705 573 744; x_wconf 84' lang='grc' dir='ltr'>καὶ</span> <span class='ocrx_word' id='word_1_76' title='bbox 610 705 670 744; x_wconf 83' lang='grc' dir='ltr'>ὅτι</span> <span class='ocrx_word' id='word_1_77' title='bbox 706 704 783 756; x_wconf 84' lang='grc' dir='ltr'>ἐγὼ</span> <span class='ocrx_word' id='word_1_78' title='bbox 818 704 982 754; x_wconf 75' lang='grc' dir='ltr'>ἐξούλης</span> <span class='ocrx_word' id='word_1_79' title='bbox 1016 704 1064 744; x_wconf 77' lang='grc' dir='ltr'>ἂν</span> <span class='ocrx_word' id='word_1_80' title='bbox 1096 704 1268 756; x_wconf 81' lang='grc' dir='ltr'>ἔφευγον</span> <span class='ocrx_word' id='word_1_81' title='bbox 1297 707 1377 749; x_wconf 83' lang='grc' dir='ltr'>νῦν,</span> <span class='ocrx_word' id='word_1_82' title='bbox 1405 703 1497 743; x_wconf 82' lang='grc' dir='ltr'>ἀλλ’</span> 
     </span>
     <span class='ocr_line' id='line_1_10' title="bbox 166 771 1497 826; baseline 0.001 -15"><span class='ocrx_word' id='word_1_83' title='bbox 166 771 235 811; x_wconf 83' lang='grc' dir='ltr'>οὐκ</span> <span class='ocrx_word' id='word_1_84' title='bbox 260 771 445 824; x_wconf 83' lang='grc' dir='ltr'>ἀργυρίου</span> <span class='ocrx_word' id='word_1_85' title='bbox 469 772 593 821; x_wconf 87' lang='grc' dir='ltr'>δίκην·</span> <span class='ocrx_word' id='word_1_86' title='bbox 628 771 724 824; x_wconf 85' lang='grc' dir='ltr'>πρὸς</span> <span class='ocrx_word' id='word_1_87' title='bbox 749 774 791 812; x_wconf 78' lang='grc' dir='ltr'>δὲ</span> <span class='ocrx_word' id='word_1_88' title='bbox 816 771 939 826; x_wconf 79' lang='grc' dir='ltr'>τούτῳ</span> <span class='ocrx_word' id='word_1_89' title='bbox 973 772 1049 824; x_wconf 85' lang='grc' dir='ltr'>ἐγὼ</span> <span class='ocrx_word' id='word_1_90' title='bbox 1073 772 1163 822; x_wconf 78' lang='grc' dir='ltr'>ὑμῖν</span> <span class='ocrx_word' id='word_1_91' title='bbox 1187 771 1278 812; x_wconf 81' lang='grc' dir='ltr'>τοὺς</span> <span class='ocrx_word' id='word_1_92' title='bbox 1302 772 1497 822; x_wconf 77' lang='grc' dir='ltr'>παρόντας</span> 
     </span>
    </p>

    <p class='ocr_par' dir='ltr' id='par_1_4' title="bbox 109 836 1497 962">
     <span class='ocr_line' id='line_1_11' title="bbox 109 836 1497 893; baseline 0.001 -15"><span class='ocrx_word' id='word_1_93' title='bbox 109 855 147 878; x_wconf 90' lang='lat'>10</span> <span class='ocrx_word' id='word_1_94' title='bbox 168 836 357 879; x_wconf 82' lang='grc' dir='ltr'>ἑκάστοτε</span> <span class='ocrx_word' id='word_1_95' title='bbox 393 842 445 893; x_wconf 78' lang='grc' dir='ltr'>τῷ</span> <span class='ocrx_word' id='word_1_96' title='bbox 483 838 601 890; x_wconf 87' lang='grc' dir='ltr'>πατρὶ</span> <span class='ocrx_word' id='word_1_97' title='bbox 636 840 680 879; x_wconf 88' lang='grc' dir='ltr'>ἐν</span> <span class='ocrx_word' id='word_1_98' title='bbox 711 843 796 880; x_wconf 82' lang='grc' dir='ltr'>ταῖς</span> <span class='ocrx_word' id='word_1_99' title='bbox 831 840 1012 880; x_wconf 84' lang='grc' dir='ltr'>συνόδοις</span> <span class='ocrx_word' id='word_1_100' title='bbox 1045 842 1129 880; x_wconf 83' lang='grc' dir='ltr'>ταῖς</span> <span class='ocrx_word' id='word_1_101' title='bbox 1159 838 1254 890; x_wconf 84' lang='grc' dir='ltr'>πρὸς</span> <span class='ocrx_word' id='word_1_102' title='bbox 1279 841 1429 884; x_wconf 85' lang='grc' dir='ltr'>τοῦτον,</span> <span class='ocrx_word' id='word_1_103' title='bbox 1457 838 1497 879; x_wconf 79' lang='grc' dir='ltr'>αἲ</span> 
     </span>
     <span class='ocr_line' id='line_1_12' title="bbox 167 903 1315 962; baseline 0 -17"><span class='ocrx_word' id='word_1_104' title='bbox 167 907 272 958; x_wconf 79' lang='grc' dir='ltr'>παρὰ</span> <span class='ocrx_word' id='word_1_105' title='bbox 296 908 350 961; x_wconf 80' lang='grc' dir='ltr'>τῷ</span> <span class='ocrx_word' id='word_1_106' title='bbox 374 906 590 962; x_wconf 83' lang='grc' dir='ltr'>Λυσιθείδῃ</span> <span class='ocrx_word' id='word_1_107' title='bbox 617 907 836 958; x_wconf 84' lang='grc' dir='ltr'>ἐγίγνοντο,</span> <span class='ocrx_word' id='word_1_108' title='bbox 862 905 1059 958; x_wconf 88' lang='grc' dir='ltr'>μάρτυρας</span> <span class='ocrx_word' id='word_1_109' title='bbox 1084 903 1315 957; x_wconf 77' lang='grc' dir='ltr'>παρέξομαι.</span> 
     </span>
    </p>
   </div>
   <div class='ocr_carea' id='block_1_3' title="bbox 107 1029 1649 2363">
    <p class='ocr_par' dir='ltr' id='par_1_5' title="bbox 107 1029 1649 2363">
     <span class='ocr_line' id='line_1_13' title="bbox 732 1029 951 1058; baseline -0.005 -2"><span class='ocrx_word' id='word_1_110' title='bbox 732 1029 951 1058; x_wconf 80' lang='grc' dir='ltr'><strong>ΜΑΡΤΎΡΕΣ.</strong></span> 
     </span>
     <span class='ocr_line' id='line_1_14' title="bbox 225 1091 1560 1146; baseline 0 -13"><span class='ocrx_word' id='word_1_111' title='bbox 225 1091 321 1133; x_wconf 72' lang='lat' dir='ltr'>‘&#39;On</span> <span class='ocrx_word' id='word_1_112' title='bbox 343 1095 416 1144; x_wconf 81' lang='grc' dir='ltr'>μὲν</span> <span class='ocrx_word' id='word_1_113' title='bbox 441 1092 485 1133; x_wconf 85' lang='grc' dir='ltr'>οὐ</span> <span class='ocrx_word' id='word_1_114' title='bbox 510 1092 863 1146; x_wconf 83' lang='grc' dir='ltr'>προκαλεσάμενος</span> <span class='ocrx_word' id='word_1_115' title='bbox 887 1094 942 1134; x_wconf 84' lang='grc' dir='ltr'>εἷς</span> <span class='ocrx_word' id='word_1_116' title='bbox 968 1094 1083 1145; x_wconf 85' lang='grc' dir='ltr'>ὅρκον</span> <span class='ocrx_word' id='word_1_117' title='bbox 1116 1092 1183 1133; x_wconf 85' lang='grc' dir='ltr'>τὸν</span> <span class='ocrx_word' id='word_1_118' title='bbox 1217 1092 1368 1144; x_wconf 86' lang='grc' dir='ltr'>πατέρα</span> <span class='ocrx_word' id='word_1_119' title='bbox 1391 1093 1492 1139; x_wconf 87' lang='grc' dir='ltr'>τότε,</span> <span class='ocrx_word' id='word_1_120' title='bbox 1520 1111 1560 1146; x_wconf 92' lang='lat'>17</span> 
     </span>
     <span class='ocr_line' id='line_1_15' title="bbox 165 1159 1495 1212; baseline -0.001 -12"><span class='ocrx_word' id='word_1_121' title='bbox 165 1159 250 1201; x_wconf 85' lang='grc' dir='ltr'>νυνὶ</span> <span class='ocrx_word' id='word_1_122' title='bbox 288 1160 437 1200; x_wconf 86' lang='grc' dir='ltr'>ἐκείνου</span> <span class='ocrx_word' id='word_1_123' title='bbox 474 1161 798 1211; x_wconf 83' lang='grc' dir='ltr'>τετελευτηκότος</span> <span class='ocrx_word' id='word_1_124' title='bbox 839 1161 1142 1212; x_wconf 79' lang='grc' dir='ltr'>καταψεύδεται,</span> <span class='ocrx_word' id='word_1_125' title='bbox 1181 1160 1244 1200; x_wconf 82' lang='grc' dir='ltr'>καὶ</span> <span class='ocrx_word' id='word_1_126' title='bbox 1282 1159 1363 1200; x_wconf 88' lang='grc' dir='ltr'>κατ’</span> <span class='ocrx_word' id='word_1_127' title='bbox 1402 1161 1495 1211; x_wconf 87' lang='grc' dir='ltr'>ἐμοῦ</span> 
     </span>
     <span class='ocr_line' id='line_1_16' title="bbox 111 1227 1649 1285; baseline 0.001 -18"><span class='ocrx_word' id='word_1_128' title='bbox 111 1241 145 1272; x_wconf 85' lang='lat'>15</span> <span class='ocrx_word' id='word_1_129' title='bbox 164 1227 308 1281; x_wconf 81' lang='grc' dir='ltr'>ῥᾳδίως</span> <span class='ocrx_word' id='word_1_130' title='bbox 341 1229 390 1267; x_wconf 79' lang='grc' dir='ltr'>τὰ</span> <span class='ocrx_word' id='word_1_131' title='bbox 425 1230 554 1280; x_wconf 79' lang='grc' dir='ltr'>ψευδῆ</span> <span class='ocrx_word' id='word_1_132' title='bbox 590 1231 881 1280; x_wconf 78' lang='grc' dir='ltr'>μαρτυροῦντας</span> <span class='ocrx_word' id='word_1_133' title='bbox 913 1228 1004 1269; x_wconf 84' lang='grc' dir='ltr'>τοὺς</span> <span class='ocrx_word' id='word_1_134' title='bbox 1037 1229 1203 1269; x_wconf 81' lang='grc' dir='ltr'>οἰκείους</span> <span class='ocrx_word' id='word_1_135' title='bbox 1235 1227 1324 1268; x_wconf 81' lang='grc' dir='ltr'>τοὺς</span> <span class='ocrx_word' id='word_1_136' title='bbox 1359 1229 1496 1268; x_wconf 83' lang='grc' dir='ltr'>ἑαυτοῦ</span> <span class='ocrx_word' id='word_1_137' title='bbox 1517 1229 1649 1285; x_wconf 89' lang='lat'>[1241]</span> 
     </span>
     <span class='ocr_line' id='line_1_17' title="bbox 167 1293 1496 1348; baseline 0.002 -14"><span class='ocrx_word' id='word_1_138' title='bbox 167 1293 395 1348; x_wconf 80' lang='grc' dir='ltr'>παρέχεται,</span> <span class='ocrx_word' id='word_1_139' title='bbox 417 1295 460 1335; x_wconf 85' lang='grc' dir='ltr'>ἔκ</span> <span class='ocrx_word' id='word_1_140' title='bbox 479 1312 521 1335; x_wconf 89' lang='grc' dir='ltr'>τε</span> <span class='ocrx_word' id='word_1_141' title='bbox 540 1299 618 1335; x_wconf 81' lang='grc' dir='ltr'>τῶν</span> <span class='ocrx_word' id='word_1_142' title='bbox 637 1296 854 1347; x_wconf 84' lang='grc' dir='ltr'>τεκμηρίων</span> <span class='ocrx_word' id='word_1_143' title='bbox 883 1295 944 1335; x_wconf 86' lang='grc' dir='ltr'>καὶ</span> <span class='ocrx_word' id='word_1_144' title='bbox 971 1297 1012 1334; x_wconf 86' lang='grc' dir='ltr'>ἐκ</span> <span class='ocrx_word' id='word_1_145' title='bbox 1032 1301 1101 1345; x_wconf 87' lang='grc' dir='ltr'>τῆς</span> <span class='ocrx_word' id='word_1_146' title='bbox 1119 1296 1329 1347; x_wconf 88' lang='grc' dir='ltr'>μαρτυρίας</span> <span class='ocrx_word' id='word_1_147' title='bbox 1354 1295 1496 1345; x_wconf 86' lang='grc' dir='ltr'>ταύτης</span> 
     </span>
     <span class='ocr_line' id='line_1_18' title="bbox 164 1359 1496 1416; baseline 0 -14"><span class='ocrx_word' id='word_1_148' title='bbox 164 1359 300 1416; x_wconf 74' lang='grc' dir='ltr'>ῥᾴδιον</span> <span class='ocrx_word' id='word_1_149' title='bbox 323 1362 416 1413; x_wconf 83' lang='grc' dir='ltr'>ὑμῖν</span> <span class='ocrx_word' id='word_1_150' title='bbox 441 1361 596 1402; x_wconf 84' lang='grc' dir='ltr'>εἰδέναι.</span> <span class='ocrx_word' id='word_1_151' title='bbox 667 1363 726 1402; x_wconf 84' lang='grc' dir='ltr'>ὅτι</span> <span class='ocrx_word' id='word_1_152' title='bbox 752 1364 793 1403; x_wconf 84' lang='grc' dir='ltr'>δὲ</span> <span class='ocrx_word' id='word_1_153' title='bbox 818 1363 896 1415; x_wconf 86' lang='grc' dir='ltr'>ἐγὼ</span> <span class='ocrx_word' id='word_1_154' title='bbox 921 1363 1018 1414; x_wconf 82' lang='grc' dir='ltr'>ὑπὲρ</span> <span class='ocrx_word' id='word_1_155' title='bbox 1051 1366 1119 1402; x_wconf 84' lang='grc' dir='ltr'>τοῦ</span> <span class='ocrx_word' id='word_1_156' title='bbox 1143 1362 1288 1413; x_wconf 84' lang='grc' dir='ltr'>πατρὸς</span> <span class='ocrx_word' id='word_1_157' title='bbox 1313 1361 1496 1412; x_wconf 87' lang='grc' dir='ltr'>ἠθέλησα</span> 
     </span>
     <span class='ocr_line' id='line_1_19' title="bbox 167 1428 1495 1484; baseline 0.001 -16"><span class='ocrx_word' id='word_1_158' title='bbox 167 1428 268 1484; x_wconf 81' lang='grc' dir='ltr'>αὐτῷ</span> <span class='ocrx_word' id='word_1_159' title='bbox 294 1430 431 1470; x_wconf 91' lang='grc' dir='ltr'>πίστιν</span> <span class='ocrx_word' id='word_1_160' title='bbox 456 1432 590 1470; x_wconf 85' lang='grc' dir='ltr'>δοῦναι</span> <span class='ocrx_word' id='word_1_161' title='bbox 614 1430 738 1482; x_wconf 88' lang='grc' dir='ltr'>ἥνπερ</span> <span class='ocrx_word' id='word_1_162' title='bbox 763 1430 783 1469; x_wconf 88' lang='lat'><em>6</em></span> <span class='ocrx_word' id='word_1_163' title='bbox 802 1430 920 1481; x_wconf 86' lang='grc' dir='ltr'>νόμος</span> <span class='ocrx_word' id='word_1_164' title='bbox 948 1430 1111 1475; x_wconf 85' lang='grc' dir='ltr'>κελεύει,</span> <span class='ocrx_word' id='word_1_165' title='bbox 1139 1429 1208 1470; x_wconf 88' lang='grc' dir='ltr'>ἐάν</span> <span class='ocrx_word' id='word_1_166' title='bbox 1233 1446 1291 1472; x_wconf 90' lang='grc' dir='ltr'>τις</span> <span class='ocrx_word' id='word_1_167' title='bbox 1311 1432 1495 1469; x_wconf 84' lang='grc' dir='ltr'>τεθνεῶτι</span> 
     </span>
     <span class='ocr_line' id='line_1_20' title="bbox 167 1495 1557 1552; baseline 0.001 -16"><span class='ocrx_word' id='word_1_168' title='bbox 167 1497 367 1537; x_wconf 84' lang='grc' dir='ltr'>ἐπικαλῶν</span> <span class='ocrx_word' id='word_1_169' title='bbox 405 1496 605 1547; x_wconf 79' lang='grc' dir='ltr'>δικάζηται</span> <span class='ocrx_word' id='word_1_170' title='bbox 646 1501 700 1552; x_wconf 77' lang='grc' dir='ltr'>τῷ</span> <span class='ocrx_word' id='word_1_171' title='bbox 742 1498 986 1551; x_wconf 77' lang='grc' dir='ltr'>κληρονόμῳ,</span> <span class='ocrx_word' id='word_1_172' title='bbox 1031 1497 1083 1548; x_wconf 77' lang='grc' dir='ltr'>μὴ</span> <span class='ocrx_word' id='word_1_173' title='bbox 1125 1499 1255 1537; x_wconf 80' lang='grc' dir='ltr'>δοκεῖν</span> <span class='ocrx_word' id='word_1_174' title='bbox 1293 1514 1359 1547; x_wconf 90' lang='grc' dir='ltr'>μοι</span> <span class='ocrx_word' id='word_1_175' title='bbox 1395 1495 1493 1547; x_wconf 83' lang='grc' dir='ltr'>μήτε</span> <span class='ocrx_word' id='word_1_176' title='bbox 1518 1504 1557 1538; x_wconf 84' lang='grc'>18</span> 
     </span>
     <span class='ocr_line' id='line_1_21' title="bbox 107 1563 1494 1618; baseline 0.001 -16"><span class='ocrx_word' id='word_1_177' title='bbox 107 1580 146 1602; x_wconf 92' lang='lat'>20</span> <span class='ocrx_word' id='word_1_178' title='bbox 166 1564 414 1616; x_wconf 88' lang='grc' dir='ltr'>ὁμολογῆσαι</span> <span class='ocrx_word' id='word_1_179' title='bbox 452 1563 521 1605; x_wconf 83' lang='grc' dir='ltr'>τὸν</span> <span class='ocrx_word' id='word_1_180' title='bbox 559 1564 707 1616; x_wconf 86' lang='grc' dir='ltr'>πατέρα</span> <span class='ocrx_word' id='word_1_181' title='bbox 749 1565 873 1618; x_wconf 79' lang='grc' dir='ltr'>τούτῳ</span> <span class='ocrx_word' id='word_1_182' title='bbox 911 1565 1135 1605; x_wconf 80' lang='grc' dir='ltr'>ἀποδώσειν</span> <span class='ocrx_word' id='word_1_183' title='bbox 1169 1563 1214 1604; x_wconf 84' lang='grc' dir='ltr'>τὸ</span> <span class='ocrx_word' id='word_1_184' title='bbox 1252 1564 1436 1616; x_wconf 80' lang='grc' dir='ltr'>ἀργύριον</span> <span class='ocrx_word' id='word_1_185' title='bbox 1473 1563 1494 1603; x_wconf 81' lang='grc' dir='ltr'><strong><em>ὃ</em></strong></span> 
     </span>
     <span class='ocr_line' id='line_1_22' title="bbox 166 1630 1495 1686; baseline -0.001 -15"><span class='ocrx_word' id='word_1_186' title='bbox 166 1630 353 1672; x_wconf 84' lang='grc' dir='ltr'>κατέλιπε</span> <span class='ocrx_word' id='word_1_187' title='bbox 379 1632 532 1678; x_wconf 85' lang='grc' dir='ltr'>Λύκων,</span> <span class='ocrx_word' id='word_1_188' title='bbox 559 1631 655 1683; x_wconf 87' lang='grc' dir='ltr'>μήτε</span> <span class='ocrx_word' id='word_1_189' title='bbox 687 1634 934 1681; x_wconf 71' lang='grc' dir='ltr'>συσταθῆναι</span> <span class='ocrx_word' id='word_1_190' title='bbox 959 1631 1076 1671; x_wconf 73' lang='grc' dir='ltr'>αὐτὸν</span> <span class='ocrx_word' id='word_1_191' title='bbox 1106 1635 1158 1686; x_wconf 77' lang='grc' dir='ltr'>τῷ</span> <span class='ocrx_word' id='word_1_192' title='bbox 1185 1631 1302 1683; x_wconf 77' lang='grc' dir='ltr'>πατρὶ</span> <span class='ocrx_word' id='word_1_193' title='bbox 1326 1631 1402 1671; x_wconf 81' lang='grc' dir='ltr'>ὑπὸ</span> <span class='ocrx_word' id='word_1_194' title='bbox 1427 1635 1495 1670; x_wconf 90' lang='grc' dir='ltr'>τοῦ</span> 
     </span>
     <span class='ocr_line' id='line_1_23' title="bbox 165 1698 1493 1752; baseline 0.001 -15"><span class='ocrx_word' id='word_1_195' title='bbox 165 1698 361 1745; x_wconf 87' lang='grc' dir='ltr'>Λύκωνος,</span> <span class='ocrx_word' id='word_1_196' title='bbox 389 1700 451 1740; x_wconf 86' lang='grc' dir='ltr'>καὶ</span> <span class='ocrx_word' id='word_1_197' title='bbox 485 1700 683 1752; x_wconf 86' lang='grc' dir='ltr'>Φορμίων,</span> <span class='ocrx_word' id='word_1_198' title='bbox 719 1698 743 1749; x_wconf 80' lang='grc' dir='ltr'><em>ἦ</em></span> <span class='ocrx_word' id='word_1_199' title='bbox 777 1698 855 1750; x_wconf 71' lang='grc' dir='ltr'>μὴν</span> <span class='ocrx_word' id='word_1_200' title='bbox 892 1699 1205 1751; x_wconf 81' lang='grc' dir='ltr'>διαλογίσασθαί</span> <span class='ocrx_word' id='word_1_201' title='bbox 1237 1715 1279 1739; x_wconf 91' lang='grc' dir='ltr'>τε</span> <span class='ocrx_word' id='word_1_202' title='bbox 1313 1699 1493 1739; x_wconf 86' lang='grc' dir='ltr'>ἐναντίον</span> 
     </span>
     <span class='ocr_line' id='line_1_24' title="bbox 164 1764 1491 1822; baseline -0.001 -16"><span class='ocrx_word' id='word_1_203' title='bbox 164 1764 430 1819; x_wconf 81' lang='grc' dir='ltr'>Ἀρχεβιάδου</span> <span class='ocrx_word' id='word_1_204' title='bbox 469 1770 522 1822; x_wconf 80' lang='grc' dir='ltr'>τῷ</span> <span class='ocrx_word' id='word_1_205' title='bbox 566 1767 721 1807; x_wconf 84' lang='grc' dir='ltr'>Λύκωνι</span> <span class='ocrx_word' id='word_1_206' title='bbox 768 1766 882 1808; x_wconf 81' lang='grc' dir='ltr'>αὐτὸς</span> <span class='ocrx_word' id='word_1_207' title='bbox 932 1766 993 1806; x_wconf 85' lang='grc' dir='ltr'>καὶ</span> <span class='ocrx_word' id='word_1_208' title='bbox 1041 1767 1343 1818; x_wconf 82' lang='grc' dir='ltr'>προσταχθῆναι</span> <span class='ocrx_word' id='word_1_209' title='bbox 1390 1767 1491 1820; x_wconf 79' lang='grc' dir='ltr'>αὐτῷ</span> 
     </span>
     <span class='ocr_line' id='line_1_25' title="bbox 167 1832 1492 1890; baseline 0 -18"><span class='ocrx_word' id='word_1_210' title='bbox 167 1833 397 1890; x_wconf 85' lang='grc' dir='ltr'>Κηφισιάδῃ</span> <span class='ocrx_word' id='word_1_211' title='bbox 423 1834 636 1875; x_wconf 86' lang='grc' dir='ltr'>ἀποδοῦναι</span> <span class='ocrx_word' id='word_1_212' title='bbox 655 1834 700 1874; x_wconf 86' lang='grc' dir='ltr'>τὸ</span> <span class='ocrx_word' id='word_1_213' title='bbox 720 1834 917 1886; x_wconf 82' lang='grc' dir='ltr'>ἀργύριον,</span> <span class='ocrx_word' id='word_1_214' title='bbox 939 1833 1007 1874; x_wconf 80' lang='grc' dir='ltr'>τὸν</span> <span class='ocrx_word' id='word_1_215' title='bbox 1026 1836 1067 1873; x_wconf 83' lang='grc' dir='ltr'>δὲ</span> <span class='ocrx_word' id='word_1_216' title='bbox 1088 1832 1345 1886; x_wconf 84' lang='grc' dir='ltr'>Κηφισιάδην</span> <span class='ocrx_word' id='word_1_217' title='bbox 1369 1832 1492 1883; x_wconf 81' lang='grc' dir='ltr'>δεῖξαι</span> 
     </span>
     <span class='ocr_line' id='line_1_26' title="bbox 107 1899 1556 1955; baseline 0.001 -17"><span class='ocrx_word' id='word_1_218' title='bbox 107 1917 144 1947; x_wconf 82' lang='lat'>25</span> <span class='ocrx_word' id='word_1_219' title='bbox 165 1901 267 1955; x_wconf 81' lang='grc' dir='ltr'>αὐτῷ</span> <span class='ocrx_word' id='word_1_220' title='bbox 301 1900 371 1941; x_wconf 85' lang='grc' dir='ltr'>τὸν</span> <span class='ocrx_word' id='word_1_221' title='bbox 407 1900 688 1954; x_wconf 82' lang='grc' dir='ltr'>Ἀρχεβιάδην,</span> <span class='ocrx_word' id='word_1_222' title='bbox 721 1902 784 1942; x_wconf 79' lang='grc' dir='ltr'>καὶ</span> <span class='ocrx_word' id='word_1_223' title='bbox 814 1902 880 1942; x_wconf 88' lang='grc' dir='ltr'>ὅτε</span> <span class='ocrx_word' id='word_1_224' title='bbox 913 1900 1152 1942; x_wconf 87' lang='grc' dir='ltr'>Κάλλιππος</span> <span class='ocrx_word' id='word_1_225' title='bbox 1182 1902 1413 1953; x_wconf 87' lang='grc' dir='ltr'>προσῆλθεν</span> <span class='ocrx_word' id='word_1_226' title='bbox 1448 1899 1492 1939; x_wconf 86' lang='grc' dir='ltr'>τὸ</span> <span class='ocrx_word' id='word_1_227' title='bbox 1516 1916 1556 1949; x_wconf 86' lang='lat'>19</span> 
     </span>
     <span class='ocr_line' id='line_1_27' title="bbox 165 1967 1490 2021; baseline -0.002 -14"><span class='ocrx_word' id='word_1_228' title='bbox 165 1971 322 2019; x_wconf 85' lang='grc' dir='ltr'>πρῶτον</span> <span class='ocrx_word' id='word_1_229' title='bbox 360 1967 456 2020; x_wconf 84' lang='grc' dir='ltr'>πρὸς</span> <span class='ocrx_word' id='word_1_230' title='bbox 493 1967 564 2019; x_wconf 79' lang='grc' dir='ltr'>τὴν</span> <span class='ocrx_word' id='word_1_231' title='bbox 601 1967 810 2020; x_wconf 73' lang='grc' dir='ltr'>τράπεζαν,</span> <span class='ocrx_word' id='word_1_232' title='bbox 848 1968 979 2021; x_wconf 86' lang='grc' dir='ltr'>λέγων</span> <span class='ocrx_word' id='word_1_233' title='bbox 1014 1969 1076 2008; x_wconf 84' lang='grc' dir='ltr'>ὅτι</span> <span class='ocrx_word' id='word_1_234' title='bbox 1109 1967 1397 2017; x_wconf 86' lang='grc' dir='ltr'>τετελευτηκὼς</span> <span class='ocrx_word' id='word_1_235' title='bbox 1433 1968 1490 2017; x_wconf 81' lang='grc' dir='ltr'>εἴη</span> 
     </span>
     <span class='ocr_line' id='line_1_28' title="bbox 166 2034 1489 2089; baseline 0 -16"><span class='ocrx_word' id='word_1_236' title='bbox 166 2034 187 2073; x_wconf 86' lang='grc' dir='ltr'>ὁ</span> <span class='ocrx_word' id='word_1_237' title='bbox 212 2035 351 2076; x_wconf 89' lang='grc' dir='ltr'>Λύκων</span> <span class='ocrx_word' id='word_1_238' title='bbox 376 2035 439 2075; x_wconf 85' lang='grc' dir='ltr'>καὶ</span> <span class='ocrx_word' id='word_1_239' title='bbox 465 2035 579 2078; x_wconf 79' lang='grc' dir='ltr'>αὐτὸς</span> <span class='ocrx_word' id='word_1_240' title='bbox 603 2035 729 2087; x_wconf 81' lang='grc' dir='ltr'>ἀξιοίη</span> <span class='ocrx_word' id='word_1_241' title='bbox 756 2037 804 2075; x_wconf 72' lang='grc' dir='ltr'>τὰ</span> <span class='ocrx_word' id='word_1_242' title='bbox 830 2036 1038 2089; x_wconf 88' lang='grc' dir='ltr'>γράμματα</span> <span class='ocrx_word' id='word_1_243' title='bbox 1066 2036 1174 2082; x_wconf 84' lang='grc' dir='ltr'>ἰδεῖν,</span> <span class='ocrx_word' id='word_1_244' title='bbox 1203 2036 1240 2074; x_wconf 84' lang='grc' dir='ltr'>εἴ</span> <span class='ocrx_word' id='word_1_245' title='bbox 1262 2052 1299 2074; x_wconf 91' lang='grc' dir='ltr'>τι</span> <span class='ocrx_word' id='word_1_246' title='bbox 1326 2040 1489 2074; x_wconf 89' lang='grc' dir='ltr'>καταλε-</span> 
     </span>
     <span class='ocr_line' id='line_1_29' title="bbox 164 2100 1492 2156; baseline 0.002 -16"><span class='ocrx_word' id='word_1_247' title='bbox 164 2102 316 2144; x_wconf 84' lang='grc' dir='ltr'>λοιπὼς</span> <span class='ocrx_word' id='word_1_248' title='bbox 339 2103 396 2152; x_wconf 82' lang='grc' dir='ltr'>εἴη</span> <span class='ocrx_word' id='word_1_249' title='bbox 424 2102 444 2142; x_wconf 84' lang='grc' dir='ltr'>ὁ</span> <span class='ocrx_word' id='word_1_250' title='bbox 469 2101 581 2153; x_wconf 79' lang='grc' dir='ltr'>ξένος</span> <span class='ocrx_word' id='word_1_251' title='bbox 611 2103 809 2156; x_wconf 81' lang='grc' dir='ltr'>ἀργύριον,</span> <span class='ocrx_word' id='word_1_252' title='bbox 835 2101 859 2153; x_wconf 81' lang='grc' dir='ltr'><em>ἦ</em></span> <span class='ocrx_word' id='word_1_253' title='bbox 883 2102 961 2154; x_wconf 74' lang='grc' dir='ltr'>μὴν</span> <span class='ocrx_word' id='word_1_254' title='bbox 991 2101 1192 2153; x_wconf 79' lang='grc' dir='ltr'>δείξαντος</span> <span class='ocrx_word' id='word_1_255' title='bbox 1219 2104 1355 2141; x_wconf 81' lang='grc' dir='ltr'>ἑαυτοῦ</span> <span class='ocrx_word' id='word_1_256' title='bbox 1381 2100 1492 2142; x_wconf 80' lang='grc' dir='ltr'>εὐθὺς</span> 
     </span>
     <span class='ocr_line' id='line_1_30' title="bbox 165 2167 1491 2226; baseline -0.001 -18"><span class='ocrx_word' id='word_1_257' title='bbox 165 2168 267 2223; x_wconf 78' lang='grc' dir='ltr'>αὐτῷ</span> <span class='ocrx_word' id='word_1_258' title='bbox 287 2170 335 2208; x_wconf 81' lang='grc' dir='ltr'>τὰ</span> <span class='ocrx_word' id='word_1_259' title='bbox 354 2169 575 2222; x_wconf 87' lang='grc' dir='ltr'>γράμματα,</span> <span class='ocrx_word' id='word_1_260' title='bbox 599 2171 733 2211; x_wconf 81' lang='grc' dir='ltr'>ἰδόντα</span> <span class='ocrx_word' id='word_1_261' title='bbox 752 2169 870 2210; x_wconf 78' lang='grc' dir='ltr'>αὐτὸν</span> <span class='ocrx_word' id='word_1_262' title='bbox 889 2174 941 2225; x_wconf 81' lang='grc' dir='ltr'>τῷ</span> <span class='ocrx_word' id='word_1_263' title='bbox 965 2169 1197 2226; x_wconf 81' lang='grc' dir='ltr'>Κηφισιάδῃ</span> <span class='ocrx_word' id='word_1_264' title='bbox 1216 2167 1491 2222; x_wconf 82' lang='grc' dir='ltr'>γεγραμμένον</span> 
     </span>
     <span class='ocr_line' id='line_1_31' title="bbox 207 2276 1490 2317; baseline -0.002 -8"><span class='ocrx_word' id='word_1_265' title='bbox 207 2287 227 2316; x_wconf 89' lang='grc'>4</span> <span class='ocrx_word' id='word_1_266' title='bbox 251 2279 346 2310; x_wconf 80' lang='grc' dir='ltr'>αὐτοῦ</span> <span class='ocrx_word' id='word_1_267' title='bbox 365 2278 499 2309; x_wconf 78' lang='lat' dir='ltr'><strong>Dobt‘ee</strong></span> <span class='ocrx_word' id='word_1_268' title='bbox 515 2289 522 2309; x_wconf 88' lang='lat'>:</span> <span class='ocrx_word' id='word_1_269' title='bbox 547 2280 585 2311; x_wconf 76' lang='grc' dir='ltr'>δι’</span> <span class='ocrx_word' id='word_1_270' title='bbox 602 2281 697 2311; x_wconf 79' lang='grc' dir='ltr'>αὐτοῦ</span> <span class='ocrx_word' id='word_1_271' title='bbox 714 2279 810 2310; x_wconf 92' lang='lat' dir='ltr'>codd.</span> <span class='ocrx_word' id='word_1_272' title='bbox 917 2288 936 2317; x_wconf 87' lang='lat'>5</span> <span class='ocrx_word' id='word_1_273' title='bbox 962 2280 1074 2310; x_wconf 81' lang='grc' dir='ltr'>ἑαυτοῦ</span> <span class='ocrx_word' id='word_1_274' title='bbox 1093 2276 1131 2308; x_wconf 83' lang='lat' dir='ltr'>Sl</span> <span class='ocrx_word' id='word_1_275' title='bbox 1148 2283 1185 2309; x_wconf 89' lang='lat' dir='ltr'>ut</span> <span class='ocrx_word' id='word_1_276' title='bbox 1201 2278 1267 2308; x_wconf 83' lang='lat' dir='ltr'>vid.</span> <span class='ocrx_word' id='word_1_277' title='bbox 1343 2277 1490 2308; x_wconf 82' lang='grc' dir='ltr'>θέλοντος</span> 
     </span>
     <span class='ocr_line' id='line_1_32' title="bbox 164 2320 1491 2363; baseline 0 -12"><span class='ocrx_word' id='word_1_278' title='bbox 164 2320 195 2351; x_wconf 94' lang='lat' dir='ltr'>D</span> <span class='ocrx_word' id='word_1_279' title='bbox 211 2321 346 2362; x_wconf 68' lang='lat' dir='ltr'>(Wolf),</span> <span class='ocrx_word' id='word_1_280' title='bbox 363 2322 404 2353; x_wconf 87' lang='lat' dir='ltr'>cf.</span> <span class='ocrx_word' id='word_1_281' title='bbox 424 2322 506 2352; x_wconf 81' lang='lat' dir='ltr'>xxix</span> <span class='ocrx_word' id='word_1_282' title='bbox 523 2332 587 2361; x_wconf 82' lang='lat'>53:</span> <span class='ocrx_word' id='word_1_283' title='bbox 612 2323 712 2354; x_wconf 82' lang='grc' dir='ltr'>θέλων</span> <span class='ocrx_word' id='word_1_284' title='bbox 724 2323 815 2362; x_wconf 87' lang='lat' dir='ltr'>vulg.</span> <span class='ocrx_word' id='word_1_285' title='bbox 989 2323 1009 2352; x_wconf 87' lang='lat'>8</span> <span class='ocrx_word' id='word_1_286' title='bbox 1035 2323 1154 2363; x_wconf 75' lang='grc' dir='ltr'>ἔφυγον</span> <span class='ocrx_word' id='word_1_287' title='bbox 1167 2322 1190 2351; x_wconf 84' lang='lat' dir='ltr'>S</span> <span class='ocrx_word' id='word_1_288' title='bbox 1344 2331 1365 2359; x_wconf 91' lang='lat'><strong>9</strong></span> <span class='ocrx_word' id='word_1_289' title='bbox 1388 2321 1491 2360; x_wconf 84' lang='grc' dir='ltr'>τούτῳ</span> 
     </span>
    </p>
   </div>
   <div class='ocr_carea' id='block_1_4' title="bbox 164 2365 1490 2450">
    <p class='ocr_par' dir='ltr' id='par_1_6' title="bbox 164 2365 1490 2450">
     <span class='ocr_line' id='line_1_33' title="bbox 165 2365 1490 2406; baseline 0 -12"><span class='ocrx_word' id='word_1_290' title='bbox 165 2374 232 2404; x_wconf 86' lang='lat' dir='ltr'>mg.</span> <span class='ocrx_word' id='word_1_291' title='bbox 248 2366 328 2395; x_wconf 86' lang='lat' dir='ltr'>edit.</span> <span class='ocrx_word' id='word_1_292' title='bbox 344 2365 449 2396; x_wconf 82' lang='lat' dir='ltr'>Paris.</span> <span class='ocrx_word' id='word_1_293' title='bbox 468 2377 474 2396; x_wconf 91' lang='lat'>:</span> <span class='ocrx_word' id='word_1_294' title='bbox 491 2369 588 2398; x_wconf 80' lang='grc' dir='ltr'>τοῦτο</span> <span class='ocrx_word' id='word_1_295' title='bbox 605 2367 703 2396; x_wconf 89' lang='lat' dir='ltr'>codd.</span> <span class='ocrx_word' id='word_1_296' title='bbox 800 2376 837 2404; x_wconf 87' lang='lat'>13</span> <span class='ocrx_word' id='word_1_297' title='bbox 870 2368 906 2397; x_wconf 87' lang='grc' dir='ltr'>οὐ</span> <span class='ocrx_word' id='word_1_298' title='bbox 918 2365 948 2395; x_wconf 93' lang='lat' dir='ltr'>D</span> <span class='ocrx_word' id='word_1_299' title='bbox 963 2365 1130 2406; x_wconf 75' lang='lat' dir='ltr'>(Bekker)</span> <span class='ocrx_word' id='word_1_300' title='bbox 1150 2376 1158 2396; x_wconf 73' lang='grc' dir='ltr'>ε</span> <span class='ocrx_word' id='word_1_301' title='bbox 1182 2365 1236 2396; x_wconf 73' lang='grc' dir='ltr'>οὖν</span> <span class='ocrx_word' id='word_1_302' title='bbox 1254 2369 1330 2394; x_wconf 83' lang='lat' dir='ltr'>cett.</span> <span class='ocrx_word' id='word_1_303' title='bbox 1416 2376 1490 2404; x_wconf 88' lang='grc' dir='ltr'>προ-</span> 
     </span>
     <span class='ocr_line' id='line_1_34' title="bbox 164 2407 1308 2450; baseline -0.001 -10"><span class='ocrx_word' id='word_1_304' title='bbox 164 2407 385 2448; x_wconf 81' lang='grc' dir='ltr'>καλεσαμένου</span> <span class='ocrx_word' id='word_1_305' title='bbox 403 2408 426 2439; x_wconf 88' lang='lat' dir='ltr'>S</span> <span class='ocrx_word' id='word_1_306' title='bbox 438 2409 468 2448; x_wconf 83' lang='lat' dir='ltr'>Q</span> <span class='ocrx_word' id='word_1_307' title='bbox 482 2410 512 2439; x_wconf 95' lang='lat' dir='ltr'>D</span> <span class='ocrx_word' id='word_1_308' title='bbox 601 2420 641 2450; x_wconf 81' lang='lat'>27</span> <span class='ocrx_word' id='word_1_309' title='bbox 667 2412 697 2441; x_wconf 74' lang='grc' dir='ltr'>εἴ</span> <span class='ocrx_word' id='word_1_310' title='bbox 709 2424 740 2442; x_wconf 84' lang='grc' dir='ltr'>τι</span> <span class='ocrx_word' id='word_1_311' title='bbox 759 2409 799 2449; x_wconf 88' lang='lat' dir='ltr'>D,</span> <span class='ocrx_word' id='word_1_312' title='bbox 820 2420 887 2448; x_wconf 87' lang='lat' dir='ltr'>mg.</span> <span class='ocrx_word' id='word_1_313' title='bbox 905 2410 960 2440; x_wconf 88' lang='lat' dir='ltr'>ed.</span> <span class='ocrx_word' id='word_1_314' title='bbox 980 2409 1087 2440; x_wconf 77' lang='lat' dir='ltr'>Paris.</span> <span class='ocrx_word' id='word_1_315' title='bbox 1104 2419 1111 2440; x_wconf 91' lang='lat'><strong>:</strong></span> <span class='ocrx_word' id='word_1_316' title='bbox 1135 2411 1156 2447; x_wconf 77' lang='grc' dir='ltr'>ἤ</span> <span class='ocrx_word' id='word_1_317' title='bbox 1172 2422 1204 2440; x_wconf 86' lang='grc' dir='ltr'>τι</span> <span class='ocrx_word' id='word_1_318' title='bbox 1219 2408 1308 2446; x_wconf 83' lang='lat' dir='ltr'>vulg.</span> 
     </span>
    </p>
   </div>
  </div>
 </body>
</html>
