<?xml version="1.0" encoding="UTF-8"?>
<!DOCTYPE html PUBLIC "-//W3C//DTD XHTML 1.0 Transitional//EN"
    "http://www.w3.org/TR/xhtml1/DTD/xhtml1-transitional.dtd">
<html xmlns="http://www.w3.org/1999/xhtml" xml:lang="en" lang="en">
 <head>
  <title>
</title>
<meta http-equiv="Content-Type" content="text/html;charset=utf-8" />
  <meta name='ocr-system' content='tesseract 3.04.00' />
  <meta name='ocr-capabilities' content='ocr_page ocr_carea ocr_par ocr_line ocrx_word'/>
</head>
<body>
  <div class='ocr_page' id='page_1' title='image "./orationesrecog03demouoft_0010.png"; bbox 0 0 1700 2758; ppageno 0'>
   <div class='ocr_carea' id='block_1_1' title="bbox 676 124 1084 167">
    <p class='ocr_par' dir='ltr' id='par_1_1' title="bbox 676 124 1084 167">
     <span class='ocr_line' id='line_1_1' title="bbox 676 124 1084 167; baseline 0 -1"><span class='ocrx_word' id='word_1_1' title='bbox 676 124 1084 167; x_wconf 86' lang='lat' dir='ltr'><strong>PRAEFATIO</strong></span> 
     </span>
    </p>
   </div>
   <div class='ocr_carea' id='block_1_2' title="bbox 221 233 1546 2486">
    <p class='ocr_par' dir='ltr' id='par_1_2' title="bbox 221 233 1546 2223">
     <span class='ocr_line' id='line_1_2' title="bbox 282 233 1536 286; baseline -0.002 -11"><span class='ocrx_word' id='word_1_2' title='bbox 282 233 494 275; x_wconf 85' lang='lat' dir='ltr'>Codicum</span> <span class='ocrx_word' id='word_1_3' title='bbox 528 234 965 275; x_wconf 67' lang='lat' dir='ltr'><strong>Demosthe-nieorum</strong></span> <span class='ocrx_word' id='word_1_4' title='bbox 994 239 1211 286; x_wconf 76' lang='lat' dir='ltr'>quotquot</span> <span class='ocrx_word' id='word_1_5' title='bbox 1240 239 1416 274; x_wconf 81' lang='lat' dir='ltr'><strong>exstant</strong></span> <span class='ocrx_word' id='word_1_6' title='bbox 1445 246 1536 272; x_wconf 89' lang='lat' dir='ltr'><strong>om-</strong></span> 
     </span>
     <span class='ocr_line' id='line_1_3' title="bbox 222 293 1537 358; baseline -0.004 -13"><span class='ocrx_word' id='word_1_7' title='bbox 222 304 337 345; x_wconf 89' lang='lat' dir='ltr'><strong>nium</strong></span> <span class='ocrx_word' id='word_1_8' title='bbox 358 293 646 358; x_wconf 81' lang='lat' dir='ltr'><strong>principatum</strong></span> <span class='ocrx_word' id='word_1_9' title='bbox 672 311 818 345; x_wconf 86' lang='lat' dir='ltr'><strong>tenere</strong></span> <span class='ocrx_word' id='word_1_10' title='bbox 841 304 1034 345; x_wconf 80' lang='lat' dir='ltr'><strong>codicem</strong></span> <span class='ocrx_word' id='word_1_11' title='bbox 1053 302 1295 343; x_wconf 78' lang='lat' dir='ltr'><strong>Parisinum</strong></span> <span class='ocrx_word' id='word_1_12' title='bbox 1322 302 1351 341; x_wconf 79' lang='lat' dir='ltr'>S</span> <span class='ocrx_word' id='word_1_13' title='bbox 1376 302 1450 342; x_wconf 87' lang='lat' dir='ltr'><strong>vix</strong></span> <span class='ocrx_word' id='word_1_14' title='bbox 1473 307 1537 341; x_wconf 76' lang='lat' dir='ltr'><strong>est</strong></span> 
     </span>
     <span class='ocr_line' id='line_1_4' title="bbox 221 370 1538 426; baseline -0.002 -13"><span class='ocrx_word' id='word_1_15' title='bbox 221 373 337 426; x_wconf 88' lang='lat' dir='ltr'><strong>quod</strong></span> <span class='ocrx_word' id='word_1_16' title='bbox 377 380 433 421; x_wconf 83' lang='lat' dir='ltr'><strong>te,</strong></span> <span class='ocrx_word' id='word_1_17' title='bbox 471 372 618 422; x_wconf 86' lang='lat' dir='ltr'><strong>lector,</strong></span> <span class='ocrx_word' id='word_1_18' title='bbox 661 386 975 413; x_wconf 77' lang='lat' dir='ltr'><strong>commoneam.</strong></span> <span class='ocrx_word' id='word_1_19' title='bbox 1040 371 1218 412; x_wconf 82' lang='lat' dir='ltr'><strong>Parisini</strong></span> <span class='ocrx_word' id='word_1_20' title='bbox 1263 370 1453 411; x_wconf 80' lang='lat' dir='ltr'><strong>indolem</strong></span> <span class='ocrx_word' id='word_1_21' title='bbox 1496 376 1538 410; x_wconf 83' lang='lat' dir='ltr'><strong>ct</strong></span> 
     </span>
     <span class='ocr_line' id='line_1_5' title="bbox 221 440 1538 496; baseline -0.003 -13"><span class='ocrx_word' id='word_1_22' title='bbox 221 448 490 496; x_wconf 82' lang='lat' dir='ltr'><strong>quantopere</strong></span> <span class='ocrx_word' id='word_1_23' title='bbox 513 442 667 483; x_wconf 87' lang='lat' dir='ltr'><strong>ceteris</strong></span> <span class='ocrx_word' id='word_1_24' title='bbox 689 441 922 482; x_wconf 88' lang='lat' dir='ltr'><strong>antecellat</strong></span> <span class='ocrx_word' id='word_1_25' title='bbox 946 441 1153 489; x_wconf 89' lang='lat' dir='ltr'><strong>bonitate,</strong></span> <span class='ocrx_word' id='word_1_26' title='bbox 1179 447 1279 494; x_wconf 88' lang='lat' dir='ltr'><strong>post</strong></span> <span class='ocrx_word' id='word_1_27' title='bbox 1303 440 1538 481; x_wconf 84' lang='lat' dir='ltr'><strong>dilucidam</strong></span> 
     </span>
     <span class='ocr_line' id='line_1_6' title="bbox 223 509 1540 564; baseline -0.002 -13"><span class='ocrx_word' id='word_1_28' title='bbox 223 511 426 552; x_wconf 87' lang='lat' dir='ltr'><strong>Butcheri</strong></span> <span class='ocrx_word' id='word_1_29' title='bbox 449 511 773 564; x_wconf 78' lang='lat' dir='ltr'><strong>expositionem</strong></span> <span class='ocrx_word' id='word_1_30' title='bbox 799 524 1021 564; x_wconf 85' lang='lat' dir='ltr'><strong>exponere</strong></span> <span class='ocrx_word' id='word_1_31' title='bbox 1048 511 1081 551; x_wconf 93' lang='lat' dir='ltr'><strong>si</strong></span> <span class='ocrx_word' id='word_1_32' title='bbox 1111 524 1301 559; x_wconf 86' lang='lat' dir='ltr'><strong>conarer,</strong></span> <span class='ocrx_word' id='word_1_33' title='bbox 1325 509 1430 564; x_wconf 93' lang='lat' dir='ltr'><strong>quid</strong></span> <span class='ocrx_word' id='word_1_34' title='bbox 1462 509 1540 549; x_wconf 90' lang='lat' dir='ltr'><strong>nisi</strong></span> 
     </span>
     <span class='ocr_line' id='line_1_7' title="bbox 222 579 1539 634; baseline -0.002 -13"><span class='ocrx_word' id='word_1_35' title='bbox 222 587 318 622; x_wconf 87' lang='lat' dir='ltr'><strong>acta</strong></span> <span class='ocrx_word' id='word_1_36' title='bbox 340 585 547 634; x_wconf 78' lang='lat' dir='ltr'><strong>agerem?</strong></span> <span class='ocrx_word' id='word_1_37' title='bbox 600 579 724 620; x_wconf 85' lang='lat' dir='ltr'><strong>huius</strong></span> <span class='ocrx_word' id='word_1_38' title='bbox 755 580 880 620; x_wconf 91' lang='lat' dir='ltr'><strong>unius</strong></span> <span class='ocrx_word' id='word_1_39' title='bbox 912 579 1211 621; x_wconf 88' lang='lat' dir='ltr'><strong>testimonium</strong></span> <span class='ocrx_word' id='word_1_40' title='bbox 1243 586 1395 620; x_wconf 90' lang='lat' dir='ltr'><strong>contra</strong></span> <span class='ocrx_word' id='word_1_41' title='bbox 1423 584 1539 619; x_wconf 82' lang='lat' dir='ltr'><strong>cete-</strong></span> 
     </span>
     <span class='ocr_line' id='line_1_8' title="bbox 223 649 1539 703; baseline -0.002 -13"><span class='ocrx_word' id='word_1_42' title='bbox 223 663 366 691; x_wconf 90' lang='lat' dir='ltr'><strong>rorum</strong></span> <span class='ocrx_word' id='word_1_43' title='bbox 401 663 659 691; x_wconf 87' lang='lat' dir='ltr'><strong>consensum</strong></span> <span class='ocrx_word' id='word_1_44' title='bbox 698 649 919 703; x_wconf 83' lang='lat' dir='ltr'><strong>praevalet</strong></span> <span class='ocrx_word' id='word_1_45' title='bbox 956 649 1199 690; x_wconf 86' lang='lat' dir='ltr'><strong>sescenties.</strong></span> <span class='ocrx_word' id='word_1_46' title='bbox 1252 650 1354 690; x_wconf 86' lang='lat' dir='ltr'><strong>testi</strong></span> <span class='ocrx_word' id='word_1_47' title='bbox 1391 655 1539 689; x_wconf 89' lang='lat' dir='ltr'><strong>tamen</strong></span> 
     </span>
     <span class='ocr_line' id='line_1_9' title="bbox 221 717 1541 772; baseline -0.001 -13"><span class='ocrx_word' id='word_1_48' title='bbox 221 718 287 760; x_wconf 90' lang='lat' dir='ltr'><strong>vel</strong></span> <span class='ocrx_word' id='word_1_49' title='bbox 319 718 662 771; x_wconf 85' lang='lat' dir='ltr'><strong>locupletissimo</strong></span> <span class='ocrx_word' id='word_1_50' title='bbox 692 732 778 759; x_wconf 93' lang='lat' dir='ltr'><strong>non</strong></span> <span class='ocrx_word' id='word_1_51' title='bbox 811 718 962 772; x_wconf 85' lang='lat' dir='ltr'><strong>utique</strong></span> <span class='ocrx_word' id='word_1_52' title='bbox 995 717 1099 759; x_wconf 85' lang='lat' dir='ltr'><strong>fides</strong></span> <span class='ocrx_word' id='word_1_53' title='bbox 1131 718 1359 760; x_wconf 83' lang='lat' dir='ltr'><strong>habenda:</strong></span> <span class='ocrx_word' id='word_1_54' title='bbox 1404 731 1541 771; x_wconf 83' lang='lat' dir='ltr'><strong>neque</strong></span> 
     </span>
     <span class='ocr_line' id='line_1_10' title="bbox 222 786 1541 842; baseline 0 -14"><span class='ocrx_word' id='word_1_55' title='bbox 222 789 364 829; x_wconf 82' lang='lat' dir='ltr'><strong>codex</strong></span> <span class='ocrx_word' id='word_1_56' title='bbox 387 787 457 828; x_wconf 86' lang='lat' dir='ltr'><strong>ille</strong></span> <span class='ocrx_word' id='word_1_57' title='bbox 481 788 698 829; x_wconf 79' lang='lat' dir='ltr'><strong>Parisinus</strong></span> <span class='ocrx_word' id='word_1_58' title='bbox 727 788 787 829; x_wconf 88' lang='lat' dir='ltr'><strong>ita</strong></span> <span class='ocrx_word' id='word_1_59' title='bbox 819 787 947 842; x_wconf 89' lang='lat' dir='ltr'><strong>longe</strong></span> <span class='ocrx_word' id='word_1_60' title='bbox 977 787 1168 842; x_wconf 70' lang='lat' dir='ltr'><strong>optimus</strong></span> <span class='ocrx_word' id='word_1_61' title='bbox 1198 793 1244 827; x_wconf 90' lang='lat' dir='ltr'><strong>ut</strong></span> <span class='ocrx_word' id='word_1_62' title='bbox 1277 786 1447 828; x_wconf 83' lang='lat' dir='ltr'><strong>Cobeto</strong></span> <span class='ocrx_word' id='word_1_63' title='bbox 1469 800 1541 828; x_wconf 92' lang='lat' dir='ltr'><strong>au-</strong></span> 
     </span>
     <span class='ocr_line' id='line_1_11' title="bbox 222 856 1541 909; baseline 0 -12"><span class='ocrx_word' id='word_1_64' title='bbox 222 863 341 899; x_wconf 87' lang='lat' dir='ltr'><strong>ctore</strong></span> <span class='ocrx_word' id='word_1_65' title='bbox 363 864 527 898; x_wconf 85' lang='lat' dir='ltr'><strong>ceteros</strong></span> <span class='ocrx_word' id='word_1_66' title='bbox 550 871 701 899; x_wconf 89' lang='lat' dir='ltr'><strong>omnes</strong></span> <span class='ocrx_word' id='word_1_67' title='bbox 724 857 974 898; x_wconf 83' lang='lat' dir='ltr'><strong>abiciamus.</strong></span> <span class='ocrx_word' id='word_1_68' title='bbox 1023 856 1242 899; x_wconf 89' lang='lat' dir='ltr'><strong>Cobetum</strong></span> <span class='ocrx_word' id='word_1_69' title='bbox 1276 857 1541 909; x_wconf 87' lang='lat' dir='ltr'><strong>redarguunt</strong></span> 
     </span>
     <span class='ocr_line' id='line_1_12' title="bbox 221 924 1542 1001; baseline -0.002 -34"><span class='ocrx_word' id='word_1_70' title='bbox 221 926 289 967; x_wconf 88' lang='lat' dir='ltr'><strong>vel</strong></span> <span class='ocrx_word' id='word_1_71' title='bbox 312 926 467 1001; x_wconf 84' lang='lat' dir='ltr'><strong>papyri</strong></span> <span class='ocrx_word' id='word_1_72' title='bbox 489 939 601 979; x_wconf 87' lang='lat' dir='ltr'><strong>quae</strong></span> <span class='ocrx_word' id='word_1_73' title='bbox 622 925 742 966; x_wconf 90' lang='lat' dir='ltr'><strong>velut</strong></span> <span class='ocrx_word' id='word_1_74' title='bbox 772 925 872 966; x_wconf 86' lang='lat' dir='ltr'><strong>novi</strong></span> <span class='ocrx_word' id='word_1_75' title='bbox 893 926 1073 978; x_wconf 90' lang='lat' dir='ltr'><strong>quidam</strong></span> <span class='ocrx_word' id='word_1_76' title='bbox 1097 939 1154 966; x_wconf 90' lang='lat' dir='ltr'><strong>ex</strong></span> <span class='ocrx_word' id='word_1_77' title='bbox 1185 924 1330 966; x_wconf 85' lang='lat' dir='ltr'><strong>inferis</strong></span> <span class='ocrx_word' id='word_1_78' title='bbox 1359 924 1542 966; x_wconf 88' lang='lat' dir='ltr'><strong>excitati</strong></span> 
     </span>
     <span class='ocr_line' id='line_1_13' title="bbox 222 994 1541 1048; baseline -0.002 -12"><span class='ocrx_word' id='word_1_79' title='bbox 222 1002 354 1036; x_wconf 88' lang='lat' dir='ltr'><strong>testes</strong></span> <span class='ocrx_word' id='word_1_80' title='bbox 391 1002 438 1036; x_wconf 84' lang='lat' dir='ltr'><strong>ut</strong></span> <span class='ocrx_word' id='word_1_81' title='bbox 476 995 729 1048; x_wconf 86' lang='lat' dir='ltr'><strong>plerumque</strong></span> <span class='ocrx_word' id='word_1_82' title='bbox 761 1008 858 1036; x_wconf 89' lang='lat' dir='ltr'><strong>cum</strong></span> <span class='ocrx_word' id='word_1_83' title='bbox 893 994 1101 1046; x_wconf 82' lang='lat' dir='ltr'><strong>Parisino,</strong></span> <span class='ocrx_word' id='word_1_84' title='bbox 1135 994 1195 1035; x_wconf 86' lang='lat' dir='ltr'><strong>ita</strong></span> <span class='ocrx_word' id='word_1_85' title='bbox 1229 1007 1541 1047; x_wconf 87' lang='lat' dir='ltr'><strong>nonnunquam</strong></span> 
     </span>
     <span class='ocr_line' id='line_1_14' title="bbox 223 1063 1541 1117; baseline -0.001 -12"><span class='ocrx_word' id='word_1_86' title='bbox 223 1072 375 1107; x_wconf 89' lang='lat' dir='ltr'><strong>contra</strong></span> <span class='ocrx_word' id='word_1_87' title='bbox 392 1078 491 1105; x_wconf 88' lang='lat' dir='ltr'><strong>eum</strong></span> <span class='ocrx_word' id='word_1_88' title='bbox 510 1065 725 1115; x_wconf 75' lang='lat' dir='ltr'><strong>facientes,</strong></span> <span class='ocrx_word' id='word_1_89' title='bbox 744 1078 830 1105; x_wconf 92' lang='lat' dir='ltr'><strong>non</strong></span> <span class='ocrx_word' id='word_1_90' title='bbox 850 1064 921 1105; x_wconf 91' lang='lat' dir='ltr'><strong>uni</strong></span> <span class='ocrx_word' id='word_1_91' title='bbox 940 1065 1143 1117; x_wconf 87' lang='lat' dir='ltr'><strong>cuiquam</strong></span> <span class='ocrx_word' id='word_1_92' title='bbox 1165 1063 1367 1115; x_wconf 86' lang='lat' dir='ltr'><strong>familiae,</strong></span> <span class='ocrx_word' id='word_1_93' title='bbox 1382 1064 1541 1104; x_wconf 89' lang='lat' dir='ltr'><strong>nedum</strong></span> 
     </span>
     <span class='ocr_line' id='line_1_15' title="bbox 223 1132 1541 1187; baseline -0.002 -12"><span class='ocrx_word' id='word_1_94' title='bbox 223 1134 404 1187; x_wconf 86' lang='lat' dir='ltr'><strong>singulis</strong></span> <span class='ocrx_word' id='word_1_95' title='bbox 437 1134 657 1175; x_wconf 88' lang='lat' dir='ltr'><strong>codicibus</strong></span> <span class='ocrx_word' id='word_1_96' title='bbox 691 1141 854 1175; x_wconf 87' lang='lat' dir='ltr'><strong>temere</strong></span> <span class='ocrx_word' id='word_1_97' title='bbox 886 1133 1196 1175; x_wconf 83' lang='lat' dir='ltr'><strong>confidendum</strong></span> <span class='ocrx_word' id='word_1_98' title='bbox 1235 1146 1329 1174; x_wconf 88' lang='lat' dir='ltr'><strong>esse</strong></span> <span class='ocrx_word' id='word_1_99' title='bbox 1365 1132 1541 1174; x_wconf 89' lang='lat' dir='ltr'><strong>demon-</strong></span> 
     </span>
     <span class='ocr_line' id='line_1_16' title="bbox 223 1203 1541 1256; baseline -0.002 -11"><span class='ocrx_word' id='word_1_100' title='bbox 223 1210 374 1245; x_wconf 84' lang='lat' dir='ltr'><strong>strant.</strong></span> <span class='ocrx_word' id='word_1_101' title='bbox 407 1203 449 1244; x_wconf 90' lang='lat' dir='ltr'><strong>in</strong></span> <span class='ocrx_word' id='word_1_102' title='bbox 466 1204 708 1244; x_wconf 87' lang='lat' dir='ltr'><strong>universum</strong></span> <span class='ocrx_word' id='word_1_103' title='bbox 724 1217 828 1244; x_wconf 86' lang='lat' dir='ltr'><strong>sane</strong></span> <span class='ocrx_word' id='word_1_104' title='bbox 845 1203 1058 1256; x_wconf 88' lang='lat' dir='ltr'><strong>spectanti</strong></span> <span class='ocrx_word' id='word_1_105' title='bbox 1076 1203 1351 1243; x_wconf 86' lang='lat' dir='ltr'><strong>sinceriorem</strong></span> <span class='ocrx_word' id='word_1_106' title='bbox 1367 1209 1541 1243; x_wconf 90' lang='lat' dir='ltr'><strong>textum</strong></span> 
     </span>
     <span class='ocr_line' id='line_1_17' title="bbox 224 1271 1542 1326; baseline -0.001 -13"><span class='ocrx_word' id='word_1_107' title='bbox 224 1273 405 1314; x_wconf 82' lang='lat' dir='ltr'><strong>exhibet</strong></span> <span class='ocrx_word' id='word_1_108' title='bbox 438 1273 683 1324; x_wconf 85' lang='lat' dir='ltr'><strong>Parisinus;</strong></span> <span class='ocrx_word' id='word_1_109' title='bbox 728 1272 941 1313; x_wconf 90' lang='lat' dir='ltr'><strong>eiusmodi</strong></span> <span class='ocrx_word' id='word_1_110' title='bbox 981 1271 1386 1326; x_wconf 85' lang='lat' dir='ltr'><strong>interpolationibus</strong></span> <span class='ocrx_word' id='word_1_111' title='bbox 1421 1272 1542 1312; x_wconf 90' lang='lat' dir='ltr'><strong>addi-</strong></span> 
     </span>
     <span class='ocr_line' id='line_1_18' title="bbox 223 1341 1544 1395; baseline -0.002 -12"><span class='ocrx_word' id='word_1_112' title='bbox 223 1343 517 1395; x_wconf 86' lang='lat' dir='ltr'><strong>tamentisque</strong></span> <span class='ocrx_word' id='word_1_113' title='bbox 555 1342 713 1395; x_wconf 87' lang='lat' dir='ltr'><strong>quibus</strong></span> <span class='ocrx_word' id='word_1_114' title='bbox 753 1341 959 1395; x_wconf 90' lang='lat' dir='ltr'><strong>languida</strong></span> <span class='ocrx_word' id='word_1_115' title='bbox 991 1348 1033 1383; x_wconf 89' lang='lat' dir='ltr'><strong>et</strong></span> <span class='ocrx_word' id='word_1_116' title='bbox 1066 1341 1252 1382; x_wconf 86' lang='lat' dir='ltr'><strong>elumbis</strong></span> <span class='ocrx_word' id='word_1_117' title='bbox 1286 1341 1359 1382; x_wconf 87' lang='lat' dir='ltr'><strong>fiat</strong></span> <span class='ocrx_word' id='word_1_118' title='bbox 1391 1341 1544 1390; x_wconf 86' lang='lat' dir='ltr'><strong>oratio,</strong></span> 
     </span>
     <span class='ocr_line' id='line_1_19' title="bbox 224 1409 1543 1466; baseline -0.001 -14"><span class='ocrx_word' id='word_1_119' title='bbox 224 1425 362 1466; x_wconf 85' lang='lat' dir='ltr'><strong>paene</strong></span> <span class='ocrx_word' id='word_1_120' title='bbox 384 1411 491 1452; x_wconf 91' lang='lat' dir='ltr'><strong>liber</strong></span> <span class='ocrx_word' id='word_1_121' title='bbox 514 1418 579 1453; x_wconf 88' lang='lat' dir='ltr'><strong>est</strong></span> <span class='ocrx_word' id='word_1_122' title='bbox 600 1426 608 1462; x_wconf 90' lang='lat'>;</span> <span class='ocrx_word' id='word_1_123' title='bbox 642 1411 698 1452; x_wconf 92' lang='lat' dir='ltr'><strong>ad</strong></span> <span class='ocrx_word' id='word_1_124' title='bbox 721 1411 892 1464; x_wconf 79' lang='grc' dir='ltr'>ἀρχαίαν</span> <span class='ocrx_word' id='word_1_125' title='bbox 910 1411 1026 1451; x_wconf 87' lang='lat' dir='ltr'><strong>illam</strong></span> <span class='ocrx_word' id='word_1_126' title='bbox 1051 1410 1211 1452; x_wconf 79' lang='grc' dir='ltr'>ἔκδοσιν</span> <span class='ocrx_word' id='word_1_127' title='bbox 1236 1409 1302 1463; x_wconf 87' lang='lat' dir='ltr'><strong>(cf.</strong></span> <span class='ocrx_word' id='word_1_128' title='bbox 1326 1409 1543 1451; x_wconf 78' lang='lat' dir='ltr'><strong>SchoLad</strong></span> 
     </span>
     <span class='ocr_line' id='line_1_20' title="bbox 226 1479 1544 1536; baseline -0.001 -15"><span class='ocrx_word' id='word_1_129' title='bbox 226 1481 360 1522; x_wconf 89' lang='lat' dir='ltr'><strong>Meid.</strong></span> <span class='ocrx_word' id='word_1_130' title='bbox 398 1493 489 1535; x_wconf 79' lang='lat'>133,</span> <span class='ocrx_word' id='word_1_131' title='bbox 526 1479 639 1536; x_wconf 88' lang='lat'>147),</span> <span class='ocrx_word' id='word_1_132' title='bbox 672 1480 964 1522; x_wconf 86' lang='lat' dir='ltr'><strong>recensionem</strong></span> <span class='ocrx_word' id='word_1_133' title='bbox 1004 1479 1166 1521; x_wconf 87' lang='lat' dir='ltr'><strong>scilicet</strong></span> <span class='ocrx_word' id='word_1_134' title='bbox 1197 1493 1223 1520; x_wconf 89' lang='lat' dir='ltr'><strong>a</strong></span> <span class='ocrx_word' id='word_1_135' title='bbox 1257 1479 1544 1533; x_wconf 88' lang='lat' dir='ltr'><strong>grammatico</strong></span> 
     </span>
     <span class='ocr_line' id='line_1_21' title="bbox 225 1548 1542 1603; baseline -0.002 -12"><span class='ocrx_word' id='word_1_136' title='bbox 225 1551 357 1591; x_wconf 89' lang='lat' dir='ltr'><strong>docto</strong></span> <span class='ocrx_word' id='word_1_137' title='bbox 383 1556 426 1591; x_wconf 90' lang='lat' dir='ltr'><strong>et</strong></span> <span class='ocrx_word' id='word_1_138' title='bbox 452 1550 647 1603; x_wconf 84' lang='lat' dir='ltr'><strong>diligenti</strong></span> <span class='ocrx_word' id='word_1_139' title='bbox 677 1549 919 1602; x_wconf 85' lang='lat' dir='ltr'><strong>antiquitus</strong></span> <span class='ocrx_word' id='word_1_140' title='bbox 948 1548 1122 1596; x_wconf 86' lang='lat' dir='ltr'><strong>factam,</strong></span> <span class='ocrx_word' id='word_1_141' title='bbox 1154 1550 1332 1603; x_wconf 77' lang='lat' dir='ltr'><strong>propius</strong></span> <span class='ocrx_word' id='word_1_142' title='bbox 1364 1549 1542 1590; x_wconf 88' lang='lat' dir='ltr'><strong>accedit.</strong></span> 
     </span>
     <span class='ocr_line' id='line_1_22' title="bbox 226 1618 1544 1673; baseline -0.002 -13"><span class='ocrx_word' id='word_1_143' title='bbox 226 1620 306 1660; x_wconf 86' lang='lat' dir='ltr'><strong>hoc</strong></span> <span class='ocrx_word' id='word_1_144' title='bbox 338 1620 470 1660; x_wconf 86' lang='lat' dir='ltr'><strong>etiam</strong></span> <span class='ocrx_word' id='word_1_145' title='bbox 501 1619 634 1661; x_wconf 86' lang='lat' dir='ltr'><strong>habet</strong></span> <span class='ocrx_word' id='word_1_146' title='bbox 661 1620 826 1673; x_wconf 85' lang='lat' dir='ltr'><strong>insigne</strong></span> <span class='ocrx_word' id='word_1_147' title='bbox 858 1626 904 1659; x_wconf 87' lang='lat' dir='ltr'><strong>ut</strong></span> <span class='ocrx_word' id='word_1_148' title='bbox 939 1632 1037 1659; x_wconf 89' lang='lat' dir='ltr'><strong>cum</strong></span> <span class='ocrx_word' id='word_1_149' title='bbox 1071 1625 1315 1659; x_wconf 89' lang='lat' dir='ltr'><strong>ceterorum</strong></span> <span class='ocrx_word' id='word_1_150' title='bbox 1345 1618 1544 1659; x_wconf 90' lang='lat' dir='ltr'><strong>codicum</strong></span> 
     </span>
     <span class='ocr_line' id='line_1_23' title="bbox 225 1687 1543 1741; baseline -0.002 -12"><span class='ocrx_word' id='word_1_151' title='bbox 225 1688 309 1729; x_wconf 88' lang='lat' dir='ltr'><strong>alia</strong></span> <span class='ocrx_word' id='word_1_152' title='bbox 332 1689 385 1729; x_wconf 87' lang='lat' dir='ltr'><strong>sit</strong></span> <span class='ocrx_word' id='word_1_153' title='bbox 420 1689 461 1729; x_wconf 93' lang='lat' dir='ltr'><strong>in</strong></span> <span class='ocrx_word' id='word_1_154' title='bbox 487 1689 581 1729; x_wconf 90' lang='lat' dir='ltr'><strong>aliis</strong></span> <span class='ocrx_word' id='word_1_155' title='bbox 607 1689 802 1741; x_wconf 84' lang='lat' dir='ltr'><strong>partibus</strong></span> <span class='ocrx_word' id='word_1_156' title='bbox 837 1688 1099 1739; x_wconf 85' lang='lat' dir='ltr'><strong>aestimatio,</strong></span> <span class='ocrx_word' id='word_1_157' title='bbox 1124 1689 1249 1729; x_wconf 87' lang='lat' dir='ltr'><strong>unius</strong></span> <span class='ocrx_word' id='word_1_158' title='bbox 1278 1687 1309 1729; x_wconf 88' lang='lat' dir='ltr'>S</span> <span class='ocrx_word' id='word_1_159' title='bbox 1339 1701 1476 1741; x_wconf 88' lang='lat' dir='ltr'><strong>paene</strong></span> <span class='ocrx_word' id='word_1_160' title='bbox 1501 1687 1543 1727; x_wconf 90' lang='lat' dir='ltr'><strong>in</strong></span> 
     </span>
     <span class='ocr_line' id='line_1_24' title="bbox 226 1757 1544 1810; baseline -0.002 -12"><span class='ocrx_word' id='word_1_161' title='bbox 226 1758 427 1798; x_wconf 89' lang='lat' dir='ltr'><strong>omnibus</strong></span> <span class='ocrx_word' id='word_1_162' title='bbox 449 1759 600 1799; x_wconf 88' lang='lat' dir='ltr'><strong>eadem</strong></span> <span class='ocrx_word' id='word_1_163' title='bbox 623 1758 678 1798; x_wconf 89' lang='lat' dir='ltr'><strong>sit</strong></span> <span class='ocrx_word' id='word_1_164' title='bbox 713 1757 991 1810; x_wconf 84' lang='lat' dir='ltr'><strong>praestantia.</strong></span> <span class='ocrx_word' id='word_1_165' title='bbox 1052 1758 1166 1798; x_wconf 87' lang='lat' dir='ltr'><strong>unde</strong></span> <span class='ocrx_word' id='word_1_166' title='bbox 1189 1757 1236 1797; x_wconf 86' lang='lat' dir='ltr'><strong>fit</strong></span> <span class='ocrx_word' id='word_1_167' title='bbox 1260 1764 1305 1798; x_wconf 91' lang='lat' dir='ltr'><strong>ut</strong></span> <span class='ocrx_word' id='word_1_168' title='bbox 1329 1762 1544 1810; x_wconf 89' lang='lat' dir='ltr'><strong>quotquot</strong></span> 
     </span>
     <span class='ocr_line' id='line_1_25' title="bbox 226 1826 1545 1880; baseline -0.002 -13"><span class='ocrx_word' id='word_1_169' title='bbox 226 1828 294 1867; x_wconf 90' lang='lat' dir='ltr'><strong>hic</strong></span> <span class='ocrx_word' id='word_1_170' title='bbox 313 1827 490 1879; x_wconf 86' lang='lat' dir='ltr'><strong>praebet</strong></span> <span class='ocrx_word' id='word_1_171' title='bbox 509 1826 748 1880; x_wconf 78' lang='lat' dir='ltr'><strong>singulares</strong></span> <span class='ocrx_word' id='word_1_172' title='bbox 770 1826 975 1866; x_wconf 90' lang='lat' dir='ltr'><strong>lectiones</strong></span> <span class='ocrx_word' id='word_1_173' title='bbox 993 1826 1322 1878; x_wconf 80' lang='lat' dir='ltr'><strong>diligentissime</strong></span> <span class='ocrx_word' id='word_1_174' title='bbox 1345 1827 1429 1867; x_wconf 86' lang='lat' dir='ltr'><strong>sint</strong></span> <span class='ocrx_word' id='word_1_175' title='bbox 1451 1838 1545 1879; x_wconf 90' lang='lat' dir='ltr'><strong>per-</strong></span> 
     </span>
     <span class='ocr_line' id='line_1_26' title="bbox 227 1894 1546 1950; baseline -0.001 -15"><span class='ocrx_word' id='word_1_176' title='bbox 227 1896 497 1950; x_wconf 87' lang='lat' dir='ltr'><strong>pendendae.</strong></span> <span class='ocrx_word' id='word_1_177' title='bbox 550 1896 765 1936; x_wconf 85' lang='lat' dir='ltr'><strong>audienda</strong></span> <span class='ocrx_word' id='word_1_178' title='bbox 804 1901 951 1936; x_wconf 88' lang='lat' dir='ltr'><strong>tamen</strong></span> <span class='ocrx_word' id='word_1_179' title='bbox 990 1903 1033 1937; x_wconf 91' lang='lat' dir='ltr'><strong>et</strong></span> <span class='ocrx_word' id='word_1_180' title='bbox 1070 1895 1203 1936; x_wconf 82' lang='lat' dir='ltr'><strong>altera</strong></span> <span class='ocrx_word' id='word_1_181' title='bbox 1241 1910 1353 1949; x_wconf 84' lang='lat' dir='ltr'><strong>pars.</strong></span> <span class='ocrx_word' id='word_1_182' title='bbox 1399 1894 1546 1947; x_wconf 88' lang='lat' dir='ltr'><strong>itaque</strong></span> 
     </span>
     <span class='ocr_line' id='line_1_27' title="bbox 227 1964 1545 2018; baseline -0.002 -13"><span class='ocrx_word' id='word_1_183' title='bbox 227 1978 579 2018; x_wconf 81' lang='lat' dir='ltr'><strong>unamquamque</strong></span> <span class='ocrx_word' id='word_1_184' title='bbox 617 1964 844 2004; x_wconf 89' lang='lat' dir='ltr'><strong>lectionem</strong></span> <span class='ocrx_word' id='word_1_185' title='bbox 884 1965 1130 2005; x_wconf 88' lang='lat' dir='ltr'><strong>aestimanti</strong></span> <span class='ocrx_word' id='word_1_186' title='bbox 1174 1978 1230 2004; x_wconf 85' lang='lat' dir='ltr'><strong>ex</strong></span> <span class='ocrx_word' id='word_1_187' title='bbox 1268 1964 1419 2004; x_wconf 87' lang='lat' dir='ltr'><strong>Graeci</strong></span> <span class='ocrx_word' id='word_1_188' title='bbox 1462 1976 1545 2004; x_wconf 86' lang='lat' dir='ltr'><strong>ser-</strong></span> 
     </span>
     <span class='ocr_line' id='line_1_28' title="bbox 228 2032 1545 2086; baseline -0.002 -12"><span class='ocrx_word' id='word_1_189' title='bbox 228 2034 368 2074; x_wconf 91' lang='lat' dir='ltr'><strong>monis</strong></span> <span class='ocrx_word' id='word_1_190' title='bbox 395 2034 645 2085; x_wconf 79' lang='lat' dir='ltr'><strong>cognitione</strong></span> <span class='ocrx_word' id='word_1_191' title='bbox 674 2040 808 2086; x_wconf 86' lang='lat' dir='ltr'><strong>atque</strong></span> <span class='ocrx_word' id='word_1_192' title='bbox 838 2032 1036 2075; x_wconf 87' lang='lat' dir='ltr'><strong>Oratoris</strong></span> <span class='ocrx_word' id='word_1_193' title='bbox 1059 2048 1137 2074; x_wconf 88' lang='lat' dir='ltr'><strong>usu</strong></span> <span class='ocrx_word' id='word_1_194' title='bbox 1161 2033 1366 2085; x_wconf 89' lang='lat' dir='ltr'><strong>loquendi</strong></span> <span class='ocrx_word' id='word_1_195' title='bbox 1389 2032 1545 2073; x_wconf 89' lang='lat' dir='ltr'><strong>diiudi-</strong></span> 
     </span>
     <span class='ocr_line' id='line_1_29' title="bbox 227 2100 1544 2154; baseline -0.001 -13"><span class='ocrx_word' id='word_1_196' title='bbox 227 2102 413 2142; x_wconf 87' lang='lat' dir='ltr'><strong>candum</strong></span> <span class='ocrx_word' id='word_1_197' title='bbox 428 2108 504 2142; x_wconf 83' lang='lat' dir='ltr'><strong>est.</strong></span> <span class='ocrx_word' id='word_1_198' title='bbox 537 2101 610 2142; x_wconf 91' lang='lat' dir='ltr'><strong>ubi</strong></span> <span class='ocrx_word' id='word_1_199' title='bbox 626 2115 691 2142; x_wconf 84' lang='lat' dir='ltr'><strong>res</strong></span> <span class='ocrx_word' id='word_1_200' title='bbox 706 2115 792 2142; x_wconf 92' lang='lat' dir='ltr'><strong>non</strong></span> <span class='ocrx_word' id='word_1_201' title='bbox 808 2101 954 2154; x_wconf 87' lang='lat' dir='ltr'><strong>liquet,</strong></span> <span class='ocrx_word' id='word_1_202' title='bbox 971 2102 1107 2143; x_wconf 82' lang='lat' dir='ltr'><strong>tutius</strong></span> <span class='ocrx_word' id='word_1_203' title='bbox 1126 2101 1287 2154; x_wconf 89' lang='lat' dir='ltr'><strong>ubique</strong></span> <span class='ocrx_word' id='word_1_204' title='bbox 1304 2100 1544 2141; x_wconf 87' lang='lat' dir='ltr'><strong>Parisinum</strong></span> 
     </span>
     <span class='ocr_line' id='line_1_30' title="bbox 227 2171 360 2223; baseline 0 -12"><span class='ocrx_word' id='word_1_205' title='bbox 227 2171 360 2223; x_wconf 86' lang='lat' dir='ltr'><strong>sequi.</strong></span> 
     </span>
    </p>

    <p class='ocr_par' dir='ltr' id='par_1_3' title="bbox 228 2237 1546 2432">
     <span class='ocr_line' id='line_1_31' title="bbox 287 2237 1546 2295; baseline -0.001 -15"><span class='ocrx_word' id='word_1_206' title='bbox 287 2240 517 2281; x_wconf 85' lang='lat' dir='ltr'><strong>Proximus</strong></span> <span class='ocrx_word' id='word_1_207' title='bbox 539 2240 639 2282; x_wconf 86' lang='lat' dir='ltr'><strong>huie</strong></span> <span class='ocrx_word' id='word_1_208' title='bbox 662 2241 738 2282; x_wconf 86' lang='lat' dir='ltr'><strong>sed</strong></span> <span class='ocrx_word' id='word_1_209' title='bbox 761 2241 892 2295; x_wconf 86' lang='lat' dir='ltr'><strong>longo</strong></span> <span class='ocrx_word' id='word_1_210' title='bbox 915 2239 1143 2282; x_wconf 88' lang='lat' dir='ltr'><strong>intervallo</strong></span> <span class='ocrx_word' id='word_1_211' title='bbox 1165 2239 1341 2282; x_wconf 84' lang='lat' dir='ltr'><strong>alterius</strong></span> <span class='ocrx_word' id='word_1_212' title='bbox 1358 2237 1546 2279; x_wconf 84' lang='lat' dir='ltr'><strong>familiae</strong></span> 
     </span>
     <span class='ocr_line' id='line_1_32' title="bbox 228 2308 1545 2364; baseline -0.001 -16"><span class='ocrx_word' id='word_1_213' title='bbox 228 2309 437 2362; x_wconf 83' lang='lat' dir='ltr'><strong>princeps,</strong></span> <span class='ocrx_word' id='word_1_214' title='bbox 460 2311 602 2350; x_wconf 86' lang='lat' dir='ltr'><strong>codex</strong></span> <span class='ocrx_word' id='word_1_215' title='bbox 633 2310 923 2364; x_wconf 84' lang='lat' dir='ltr'><strong>Augustanus</strong></span> <span class='ocrx_word' id='word_1_216' title='bbox 946 2309 1000 2350; x_wconf 84' lang='lat' dir='ltr'><strong>A.</strong></span> <span class='ocrx_word' id='word_1_217' title='bbox 1051 2309 1247 2364; x_wconf 89' lang='lat' dir='ltr'><strong>plurimis</strong></span> <span class='ocrx_word' id='word_1_218' title='bbox 1271 2309 1312 2348; x_wconf 93' lang='lat' dir='ltr'><strong>in</strong></span> <span class='ocrx_word' id='word_1_219' title='bbox 1338 2308 1440 2349; x_wconf 88' lang='lat' dir='ltr'><strong>locis</strong></span> <span class='ocrx_word' id='word_1_220' title='bbox 1459 2308 1545 2347; x_wconf 89' lang='lat' dir='ltr'><strong>sin-</strong></span> 
     </span>
     <span class='ocr_line' id='line_1_33' title="bbox 229 2378 1544 2432; baseline -0.002 -14"><span class='ocrx_word' id='word_1_221' title='bbox 229 2392 371 2419; x_wconf 87' lang='lat' dir='ltr'><strong>ceram</strong></span> <span class='ocrx_word' id='word_1_222' title='bbox 401 2386 443 2420; x_wconf 89' lang='lat' dir='ltr'><strong>et</strong></span> <span class='ocrx_word' id='word_1_223' title='bbox 472 2379 698 2432; x_wconf 85' lang='lat' dir='ltr'><strong>antiquam</strong></span> <span class='ocrx_word' id='word_1_224' title='bbox 728 2379 959 2421; x_wconf 88' lang='lat' dir='ltr'><strong>lectionem</strong></span> <span class='ocrx_word' id='word_1_225' title='bbox 990 2379 1058 2419; x_wconf 88' lang='lat' dir='ltr'><strong>hic</strong></span> <span class='ocrx_word' id='word_1_226' title='bbox 1087 2379 1195 2419; x_wconf 90' lang='lat' dir='ltr'><strong>liber</strong></span> <span class='ocrx_word' id='word_1_227' title='bbox 1225 2378 1346 2418; x_wconf 89' lang='lat' dir='ltr'><strong>unice</strong></span> <span class='ocrx_word' id='word_1_228' title='bbox 1376 2381 1544 2425; x_wconf 82' lang='lat' dir='ltr'><strong>tuetur3</strong></span> 
     </span>
    </p>

    <p class='ocr_par' dir='ltr' id='par_1_4' title="bbox 871 2462 904 2486">
     <span class='ocr_line' id='line_1_34' title="bbox 871 2462 904 2486; baseline -0.03 0"><span class='ocrx_word' id='word_1_229' title='bbox 871 2462 904 2486; x_wconf 87' lang='lat' dir='ltr'><strong>Vl</strong></span> 
     </span>
    </p>
   </div>
  </div>
 </body>
</html>
