1763 2778
170 113 254 166 u]
558 118 717 155 ΠΡΟΣ
768 116 1129 154 KAAAIKAEA
1535 111 1667 165 [1273]

192 218 318 256 ποιεῖν
343 214 526 266 ἠξίωσεν.
597 213 642 255 οὐ
667 215 740 267 γὰρ
766 213 814 255 ἂν
838 212 917 255 οὔτ’
943 211 1103 265 ἐρήμην,
1134 213 1272 264 ὥσπερ
1305 214 1399 263 ἐμοῦ
1433 215 1515 258 νῦν,

193 280 542 338 κατεδιῃτήσασθε,
593 282 682 322 οὔτε
728 280 851 322 πλέον
891 280 939 321 ἂν
979 279 1027 331 ἧν
1067 281 1158 331 ὑμῖν
1197 282 1518 332 συκοφαντοῦσιν
1539 288 1559 323 7

192 348 320 396 οὐδέν,
347 348 438 390 ἀλλ’
463 346 513 400 [εἰ
536 348 729 401 ἠνέγκατε
747 349 836 389 τότε
864 347 1041 400 μάρτυρα
1079 347 1141 387 καὶ
1179 346 1516 399 ἐπεμαρτύρασθε,

192 413 276 469 νῦν]
301 415 520 468 ἀπέφαινεν
546 415 593 456 ἂν
620 416 767 457 ἐκεῖνος
793 415 902 456 εἰδὼς
927 416 1101 467 ἀκριβῶς
1125 414 1230 456 ὅπως
1247 413 1355 467 εἶχεν
1372 414 1521 454 ἕκαστα

153 499 171 532 5
191 483 352 529 τούτων,
380 483 443 524 καὶ
477 482 567 525 τοὺς
590 483 733 537 ῥᾳδίως
768 482 928 524 τούτους
962 484 1251 534 μαρτυροῦντας
1288 479 1517 533 ἐξήλεγχεν.

191 550 398 603 ἀνθρώπου
421 549 454 590 δ’
478 549 586 602 οἶμαι
609 549 840 600 τηλικούτου
868 549 930 589 καὶ
954 549 1116 601 ἀπείρου
1141 545 1248 600 [τῶν]
1280 546 1519 600 πραγμάτων

191 617 362 660 ἅπαντες
404 615 776 670 καταπεφρονήκατέ
814 633 900 667 μου.
972 614 1063 656 ἀλλ’
1098 615 1175 668 ἐγὼ
1212 614 1307 668 πρὸς
1345 614 1520 656 ἅπαντας

191 684 364 731 τούτους,
391 682 421 725 ὦ
447 683 585 736 ἄνδρες
610 682 825 734 Ἀθηναῖοι,
843 685 912 726 τὰς
931 682 1058 724 αὐτῶν
1078 681 1240 735 πράξεις
1257 681 1519 735 ἰσχυροτάτας

190 752 400 804 μαρτυρίας
426 750 660 805 παρέχομαι.
730 751 794 791 διὰ
825 751 866 791 τί
886 751 961 803 γὰρ
981 750 1107 792 οὐδεὶς
1132 748 1212 790 οὔτ’
1237 748 1518 801 ἐπεμαρτύρατ’

133 837 172 858 10
193 817 273 859 οὔτ’
299 818 550 865 ἐνεκάλεσεν,
577 816 669 859 ἀλλ’
694 817 774 858 οὐδ’
799 817 1007 870 ἐμέμψατο
1033 819 1205 865 πώποτε,
1238 816 1330 857 ἀλλ’
1365 816 1520 869 ἐξήρκει

192 885 299 926 ταῦτ’
324 885 454 928 αὐτοῖς
477 884 725 937 ἠδικημένοις
751 887 955 937 περιορᾶν;

1541 915 1628 970 [127
1631 915 1676 970 4]

259 953 367 1006 Ἐγὼ
391 954 523 994 τοίνυν
548 954 662 994 ἱκανα
685 955 758 1004 μὲν
783 952 952 1005 ἡγοῦμαι
977 950 1039 992 καὶ
1064 948 1170 991 ταῦ’τ
1195 950 1251 992 εῖι
1256 968 1294 991 αι
1321 949 1418 1002 πρὸς
1449 967 1561 1006 τηνδ

193 1019 345 1061 τούτων
376 1021 589 1062 ἀναίδειαν·
628 1021 692 1061 ἵνα
727 1019 761 1060 δ’
798 1018 930 1070 εἰδῆτ’,
968 1017 997 1060 ὡ
1030 1035 1077 1058 αι
1081 1032 1168 1071 ορες
1204 1018 1422 1069 Ἀθηιαῖοι,
1458 1018 1521 1057 καὶ

195 1088 284 1140 περὶ
320 1091 398 1129 τῶν
430 1087 580 1142 ἄλλων,
608 1087 659 1130 ὡς
684 1085 766 1129 οὔθ’
793 1087 813 1126 ὁ
837 1085 964 1139 πατὴρ
991 1085 1104 1126 οὐδὲν
1129 1085 1254 1136 ἠδίκει
1279 1087 1518 1137 περιοικοδο-

135 1174 172 1206 15
193 1158 277 1206 μῶν
300 1153 345 1195 τὸ
369 1156 517 1209 χωρίον
542 1154 654 1196 οὗτοί
681 1171 724 1196 τε
755 1153 1074 1206 κατεψευσμένοι
1108 1152 1221 1194 πάντ’
1259 1153 1361 1194 εἰσὶν
1397 1151 1520 1203 ἡμῶν,

181 1223 254 1268 ,ἔτι
278 1221 532 1275 σαφέστερον
567 1223 666 1274 ὑμᾶς
702 1220 942 1274 πειράσομαι
979 1219 1192 1261 διδάσκειν.
1263 1218 1306 1259 τὸ
1342 1221 1413 1270 μὲν
1447 1219 1522 1271 γὰρ

194 1290 341 1343 χωρίον
365 1290 617 1343 ὁμολογεῖται
653 1290 716 1330 καὶ
752 1288 843 1341 παρ’
880 1288 1007 1329 αὐτῶν
1041 1288 1191 1328 τούτων
1215 1286 1404 1339 ἡμέτερον
1424 1287 1523 1326 ἴδιον
1542 1298 1564 1333 9

195 1356 308 1398 εἶναι·
344 1357 482 1398 τούτου
507 1356 540 1397 δ’
575 1355 840 1411 ὑπάρχοντος,
868 1354 898 1396 ὦ
923 1355 1061 1408 ἄνδρες
1091 1353 1310 1406 Ἀθηναῖοι,
1345 1353 1523 1405 μάλιστα

194 1425 266 1475 μὲν
300 1422 419 1480 ᾔδειτ’
455 1423 503 1465 ἂν
539 1424 688 1465 ἰδόντες
711 1423 756 1463 τὸ
787 1424 934 1476 χωρίον
958 1424 1020 1463 ὅτι
1055 1425 1392 1475 συκοφαντοῦμαι.
1462 1419 1523 1460 διὸ

134 1506 175 1528 20
196 1492 258 1532 καὶ
296 1494 376 1532 τοῖς
416 1491 566 1532 εἰδόσιν
612 1490 836 1543 ἐπιτρεπειν
884 1490 1111 1541 ἐβουλόμην
1151 1489 1242 1542 ἐγώ,
1282 1492 1364 1531 τοῖς
1405 1489 1522 1529 ἴσοις.

195 1557 288 1598 ἀλλ’
313 1557 387 1612 οὐχ
411 1558 530 1605 οὗτοι,
559 1557 733 1611 καθάπερ
758 1558 841 1599 νυνὶ
866 1556 1000 1610 λέγειν
1026 1558 1309 1610 ἐπιχειρουσιν·
1348 1557 1474 1636 δηλον
1489 1554 1522 1594 δ’

194 1626 284 1676 ὑμῖν
311 1626 374 1666 καὶ
398 1624 501 1666 τοῦτ’
527 1624 647 1666 αὐτίκ’
667 1625 780 1666 ἔσται
806 1628 942 1665 πᾶσιν.
1014 1624 1121 1664 ἀλλὰ
1145 1622 1371 1676 προσέχετ’,
1399 1621 1427 1662 ὦ
1454 1621 1519 1662 ἅν-

195 1694 282 1744 δρὲς
313 1691 528 1744 Ἀθηναῖοι,
560 1691 656 1744 πρὸς
695 1691 791 1734 Διὸς
830 1693 890 1733 καὶ
928 1693 1027 1732 θεῶν
1064 1690 1131 1731 τὸν
1170 1693 1273 1731 νοῦν.
1347 1692 1415 1730 τοῦ
1447 1690 1523 1741 γὰρ
1545 1704 1588 1730 10

195 1760 342 1813 χωρίου
374 1763 442 1799 τοῦ
477 1759 510 1800 τ’
545 1761 639 1810 ἐμοῦ
676 1760 738 1800 καὶ
770 1762 839 1799 τοῦ
865 1759 1011 1799 τούτων
1036 1757 1080 1798 τὸ
1112 1756 1238 1809 μέσον
1269 1757 1358 1798 ὁδός
1396 1757 1520 1802 ἐστιν,

136 1841 174 1872 25
196 1828 310 1879 ὅρους
333 1828 377 1867 δὲ
404 1826 653 1880 περιέχοντος
681 1826 808 1881 κύκλῳ
832 1830 913 1868 τοῖς
937 1825 1096 1879 χωρίοις
1121 1824 1165 1865 τὸ
1192 1823 1405 1876 καταρρέον
1419 1823 1521 1874 ὕδωρ

195 1899 243 1950 τῇ
267 1895 339 1945 μὲν
365 1894 420 1936 εἰς
444 1893 515 1945 τὴν
541 1894 644 1942 ὁδόν,
666 1899 713 1951 τῇ
738 1893 770 1934 δ’
796 1894 851 1935 εἰς
875 1894 923 1933 τὰ
938 1893 1066 1946 χωρία
1082 1892 1296 1943 συμβαίνει
1313 1890 1520 1943 φέρεσθαι.

197 1961 260 2001 καὶ
295 1960 340 2012 δὴ
386 1961 447 2002 καὶ
484 1960 622 2002 τούτου
657 1960 702 2001 τὸ
738 1962 950 2001 εἰσπῖπτον
984 1961 1038 2002 εἰς
1070 1959 1141 2010 τὴν
1178 1959 1281 2005 ὁδόν,
1311 1956 1337 2015 ᾗ
1363 1960 1435 2010 μὲν
1474 1956 1522 1998 ἂν

243 2080 257 2100 1
285 2073 361 2110 ἐμοῦ
377 2073 432 2103 νῦν
450 2069 579 2109 SFQ:
605 2072 679 2110 ἐμοῦ
703 2071 766 2103 νυνὶ
789 2069 844 2100 A:
870 2072 924 2102 νῦν
947 2071 1020 2109 ἐμοῦ
1044 2069 1073 2099 D
1227 2078 1289 2108 3—4
1315 2069 1341 2099 εἰ
1365 2090 1372 2098 .
1401 2092 1407 2099 .
1433 2090 1441 2099 .
1469 2068 1523 2098 νῦν

194 2125 261 2146 om.
276 2114 352 2146 SA.
389 2114 511 2145 seclusi
654 2124 673 2152 5
698 2114 830 2146 τούτους
846 2113 878 2143 Α
893 2125 899 2143 :
924 2113 1049 2145 τούτοις
1067 2113 1091 2144 S
1107 2111 1194 2151 vulg.
1215 2113 1303 2153 (τοὺς
1318 2113 1431 2151 μισθοῦ
1447 2122 1521 2150 μαρ-

196 2161 366 2199 τυροῦντας
389 2160 528 2199 εὐχερῶς
543 2156 669 2190 τούτοις
690 2158 855 2188 exhibent
872 2157 954 2198 pr.
970 2156 1062 2197 Qyp.
1067 2158 1079 2195 )
1219 2158 1240 2186 6
1263 2159 1328 2187 τῶν
1351 2154 1415 2184 del.
1435 2154 1522 2184 Her-

196 2202 349 2241 werden,
369 2207 462 2233 recte
480 2201 543 2232 nisi
565 2202 608 2232 ad
625 2202 713 2232 hanc
730 2201 943 2241 potissimum
962 2210 1096 2230 causam
1117 2199 1244 2230 reseras
1375 2199 1395 2228 8
1419 2199 1521 2229 αὐτῶν

198 2245 297 2276 codd.
318 2245 436 2286 (αυτῶν
453 2245 504 2286 S),
524 2244 564 2275 Cf.
584 2245 630 2275 lix
647 2256 687 2284 44
705 2256 712 2275 Ζ
737 2247 838 2276 αὑτῶν
854 2245 950 2274 Turr.
1040 2254 1061 2285 9
1084 2243 1252 2284 παρέξομαι
1266 2242 1297 2272 A
1398 2252 1431 2270 II
1459 2241 1520 2271 ἀδι-

198 2288 400 2329 κουμένοιςΑ
491 2298 529 2327 13
545 2289 704 2320 ἀναίδειαν
716 2288 768 2318 A:
793 2289 986 2328 κατηγορίαν
999 2292 1078 2319 cett.
1166 2297 1204 2325 19
1224 2284 1323 2324 ἤδειτ’
1339 2284 1394 2325 αν]
1413 2286 1522 2315 εἰδεῖεν

199 2333 227 2364 οἱ
250 2332 282 2362 Α
371 2342 414 2362 20
436 2334 516 2364 ἴσοις
537 2330 605 2375 (καὶ
630 2330 761 2372 κοινοῖς)
786 2331 899 2362 Naber
988 2341 1029 2369 24
1054 2332 1092 2362 τὸ
1116 2340 1179 2360 om.
1208 2329 1257 2368 Sl,
1283 2329 1358 2359 add.
1387 2338 1427 2358 m.
1452 2331 1519 2357 ant.

199 2385 240 2414 25
265 2378 331 2407 τοῖς
347 2376 473 2416 χωρίοις
489 2376 565 2406 fort.
582 2376 765 2406 delendum
863 2376 904 2404 26
928 2376 973 2416 πῇ
988 2374 1047 2414 μὲν
1068 2396 1075 2404 .
1095 2398 1101 2405 .
1121 2376 1193 2415 .πῂ“
1210 2373 1243 2405 δὲ
1257 2373 1288 2403 A
1386 2381 1424 2409 27
1450 2369 1521 2402 τού-

198 2432 256 2450 του
265 2419 433 2500 τὸὲοιὲρὸί
444 2422 565 2492 εΒτοῦτο
576 2419 674 2451 codd.
690 2429 698 2450 ι
714 2421 810 2451 τοῦτο
820 2418 859 2449 τὸ
873 2408 973 2449 Blas's
1043 2417 1130 2458 εἰς]’
1116 2416 1209 2449 ενίοτ’
1223 2418 1267 2449 εἰς
1278 2414 1311 2446 Α
1374 2412 1391 2457 ᾗ
1404 2413 1462 2455 μὲν
1472 2412 1522 2444 A:

200 2475 225 2494 ει
241 2475 301 2503 μεν
