1763 2778
176 130 249 185 ux]
598 134 761 173 ΚΑΤΑ
809 135 1080 173 ΝΕΑΙΡΑΣ
1526 131 1667 186 [1357]

173 232 242 273 τὸν
257 233 403 285 τρόπον
419 232 772 286 ὅντα,προἰ’“σταται
788 232 994 285 Στέφανον
1008 234 1162 275 τουτονὶ
1178 236 1273 285 αὑτῆ
1280 252 1309 276 ς.
1358 234 1504 287 ἐπάρας
1526 235 1569 279 33

174 302 216 341 δὲ
241 300 361 350 αὐτὴν
381 300 494 342 οὗτος
518 303 561 341 ἐν
584 304 666 342 τοῖς
692 299 893 352 Μεγάροις
923 305 975 355 τῷ
1000 301 1108 355 λόγῳ
1135 302 1198 342 καὶ
1224 301 1424 353 φυσήσας,
1454 302 1504 344 ὡς

175 367 389 408 κλαύσοιτο
406 368 426 407 ὁ
442 369 623 419 Φρυνίων
639 369 672 408 εἰ
690 366 836 420 ἅψοιτο
854 368 984 418 αὐτῆς,
1005 368 1120 410 αὐτὸς
1139 371 1180 409 δὲ
1199 372 1364 421 γυναῖκα
1384 369 1503 420 αὐτὴν

173 432 286 483 ἕξων,
311 434 401 476 τούς
425 452 468 475 τε
493 438 637 477 παῖδας
659 435 749 477 τοὺς
775 436 892 476 ὄντας
915 435 1011 492 αὐτῇ
1036 436 1124 476 τότε
1143 435 1313 486 εἰσάξων
1339 437 1393 478 εἰς
1413 436 1502 478 τοὺς
1523 441 1658 496 [1358]

134 517 152 549 5
173 500 370 554 φράτερας
396 502 447 544 ὡς
472 502 589 542 αὑτοῦ
610 503 728 544 ὄντας
753 501 817 542 καὶ
839 502 1006 544 πολίτας
1037 500 1227 553 ποιήσων,
1255 502 1435 554 ἀδικήσει
1461 506 1501 544 δὲ

172 568 297 611 οὐδεὶς
334 569 563 622 ἀνθρώπων,
603 568 830 623 ἀφικνεῖται
875 568 993 619 αὐτὴν
1043 569 1145 622 ἔχων
1192 572 1307 622 δεῦρο
1342 571 1388 611 ἐκ
1423 575 1502 611 τῶν

173 635 386 689 Μεγάρων,
414 635 477 677 καὶ
512 638 649 677 παιδία
681 636 764 689 μετ’
799 636 917 686 αὐτῆς
946 636 1045 689 τρία,
1074 635 1276 689 Πρόξενον
1307 638 1368 678 καὶ
1392 636 1499 690 Ἀρί-

172 720 307 744 στωνα
329 704 393 744 καὶ
425 702 630 756 θυγατέρα,
658 701 707 754 ἣν
729 703 814 746 νυνὶ
841 703 960 743 Φανὼ
985 708 1189 745 καλοῦσιν·
1262 705 1323 744 καὶ
1349 704 1501 758 εἰσάγει
1522 721 1565 756 39

171 769 291 820 αὐτὴν
328 771 391 812 καὶ
425 773 474 811 τὰ
504 772 638 812 παιδία
667 772 720 812 εἰς
753 770 796 811 τὸ
823 771 984 811 οἰκίδιον
1021 770 1042 811 ὃ
1076 770 1125 822 ἦν
1155 772 1256 827 αὐτῷ
1294 774 1398 824 παρὰ
1431 772 1501 813 τὸν

111 857 150 880 10
170 837 411 891 ψιθυριστὴν
437 838 600 890 Ἑρμῆν,
624 837 772 890 μεταξὺ
808 840 876 888 τῆς
907 838 1118 890 Δωροθέου
1148 842 1219 880 τοῦ
1248 838 1500 880 Ἐλευσινίου

169 906 295 948 οἰκίας
318 906 380 946 καὶ
405 908 473 956 τῆς
500 904 791 958 Κλεινομάχου,
818 904 866 956 ἣν
900 905 983 946 νυνὶ
1013 906 1233 958 Σπίνθαρος
1266 905 1356 959 παρ’
1381 907 1499 947 αὐτοῦ

170 972 336 1023 ἐώνηται
361 974 458 1014 ἑπτὰ
482 977 603 1024 μνῶν.
662 973 767 1013 ὥστε
791 972 906 1024 ἡμὲν
919 972 1155 1026 ὑπάρχουσα
1175 972 1366 1029 Στεφάνῳ
1383 974 1499 1015 οὐσία

168 1040 262 1090 αὕτη
290 1038 339 1090 ἦν
361 1040 424 1080 καὶ
449 1039 551 1080 ἄλλο
577 1039 702 1080 οὐδέν·
741 1043 847 1080 δυοῖν
882 1039 914 1079 δ’
940 1040 1056 1080 ἕνεκα
1078 1039 1202 1091 ἦλθεν
1234 1040 1340 1094 ἔχων
1363 1040 1496 1092 αὐτήν,

168 1106 221 1149 ὡς
250 1105 298 1158 ἐξ
327 1107 508 1149 ἀτελείας
543 1124 586 1148 τε
617 1106 719 1158 ἕξων
752 1106 878 1157 καλὴν
912 1108 1083 1159 ἑταίραν,
1123 1108 1185 1148 καὶ
1222 1109 1269 1148 τὰ
1300 1106 1499 1159 ἐπιτήδεια

109 1193 144 1226 15
166 1165 311 1225 ταῦτην
340 1174 615 1227 ἐργασομένην
646 1175 709 1215 καὶ
737 1173 965 1227 θρέψουσαν
993 1173 1064 1225 τὴν
1090 1175 1230 1215 οἰκίαν·
1264 1175 1312 1216 οὐ
1343 1177 1419 1228 γαρ
1451 1175 1497 1226 ἦν

166 1241 269 1296 αὐτῷ
307 1241 411 1293 ἄλλη
453 1242 665 1294 πρόσοδος,
704 1242 727 1282 ὅ
764 1258 802 1282 τι
837 1241 890 1293 μὴ
932 1241 1243 1294 συκοφαντήσας
1281 1259 1322 1284 τι
1357 1242 1494 1294 λάβοι.

166 1309 384 1361 πυθόμενος
409 1311 451 1350 δὲ
476 1309 496 1349 ὁ
522 1309 704 1362 Φρυνίων
720 1310 990 1360 ἐπιδημοῦσαν
1016 1309 1136 1360 αὐτὴν
1156 1310 1219 1350 καὶ
1245 1309 1368 1351 οὖσαν
1392 1313 1497 1362 παρὰ
1517 1325 1562 1357 4ο

165 1376 304 1431 τούτῳ,
324 1377 572 1429 παραλαβὼν
597 1378 826 1418 νεανίσκους
840 1375 926 1427 μεθ’
946 1379 1086 1417 ἑαυτοῦ
1101 1377 1163 1417 καὶ
1190 1378 1319 1418 ἐλθὼν
1337 1378 1402 1418 ἐπὶ
1427 1378 1497 1428 τὴν

166 1444 294 1484 οἰκίαν
315 1443 389 1494 τὴν
411 1448 480 1484 τοῦ
497 1443 702 1497 Στεφάνου
728 1442 824 1495 ἦγεν
849 1441 982 1494 αὐτήν.
1043 1443 1337 1497 ἀφαιρουμένου
1362 1447 1403 1485 δὲ
1428 1449 1497 1485 τοῦ

105 1529 146 1552 20
167 1510 373 1565 Στεφάνου
399 1513 497 1551 κατὰ
522 1511 590 1552 τὸν
617 1511 738 1562 νόμον
764 1511 818 1552 εἰς
855 1511 1096 1564 ἐλευθερίαν,
1124 1512 1402 1564 κατηγγύησεν
1426 1511 1493 1552 αὐ-

165 1577 238 1628 τὴν
278 1578 376 1631 πρὸς
415 1582 470 1634 τῷ
508 1577 763 1632 πολεμάρχῳ.
826 1578 887 1618 καὶ
928 1578 980 1620 ὡς
1015 1579 1144 1629 ἀληθῆ
1183 1578 1303 1631 λέγω,
1346 1579 1496 1620 τούτων

164 1644 282 1686 αὐτὸν
304 1643 480 1698 μάρτυρα
506 1647 597 1697 ὑμῖν
629 1645 696 1686 τὸν
720 1645 812 1687 τότε
847 1644 1104 1698 πολέμαρχον
1133 1645 1363 1699 παρέξομαι.
1432 1648 1501 1688 καί

163 1728 233 1764 μοι
255 1711 367 1754 κάλει
391 1712 541 1765 Αἰήτην
567 1710 790 1767 Κειριάδην.

720 1847 930 1875 ΜΑΡΤΎῬῘΑ.

104 1942 142 1973 25
217 1922 356 1972 Αἰήτης
372 1922 568 1972 Κειριάδης
581 1924 760 1972 μαρτυρεῖ
771 1923 1097 1972 πολεμαρχοῦντος
1113 1923 1224 1960 αὑτοῦ
1244 1922 1494 1974 κατεγγυηθῆ-

162 1994 221 2015 ναι
241 1978 403 2026 Νέαιραν
421 1978 488 2026 τὴν
508 1977 585 2015 νυνὶ
608 1976 878 2028 ἀγωνιζομένην
898 1978 969 2014 ὑπὸ
995 1977 1199 2026 Φρυνίωνος
1223 1980 1289 2015 τοῦ
1315 1978 1493 2027 Δημοχά-

161 2049 246 2081 ρους
262 2031 438 2080 ἆδελφοῦ,
455 2032 514 2069 καὶ
527 2031 708 2083 ἐγγυητὰς
718 2030 892 2082 γενέσθαι
906 2032 1066 2080 Νεαίρας
1079 2031 1272 2081 Στέφανον
1286 2030 1490 2082 Ἐροιάδην,

163 2087 377 2136 Γλαυκέτην
396 2086 602 2136 Κηφισιέα,
624 2085 916 2135 Ἀριστοκράτην
935 2086 1121 2136 Φαληρέα.

206 2200 226 2228 3
251 2189 363 2232 ἅψοιτο
376 2189 486 2221 Cobet
500 2201 507 2221 z
525 2189 642 2230 ἅψαιτο
652 2187 748 2220 codd.
863 2198 883 2228 5
910 2189 1052 2228 ἀδικήσει
1067 2189 1091 2220 S
1102 2188 1143 2220 F¹
1155 2188 1200 2228 ΩΙ
1218 2201 1225 2220 1
1241 2190 1387 2228 ἀδικήσω
1400 2189 1492 2229 vulg.

161 2244 183 2274 9
205 2235 223 2266 ὃ
246 2234 285 2272 ἧν
308 2234 423 2273 vulg.:
446 2235 483 2266 ’ὸν
507 2234 531 2265 S
697 2243 734 2271 13
761 2232 855 2265 ἕνεκα
879 2234 987 2271 codex
1012 2233 1115 2264 Coisl.
1139 2243 1229 2273 339:
1253 2235 1365 2265 οὕνεκα
1389 2239 1491 2265 cett.:

160 2277 217 2310 οὖν
235 2277 327 2309 ἕνεκα
343 2278 445 2308 Hude
560 2287 598 2315 14
622 2277 662 2309 τὰ
680 2279 843 2316 ἐπιτήδεια
859 2277 938 2307 secl.
954 2276 1069 2308 Naber
1182 2279 1220 2307 16
1244 2278 1259 2309 ὅ
1275 2279 1362 2317 τιμὴ
1380 2300 1387 2308 .
1408 2302 1415 2309 .
1433 2300 1441 2308 .
1459 2291 1491 2308 τι

161 2321 257 2353 codd.
273 2332 281 2352 z
304 2322 358 2353 ὅτε
372 2323 416 2360 μὴ
431 2343 438 2352 .
453 2343 460 2352 .
475 2344 483 2353 .
495 2335 526 2353 τι
544 2320 653 2352 Blass.
707 2326 741 2352 at
757 2335 788 2353 τι
800 2321 940 2351 alterum
953 2321 1058 2351 verbo
1070 2322 1316 2361 συκοφαντήσας
1330 2321 1492 2351 adhaeret

165 2366 203 2395 18
216 2365 366 2402 λαβὼνῩ
379 2375 395 2395 r
408 2364 437 2394 D
505 2374 545 2402 23
563 2365 683 2402 Αἰήτην
695 2364 824 2395 Reiske
839 2375 846 2394 :
866 2367 980 2403 διητην
991 2364 1014 2395 S
1030 2363 1073 2395 al.
1089 2375 1095 2394 :
1118 2365 1237 2402 Ἀήτην
1257 2364 1280 2394 F
1294 2363 1323 2401 Q
1388 2363 1492 2405 Κιριοί-

163 2411 221 2447 δην
239 2409 294 2449 (25
312 2408 395 2449 -δης)
409 2409 517 2448 codd.‚
532 2417 614 2439 corr.
630 2407 757 2439 Reiske
845 2409 887 2438 26
903 2411 958 2440 νῦν
969 2417 985 2438 r
1073 2417 1112 2447 27
1132 2407 1302 2448 Εὐροιοίδην
1314 2407 1337 2437 S
1350 2407 1375 2436 F
1386 2407 1417 2445 Q

1341 2462 1403 2492 20*
