1763 2778
84 122 226 176 [1388]
647 126 700 182 [Δ
714 133 749 170 H
762 126 1161 182 ΜΟΣΘΕΝΟΎΣ]
1496 128 1572 184 [ux

250 232 311 272 καὶ
336 232 396 272 ὅτι
421 232 498 284 ἐγὼ
523 233 594 282 μὲν
620 231 748 282 ἆληθῆ
775 232 909 283 εἴρηκα
934 230 1029 282 πρὸς
1055 232 1154 281 ὑμᾶς
1181 232 1243 272 καὶ
1268 231 1337 273 τὰς
1361 234 1571 286 μαρτυρίας

250 299 511 352 παρεσχόμην
535 299 710 348 ἀληθεῖς,
737 298 874 338 οὐτοσὶ
901 296 933 338 δ’
958 299 980 337 ὅ
1005 315 1040 337 τι
1067 297 1116 338 ἂν
1140 298 1241 354 λέγῃ
1268 298 1395 339 πάντα
1419 301 1570 352 ψεύσε-

248 382 323 411 ταα
354 366 413 405 καὶ
441 363 642 417 ἐξελέγξει
674 364 792 406 αὐτὸς
823 364 943 405 αὑτὸν
976 366 1035 405 ὅτι
1065 364 1179 406 οὐδὲν
1211 366 1319 418 ὑγιὲς
1354 366 1475 418 λέγεμ
1504 367 1572 407 οὐκ

249 431 445 483 ἐθελήσας
471 436 710 483 παραδοῦναι
736 433 791 474 εἷς
814 431 1023 483 βασάνους
1048 431 1118 475 τὰς
1148 434 1385 486 θεραπαίνας
1416 434 1460 475 ἃς
1494 435 1572 486 ἐγὼ

248 497 408 555 ἐξῄτουν
433 499 574 546 αὐτόν;

164 578 228 612 126
314 565 422 619 Ἐγὼ
447 569 519 617 μὲν
544 567 627 614 οὖν,
653 564 684 606 ὦ
711 566 848 617 ἄνδρες
873 567 1068 613 δικασταί,
1091 568 1154 608 καὶ
1179 571 1262 608 τοῖς
1288 570 1404 614 θεοῖς,
1428 569 1482 610 εἱς
1507 568 1573 610 οὓς

248 633 358 673 οὗτοι
402 632 671 683 ἠσεβήκασιν,
712 633 776 673 καὶ
826 635 977 688 ἐμαυτῷ
1025 637 1220 684 τιμωρῶν,
1260 634 1486 685 κατέστησά
1529 652 1572 676 τε

247 700 431 740 τουτουσὶ
457 701 512 742 εἷς
537 701 674 752 ἀγῶνα
702 700 766 742 καὶ
799 700 874 741 ὑπὸ
901 700 975 750 τὴν
1006 700 1199 753 ὑμετέραν
1228 703 1371 753 ψῆφον
1407 701 1570 754 ἤγαγον.

248 766 311 806 καὶ
333 768 431 818 ὑμᾶς
457 770 499 808 δὲ
525 767 602 821 χρὴ
629 769 873 818 νομίσαντας
894 766 948 819 μὴ
981 766 1125 817 λήσειν
1155 767 1245 810 τοὺς
1273 769 1399 815 θεούς,
1421 770 1476 811 εἷς
1507 769 1573 811 οὓς

248 834 356 874 οὗτοι
379 834 769 886 παρανενομήκασιν,
793 836 817 875 ὅ
841 851 878 875 τι
911 834 960 875 ἂν
992 835 1162 877 ἕκαστος
1190 836 1297 885 ὑμῶν
1327 837 1571 888 ψηφίσηται,

248 901 513 953 ψηφίσασθαι
558 902 607 941 τὰ
655 903 784 942 δίκαια
830 901 896 943 καὶ
941 907 1125 954 τιμωρεῖν
1165 901 1342 952 μάλιστα
1379 905 1451 954 μὲν
1491 906 1573 945 τοῖς

248 971 364 1014 θεοῖς,
391 968 529 1009 ἔπειτα
556 970 600 1009 δὲ
638 969 700 1010 καὶ
736 971 827 1020 ὑμῖν
862 969 1007 1010 αὐτοῖς.
1081 971 1143 1010 καὶ
1178 973 1300 1010 ταῦτα
1334 969 1572 1021 ποιήσαντες

248 1034 383 1085 δόξετε
406 1039 506 1076 πᾶσι
533 1040 664 1080 καλῶς
689 1037 751 1077 καὶ
778 1037 934 1078 δικαίως
957 1036 1121 1078 δικάσαι
1141 1037 1291 1087 ταύτην
1306 1036 1379 1087 τὴν
1399 1036 1571 1090 γραφήν,

247 1100 296 1152 ἢν
320 1101 497 1155 Νέαιραν
523 1104 601 1156 ἐγὼ
629 1103 880 1156 ἐγραψάμην,
909 1102 1026 1154 ξένην
1051 1104 1177 1144 οὖσαν
1203 1105 1311 1159 ἀστῷ
1340 1109 1550 1145 συνοικεῖν.

297 1222 310 1242 1
338 1213 479 1243 alterum
496 1214 547 1245 καὶ
575 1213 723 1245 Fcorr.:
748 1224 812 1244 om.
838 1218 916 1244 cett.
1038 1224 1057 1243 2
1081 1213 1186 1245 πάντα
1211 1214 1329 1244 SrD:
1355 1214 1479 1245 ἅπαντα
1503 1213 1528 1244 F
1543 1213 1573 1252 Q

247 1256 400 1296 ψεύσεται
422 1255 463 1286 F¹
476 1255 519 1294 Q¹
537 1267 544 1287 :
568 1257 717 1297 ψεύδεται
741 1257 765 1287 S
790 1257 878 1296 vulg.
1027 1268 1045 1295 4
1064 1257 1098 1290 ἃς
1111 1257 1211 1297 ἐγὼΓ
1225 1257 1254 1295 Q
1270 1268 1277 1288 ι
1304 1259 1367 1298 ἐγὼ
1384 1258 1417 1289 δὲ
1435 1257 1460 1287 S
1474 1257 1531 1287 Yr
1546 1257 1574 1288 D

246 1308 268 1338 9
283 1299 396 1337 λήσειν
413 1299 499 1341 Γγρ.
516 1299 546 1338 Q
558 1313 605 1340 γρ.
622 1311 629 1330 :
655 1304 764 1332 λαθεῖν
780 1305 857 1331 cett.

292 1353 330 1384 In
348 1353 372 1384 S
389 1354 614 1394 subscriptum

761 1404 866 1430 KATA
889 1403 1062 1442 NEAlgAz

774 1442 802 1475 5<
813 1443 837 1477 H
853 1444 877 1476 H
891 1443 915 1476 fi
930 1444 952 1476 H
973 1447 1007 1487 ΙΣΙ
1021 1444 1036 1476 i

398 1487 519 1528 (unum
537 1493 561 1518 H
580 1487 644 1518 del.
663 1487 807 1528 Drerup.
831 1493 859 1520 X
872 1494 896 1520 H
910 1493 934 1520 H
952 1494 975 1520 H
989 1495 1016 1520 Δ
1028 1495 1056 1520 Δ
1069 1495 1096 1520 Δ
1108 1494 1129 1520 Γ
1146 1489 1235 1520 coni.
1255 1489 1400 1530 Burger)
