1763 2778
174 113 276 169 mx]
539 117 700 155 ΠΡΟΣ
748 115 1092 154 ΤΙΜΟΘΕΟΝ
1523 109 1654 164 [1197]

175 217 380 270 ἄρχοντος,
407 216 453 258 ἃς
478 215 540 256 καὶ
575 214 762 255 ἐκέλευσε
795 216 929 254 δοῦναι
953 212 1180 268 Ἀντιμάχῳ
1213 217 1265 268 τῷ
1295 214 1415 267 ταμίᾳ
1449 217 1501 268 τῷ

177 287 326 331 ἑαυτοῦ,
365 284 442 337 ἰδίᾳ
471 283 548 336 ἔφη
587 285 768 323 δανεῖσαι
794 281 864 322 τὸν
896 280 1046 332 πατέρα
1081 280 1308 336 Ἀντιμάχῳ
1346 281 1408 320 καὶ
1435 280 1502 320 οὐκ

177 351 292 394 αὐτὸς
326 354 484 402 λαβεῖν.
555 351 618 390 καὶ
656 349 706 391 ὡς
736 351 809 401 μὲν
840 349 968 400 ἀληθῆ
999 347 1121 400 λέγει,
1157 347 1297 388 οὐδένα
1331 347 1503 400 μάρτυρα
1523 359 1565 396 45

176 418 440 473 παρέσχηται,
483 418 591 472 λόγῳ
640 419 682 458 δὲ
730 418 982 470 καταχρῆται,
1034 417 1099 456 ἵνα
1143 415 1195 466 μὴ
1245 414 1361 457 αὐτὸς
1410 419 1503 470 δοκῇ

139 499 156 532 5
177 488 414 538 ἀποστερεῖν
436 483 528 526 ἀλλ’
553 484 791 538 Ἀντίμαχος
817 485 1090 524 δανείσασθαι.
1163 483 1299 528 καίτοι,
1318 481 1346 522 ὦ
1367 482 1503 533 ἄνδρες

177 553 373 600 δικασταί,
419 552 523 605 μέγα
569 552 660 603 ὑμῖν
707 553 781 604 ε’ρῶ
828 551 1036 603 τεκμήριον
1076 551 1135 590 ὅτι
1172 550 1240 590 οὐκ
1277 549 1503 604 Ἀντιμάχῳ

177 620 382 662 ἐδάνεισεν
405 620 428 660 ὃ
460 618 587 672 πατὴρ
616 622 730 659 τοῦτο
760 618 806 659 τὸ
834 618 1033 671 ἀργύριον,
1066 618 1174 657 ἀλλὰ
1201 616 1382 672 Τιμοθέῳ
1414 617 1503 668 περὶ

177 686 391 741 ἀναγωγὴν
413 688 510 728 ὄντι.
570 686 718 738 πότερα
740 685 816 739 γὰρ
841 684 889 726 ἂν
916 687 1049 726 οἴεσθε
1073 686 1169 740 ῥᾷον
1188 684 1287 725 εῖναι
1311 687 1363 739 τῷ
1388 684 1504 736 πατρὶ

177 754 449 807 δημευθέντων
481 758 558 795 τῶν
591 753 834 807 Ἀντιμάχου
865 751 1218 805 ἐνεπισκήψασθαι
1250 753 1293 792 ἐν
1318 757 1366 808 τῇ
1389 751 1505 805 οὐσίᾳ

119 841 159 863 10
177 823 224 879 τῇ
262 824 412 863 ἐκείνου
445 821 756 874 ἐνοφειλόμενον
792 821 893 875 αὐτῷ
931 823 1045 860 τοῦτο
1079 818 1125 859 τὸ
1159 819 1358 872 ἀργύριον,
1398 820 1505 871 εἴπερ

178 889 407 945 Ἀντιμάχῳ
454 888 672 935 ἐδάνεισεν,
720 885 744 939 ἢ
792 887 1002 938 ἀναμένειν
1050 886 1171 927 ὁπότε
1217 888 1323 939 παρὰ
1369 868 1662 925 τούτουῙῙῙ931

181 960 402 1009 κομιεῖσθαι
442 956 611 1008 ἔμελλεν
648 954 954 1008 εὐπορήσαντος,
993 953 1035 996 ὃς
1072 954 1115 994 οὐ
1152 956 1308 995 πολλὰς
1344 953 1508 994 ἐλπίδας
1527 927 1571 968 46

181 1025 378 1077 σωτηρίας
406 1024 495 1077 περὶ
529 1024 648 1064 αὑτοῦ
685 1023 791 1076 εἶχεν
828 1024 871 1063 ἐν
907 1022 1041 1076 ἐκείνῳ
1074 1025 1126 1075 τῷ
1154 1021 1305 1075 χρόνῳ;
1346 1019 1508 1071 καὶμὴν

181 1090 554 1145 ἐνεπισκηψάμενός
578 1108 625 1144 γε
648 1090 727 1131 οὔτ’
752 1089 800 1131 ἂν
836 1090 1172 1142 παρακαταβολῆς
1200 1087 1405 1139 ἠπόρησεν
1428 1081 1507 1127 οὔτ’

124 1175 161 1209 15
181 1159 230 1200 ἂν
263 1158 464 1211 ἠπιστήθη
497 1157 567 1211 ὑφ’
603 1159 710 1209 ὑμῶν
746 1156 906 1209 (πάντες
942 1158 1018 1210 γὰρ
1049 1158 1140 1197 ’ίστε
1171 1154 1241 1195 τὸν
1265 1154 1416 1207 πατέρα
1440 1154 1509 1194 τὸν

181 1226 278 1278 ἐμὸν
313 1227 359 1268 οὗ
395 1230 473 1268 τῶν
515 1227 718 1277 δημοσίων
765 1226 907 1266 ἀδίκως
952 1225 1229 1274 ἐπιθυμοῦντα,
1278 1223 1386 1263 ἀλλὰ
1430 1225 1508 1262 τῶν

182 1295 299 1335 αὑτοῦ
335 1294 440 1345 ὑμῖν,
469 1293 494 1335 ὅ
515 1309 553 1334 τι
585 1292 830 1338 κελεύσαιτε,
859 1291 1067 1343 προθύμως
1099 1286 1399 1340 ἀναλίσκοντα),
1425 1289 1509 1329 εἶτα
1528 1300 1572 1334 47

183 1362 249 1403 καὶ
270 1361 493 1413 ἐπιτηδείου
515 1362 629 1402 ὄντος
652 1360 754 1416 αὐτῷ
786 1357 1107 1411 Καλλιστράτου,
1141 1359 1267 1410 ὅσπερ
1291 1356 1509 1408 ἐδήμευσεν

182 1430 232 1470 τὰ
255 1427 512 1482 Ἀντιμάχου,
535 1427 643 1469 ὥστε
667 1429 789 1479 μηδὲν
812 1428 1103 1467 ἐναντιοῦσθαι.
1161 1425 1267 1466 ὥστε
1289 1425 1331 1465 τί
1352 1424 1399 1465 ἄν
1416 1440 1510 1464 ποτε

122 1517 162 1539 20
182 1496 428 1549 βουλόμενος
454 1497 473 1536 ὃ
499 1494 625 1547 πατὴρ
651 1495 845 1546 ἐβούλετο
870 1494 1072 1544 Τιμόθεον
1095 1491 1276 1546 χρήστην
1302 1490 1510 1544 ἐγγράψας

181 1564 275 1616 ἡμῖν
322 1567 565 1609 καταλιπεῖν,
611 1564 719 1614 εἴπερ
756 1561 808 1613 μὴ
847 1561 1021 1614 ὤφειλεν
1067 1563 1182 1600 τοῦτο
1219 1559 1263 1599 τὸ
1312 1558 1508 1610 ἀργύριον,

182 1635 340 1684 μᾶλλον
365 1627 387 1682 ἢ
413 1631 482 1672 οὐκ
506 1631 550 1671 ἐκ
572 1634 650 1671 τῶν
675 1628 917 1682 Ἀντιμάχου
942 1626 1212 1679 δημευθέντων
1237 1624 1507 1678 ἐνεπισκηψά-

182 1716 301 1751 μενος
327 1699 589 1750 κομίσασθαι,·

251 1767 352 1819 Περὶ
389 1768 431 1807 δὲ
465 1770 544 1806 τῶν
578 1764 722 1819 χιλίων
758 1766 957 1818 δραχμῶν,
984 1762 1029 1805 δις
1059 1762 1289 1803 ἐδανείσατο
1316 1761 1420 1813 παρὰ
1444 1762 1511 1800 τοῦ
1531 1764 1575 1805 48

127 1852 165 1884 25
185 1832 450 1886 Ἀντιφάνους
496 1833 540 1874 ἐν
588 1833 826 1886 Καλαυρείᾳ,
877 1832 942 1872 ἵνα
988 1830 1137 1880 διαδοίη
1180 1832 1262 1870 τοῖς
1311 1828 1511 1868 Βοιωτίοις

186 1900 450 1954 τριηράρχοις,
490 1899 654 1951 μέλλων
692 1901 908 1940 καταπλεῖν
946 1898 1012 1939 ἐπὶ
1057 1898 1130 1948 τὴν
1178 1897 1321 1948 κρίσιν,
1365 1893 1411 1937 ἂς
1451 1894 1511 1934 καὶ

188 1968 389 2009 ἀπέδωκεν
420 1968 608 2022 Φιλίππῳ
637 1971 690 2022 τῷ
727 1965 932 2021 ναυκλήρῳ
970 1964 1107 2006 ἐνθάδε
1143 1964 1286 2015 λαβὼν
1318 1963 1421 2014 παρὰ
1446 1965 1512 2001 τοῦ

187 2035 335 2088 πατρὸς
358 2038 426 2075 τοῦ
451 2036 557 2086 ἐμοῦ,
584 2034 653 2075 τὸν
680 2034 868 2075 Βοιώτιον
890 2032 1091 2085 ναύαρχόν
1114 2037 1217 2085 φησι
1236 2031 1509 2075 δανείσασθαι,

189 2103 253 2144 καὶ
269 2103 473 2143 ὑποθεῖναι
491 2101 631 2143 τούτου
649 2105 717 2142 τοῦ
741 2102 925 2154 ἀργυρίου
949 2104 1002 2155 τῷ
1027 2099 1143 2151 πατρὶ
1163 2102 1216 2153 τῷ
1242 2099 1319 2152 ἐμῷ
1345 2096 1510 2150 χαλκόν.

235 2223 249 2243 1
276 2212 311 2245 ἃς
329 2213 378 2245 κα).
397 2212 421 2243 S
436 2212 541 2252 vulg„
560 2211 601 2244 cf.
623 2215 638 2250 ξ
657 2213 720 2250 48:
745 2212 794 2244 καὶ
810 2210 843 2241 Α
1002 2218 1021 2247 3
1046 2208 1153 2250 λέγει]
1172 2207 1263 2248 λέγει
1281 2207 1330 2238 καὶ
1349 2204 1387 2236 Sl
1494 2214 1510 2243 7

189 2259 287 2289 τοῦτο
303 2267 368 2288 om.
388 2255 420 2285 A
594 2266 630 2294 15
654 2258 725 2288 ἴστε
743 2256 839 2287 codd.
855 2266 862 2286 :
886 2253 966 2297 ᾗστε
984 2252 1119 2283 Bekker
1252 2261 1288 2289 17
1315 2251 1331 2281 ὅ
1347 2249 1394 2289 τι]
1413 2248 1466 2279 ὅτε
1480 2247 1512 2276 Α

190 2301 380 2333 κελεύσαιτε
400 2299 425 2329 F
441 2310 530 2331 corr.
542 2298 572 2338 Q
591 2310 598 2330 τ
623 2300 793 2331 κελεύσετε
813 2299 837 2330 S
851 2298 894 2328 F¹
910 2299 961 2328 D:
987 2297 1180 2328 ἐκελεύσατε
1196 2294 1229 2324 Α
1352 2303 1390 2332 19
1412 2291 1512 2331 μηδὲν

189 2343 243 2374 A:
266 2345 309 2384 μὴ
326 2345 352 2375 δ’
374 2343 437 2382 FQ
454 2354 462 2374 2
492 2346 556 2384 μηδ
573 2343 597 2373 S
615 2354 622 2374 :
645 2343 746 2383 μηδὲν
762 2344 801 2374 ἂν
818 2342 915 2372 BlaSS
1074 2349 1180 2380 19—20
1201 2351 1281 2369 ποτε
1297 2341 1377 2366 ante
1395 2334 1510 2371 βουλό-

189 2401 282 2428 μενος
294 2386 362 2417 AF
380 2400 446 2428 Ὑρ.,
464 2387 505 2420 cf.
524 2386 604 2417 xlvii
622 2397 664 2426 30
680 2398 687 2418 ε
712 2391 789 2426 post
806 2386 1002 2424 βουλόμενος
1020 2383 1044 2414 S
1058 2382 1088 2421 Q
1106 2394 1114 2414 t
1136 2391 1202 2413 om.
1217 2381 1242 2411 F
1351 2389 1389 2409 21
1417 2391 1511 2409 κατα-

190 2430 354 2503 λειπειιᾉὸ
469 2441 510 2460 22
534 2432 553 2469 ἢ
571 2431 641 2470 οὐκ]
661 2443 741 2462 πουκ
759 2429 783 2460 S
894 2431 935 2459 26
960 2428 995 2460 ἃς
1013 2428 1063 2459 καὶ
1082 2426 1106 2457 S
1122 2426 1213 2464 vulg.
1230 2435 1237 2455 τ
1262 2424 1312 2454 καὶ
1329 2422 1360 2451 Α
1471 2430 1510 2459 27

189 2478 234 2515 τῷ
249 2480 284 2506 Φ.
