1763 2778
128 121 230 178 xuv]
539 125 576 163 Π
586 125 656 163 ΡΟ
667 124 699 163 Σ
743 125 777 162 Α
788 125 818 161 Ε
832 124 868 161 Ω
879 124 914 161 X
924 125 954 161 A
968 124 995 161 P
1005 124 1041 160 H
1469 116 1612 171 [1092]

132 226 394 279 ἐγγραφῆναι,
426 225 599 265 εἰσποιεῖ
631 221 851 276 Λεωχάρην
886 221 954 263 τὸν
988 223 1104 262 αὑτοῦ
1138 222 1222 262 υἱὸν
1259 221 1452 277 Ἀρχιάδῃ

131 294 234 345 παρὰ
267 291 414 333 πάντας
447 291 537 333 τοὺς
570 291 723 341 νόμους,
748 291 839 343 πρὶν
872 293 941 329 τοῦ
971 289 1094 340 δήμου
1125 289 1196 339 τὴν
1222 289 1454 339 δοκιμασίαν

131 359 333 414 γενέσθαι·
368 359 437 399 οὐκ
472 358 708 411 εἰσηγμένου
745 357 777 397 δ’
803 358 857 399 εἷς
897 356 986 398 τοὺς
1030 355 1227 409 φράτεράς
1267 373 1328 395 πω
1367 356 1455 397 τοὺς

131 426 356 480 Ἀρχιάδου,
392 425 484 467 ἀλλ’
527 424 660 476 ἐπειδὴ
697 424 910 477 ἐνεγράφη,
953 427 1163 474 τηνικαῦτα
1202 424 1344 465 πείσας
1387 423 1456 463 ἕνα

93 516 110 548 5
131 496 218 535 τινὰ
246 497 324 535 τῶν
358 492 567 546 φρατέρων
599 492 820 544 ἐνέγραψεν
850 493 906 534 εἰς
929 491 973 531 τὸ
1003 490 1239 544 φρατερικὸν
1274 507 1452 546 γραμμα-

131 565 249 602 τεῖον.
321 561 383 601 καὶ
418 562 518 611 μετὰ
550 563 673 601 ταῦτα
708 565 756 616 τῇ
793 560 1047 612 διαμαρτυρίᾳ
1082 557 1176 610 πρὸς
1207 561 1260 612 τῷ
1291 557 1456 610 ἄρχοντι
1477 536 1620 616 [ξο93]

131 632 272 669 τοῦτον
299 626 562 681 ἐπιγράφεται
594 627 645 668 ὡς
680 626 764 666 υἱὸν
799 628 895 667 ὄντα
927 625 1094 678 γνήσιον
1122 628 1192 665 τοῦ
1225 630 1455 674 τετελευτη-
1476 603 1519 635 4*

133 695 244 738 κότος
281 695 347 746 ἔτη
384 694 530 740 πολλά,
567 697 638 735 τὸν
673 692 803 749 πρῴην
840 693 901 734 καὶ
930 695 1026 746 χθὲς
1056 691 1322 745 ἐγγραφέντα.
1395 692 1456 731 καὶ

132 763 345 814 συμβαίνει
369 760 617 814 ἀμφοτέρους
640 760 780 802 αὐτοὺς
798 762 867 811 τῆς
887 761 1147 811 κληρονομίας
1167 760 1455 811 ἀμφισβητεῖν·

74 851 112 872 10
131 830 154 870 ὅ
180 846 226 871 τε
247 831 323 882 γὰρ
356 829 616 880 Λεώστρατος
644 827 781 868 οὑτοσὶ
814 826 1119 879 παρακατέβαλε
1144 830 1212 866 τοῦ
1236 825 1382 877 κλήρου
1407 826 1458 868 ὡς

131 896 213 938 υἱὸς
236 895 402 949 γνήσιος
421 895 625 951 Ἀρχιάδῃ,
648 896 670 934 ὅ
692 912 735 936 τε
755 894 970 948 Λεωχάρης
990 894 1125 934 οὑτοσὶ
1151 893 1457 945 διαμεμαρτύρη-

134 980 198 1004 κεν
234 963 287 1006 ὦς
320 963 403 1004 υἱὸς
439 962 492 1003 ὢν
528 962 694 1016 γνήσιος
727 965 796 1002 τοῦ
834 963 952 1002 αὐτοῦ
987 962 1148 1013 πατρός,
1186 959 1387 1012 οὐδέτερος
1426 958 1457 999 δ’
1476 965 1520 999 43

133 1031 259 1071 αὐτῶν
298 1031 422 1080 ζῶντι,
461 1031 568 1070 ἀλλὰ
602 1029 897 1079 τετελευτηκότι
934 1030 1108 1069 εἰσποιεῖ
1146 1028 1275 1067 αὐτόν.
1347 1027 1458 1077 ἡμεῖς

132 1100 174 1138 δὲ
199 1098 362 1149 οἰόμεθα
395 1099 490 1144 δεῖν,
529 1094 558 1136 ὦ
594 1096 732 1149 ἄνδρες
769 1097 963 1141 δικασταί,
1001 1096 1160 1136 ἐπειδὰν
1197 1094 1284 1146 περὶ
1321 1094 1460 1134 τούτου

76 1185 110 1216 15
132 1168 200 1205 τοῦ
229 1165 382 1217 ἀγῶνος
409 1166 520 1216 ὑμεῖς
550 1163 622 1214 τὴν
650 1166 794 1216 ψῆφον
825 1162 1024 1215 ἐνέγκητε,
1056 1165 1268 1212 τηνικαῦτα
1304 1162 1346 1200 ἐκ
1382 1165 1459 1201 τῶν

134 1233 232 1272 κατὰ
254 1231 370 1285 γένος
396 1230 595 1284 ἐγγυτάτω
621 1231 730 1281 ἡμῶν
752 1232 944 1271 εἰσποιεῖν
969 1229 1053 1270 υἱὸν
1071 1232 1124 1284 τῷ
1150 1229 1456 1279 τετελευτηκότι,

132 1299 239 1341 ὅπως
261 1298 309 1339 ἂν
335 1299 354 1338 ὁ
381 1298 486 1340 οἶκος
508 1298 561 1349 μὴ
587 1297 824 1354 ἐξερημωθῇ.

201 1369 368 1419 Πρῶτον
394 1367 468 1417 μὲν
499 1365 579 1412 οῧν,
607 1364 637 1406 ὦ
670 1365 808 1418 ἄνδρες
837 1365 1031 1410 δικασταί,
1064 1363 1115 1406 ὡς
1143 1364 1368 1413 ἐπανῆλθεν
1405 1363 1459 1403 εἰς
1478 1374 1523 1407 44

132 1432 222 1475 τοὺς
257 1433 532 1475 Ἐλευσινίους
567 1434 611 1473 ἐκ
645 1436 724 1472 τῶν
760 1431 982 1484 Ὀτρυνέων
1024 1432 1284 1483 Λεώστρατος
1326 1430 1459 1470 οὑτοσὶ

74 1521 115 1543 20
135 1501 361 1541 καταλιπὼν
401 1502 487 1540 υἱὸν
524 1503 576 1554 τῷ
614 1498 806 1556 Ἀρχιάδῃ
848 1498 1028 1552 γνήσιον,
1069 1498 1130 1538 καὶ
1172 1498 1231 1538 ὅτι
1270 1498 1291 1536 ὁ
1333 1496 1459 1548 πατὴρ

135 1567 252 1608 αὐτοῦ
285 1568 344 1608 ἔτι
380 1567 572 1619 πρότερον
612 1565 658 1606 τὸ
696 1566 791 1607 αὐτὸ
828 1566 930 1606 τοῦτ’
969 1565 1206 1616 ἐπεποιήκει,
1249 1564 1311 1604 καὶ
1350 1564 1401 1606 ὡς
1441 1564 1461 1602 ὁ

136 1634 414 1688 καταλειφθεὶς
445 1633 562 1676 ἄπαις
593 1634 884 1684 τετελεύτηκεν,
920 1633 982 1673 καὶ
1011 1633 1063 1675 ὡς
1095 1633 1115 1672 ὁ
1146 1635 1216 1673 νῦν
1248 1634 1460 1683 διαμεμαρ-

133 1702 306 1754 τυρηκὼς
340 1702 532 1754 πρότερον
567 1702 624 1744 εἰς
657 1701 747 1743 τοὺς
785 1701 953 1751 δημότας
988 1696 1012 1750 ἦ
1043 1701 1096 1741 εἰς
1131 1699 1222 1741 τοὺς
1262 1698 1461 1751 φράτερας

134 1768 348 1822 ἐνεγράφη,
391 1769 539 1809 τούτων
579 1769 670 1819 ὑμῖν
712 1770 781 1810 τὰς
823 1771 902 1808 τῶν
933 1766 1143 1820 φρατέρων
1181 1766 1242 1806 καὶ
1277 1767 1347 1807 τὰς
1383 1768 1461 1805 τῶν

76 1858 113 1889 25
135 1838 314 1887 δημοτῶν
349 1835 560 1888 μαρτυρίας
595 1836 883 1888 ἀναγνώσεται,
923 1835 986 1875 καὶ
1020 1838 1098 1874 τῶν
1133 1833 1270 1873 ἄλλων
1307 1834 1348 1873 δὲ
1381 1835 1461 1872 τῶν

135 1902 361 1955 εἰρημένων,
387 1904 443 1944 ὧν
467 1902 574 1943 οὗτοι
598 1901 875 1952 πεποιήκασιν,
901 1901 1086 1943 ἁπάντων
1111 1902 1202 1952 ὑμῖν
1225 1901 1295 1941 τὰς
1319 1916 1461 1951 μαρτυ-

133 1971 222 2023 ρίας
263 1969 349 2011 καθ’
387 1970 430 2011 ἓν
476 1970 648 2011 ἕκαστον
694 1968 925 2022 παρέξομαι.
999 1969 1064 2009 καί
1097 1984 1165 2020 μοι
1212 1966 1325 2008 κάλει
1371 1966 1461 2007 τοὺς

134 2036 331 2090 μάρτυρας
356 2038 472 2090 δευρί.

180 2155 245 2185 3-4
268 2147 343 2179 τοὺς
359 2149 405 2178 Ἀ.
426 2145 548 2177 BlaSS:
572 2149 630 2178 τοῦ
650 2148 694 2178 Ἀ.
714 2147 811 2177 codd.
935 2156 954 2185 5
980 2146 1054 2178 τινὰ
1070 2155 1135 2176 om.
1157 2143 1224 2183 FQ
1346 2144 1367 2173 6
1389 2141 1462 2184 (τῇ)

137 2191 214 2231 πρὸς
232 2190 330 2221 Blass
475 2200 492 2228 7
519 2191 729 2231 ἐπιγράφεται
748 2190 886 2229 Lipsius
903 2201 910 2220 :
935 2191 1030 2230 ἀπινγ.
1049 2189 1149 2219 codd.
1303 2197 1342 2217 10
1364 2200 1460 2226 παρα-

138 2233 303 2270 κατέβαλε
318 2234 371 2264 A:
397 2234 686 2274 παρακατεβάλετο
706 2233 766 2264 SF
780 2234 810 2272 Q
925 2243 962 2262 12
989 2235 1028 2265 ὡς
1045 2242 1110 2262 om.
1129 2231 1160 2261 A
1274 2241 1311 2269 14
1337 2230 1461 2268 οἰόμεθα

139 2276 274 2307 Dobree
292 2288 299 2307 :
323 2276 441 2318 ᾠόμεθα
458 2278 556 2307 codd.
672 2287 775 2316 14—15
802 2278 928 2308 ἐπειδὰν
944 2300 950 2308 ,
971 2300 979 2307 .
999 2299 1006 2307 .
1025 2274 1224 2315 ἐνέγκητεΑ
1242 2286 1249 2304 t
1275 2274 1381 2310 ἐπειδὴ
1398 2297 1405 2304 ·
1425 2296 1431 2303 ·
1450 2294 1458 2302 ·

137 2320 297 2360 ἠνέγκατε
316 2320 339 2350 S
353 2320 379 2350 F
394 2321 424 2359 Q
440 2321 470 2350 D
584 2329 621 2359 15
646 2322 732 2357 ὑμεῖς
748 2331 813 2351 om.
831 2320 862 2350 A
977 2321 1015 2349 16
1039 2320 1125 2357 ἡμῶν
1142 2318 1282 2355 Seager,
1302 2317 1343 2346 cf.
1365 2319 1379 2352 §
1394 2317 1436 2345 66
1453 2325 1460 2345 ε

138 2364 213 2403 ἡμῖν
238 2363 353 2402 vulg-2
386 2365 464 2403 ὑμᾶς
480 2362 512 2393 Α
652 2374 694 2394 2ο
718 2366 903 2396 καταλιπὼν
931 2363 1047 2393 codd.:
1080 2363 1304 2401 ἐγκαταλιπὼν
1333 2358 1460 2388 ReiSke

138 2408 155 2438 ὁ
171 2417 235 2437 οῐη.
255 2406 280 2437 S
379 2416 418 2437 21
445 2409 460 2438 ὁ
479 2416 544 2437 om.
564 2406 596 2436 A
694 2417 734 2436 22
761 2408 1026 2447 ἐγκαταλειφθεὶς
1043 2405 1170 2436 Reiske
1275 2414 1314 2441 24
1340 2403 1413 2441 ἡμῖν
1429 2401 1460 2430 Α

137 2459 178 2488 25
203 2449 237 2481 δὲ
252 2453 317 2482 τῶν
331 2449 382 2481 A:
406 2453 471 2482 τῶν
486 2454 565 2480 cett.
