1763 2778
102 147 231 203 [1137]
305 146 826 204 [ΔΙ-ΙΜΟΣΘΕΝΟΎΣ]
858 154 1021 192 ΚΑΤΑ
1059 154 1393 194 ΣΤΕΦΑΝΟΎ
1423 157 1453 194 Β
1477 150 1579 207 [κινι

250 264 524 316 ἐργαστηρίου,
550 262 759 317 Στέφανον
785 266 826 305 δὲ
849 263 1004 304 τουτονὶ
1033 265 1081 304 τὰ
1105 267 1232 317 ψευδῆ
1259 266 1580 317 μεμαρτυρηκότα

248 330 311 370 καὶ
335 330 440 383 παρὰ
463 331 533 372 τὸν
557 331 691 383 νόμον.

184 405 227 440 28
308 397 448 448 ’Ἄξιον
473 400 619 445 τοίνυν,
644 397 674 439 ‹T›
705 398 843 451 ἄνδρες
875 399 1071 445 δικασταί,
1100 398 1162 439 καὶ
1187 399 1276 440 τόδε
1301 400 1578 451 ἐνθυμηθῆναι,

247 464 307 505 ὅτι
347 464 533 516 διαθήκης
571 464 696 508 οὐδεὶς
737 466 895 507 πώποτε
938 467 1164 519 ἀντίγραφα
1205 465 1434 516 ἐποιήσατο,
1473 467 1579 507 ἀλλὰ

248 536 492 586 συγγραφῶν
518 532 602 584 μέν,
631 534 697 574 ἵνα
719 534 856 574 εἰδῶσι
885 533 948 574 καὶ
974 533 1028 585 μὴ
1065 534 1356 585 παραβαίνωσι,
1383 536 1578 584 διαθηκῶν
1598 550 1615 581 5

246 601 286 639 δὲ
313 599 369 640 οὔ.
439 600 579 640 τούτου
605 602 680 653 γὰρ
704 600 818 641 ἕνεκα
841 597 1291 652 <κατασεσημασμέιιάς>
1317 602 1575 642 καταλείπου-

247 683 313 706 σιν
338 667 374 707 οἰ
400 666 674 718 διατιθέμενοι,
700 668 765 708 ἵνα
789 667 923 719 μηδεὶς
945 667 1025 724 εἰδῇ
1051 668 1074 707 ἃ
1100 668 1349 707 διατίθενται.
1404 671 1485 709 πῶς
1510 668 1578 708 οὖν

244 733 354 783 ὑμεῖς
376 735 464 775 ἴστε
489 734 550 774 ὅτι
575 734 803 787 ἀντίγραφά
826 736 937 775 ἐστιν
957 738 1035 774 τῶν
1055 736 1249 785 διαθηκῶν
1267 738 1345 775 τῶν
1365 736 1578 777 Πασίωνος

245 801 295 840 τὰ
317 801 360 841 ἐν
385 803 438 856 τῷ
463 802 713 856 γραμματείῳ
739 801 1012 854 γεγραμμένα;

314 866 468 919 Δέομαι
485 868 552 909 οὖν
573 870 681 920 ὑμῶν
701 868 899 915 ἁπάντων,
917 867 946 909 ῶ
966 868 1103 921 ἄνδρες
1123 870 1317 918 δικασταί,
1335 869 1398 909 καὶ
1419 869 1577 909 ἱκετεύω
1602 886 1638 908 10

245 937 452 986 βοηθῆσαι
472 937 547 987 μὲν
573 937 672 987 ἐμοί,
693 935 997 988 τιμωρήσασθαι
1022 938 1063 976 δὲ
1089 935 1179 977 τοὺς
1204 937 1368 987 ἑτοίμως
1389 937 1511 978 οὕτως
1530 937 1579 976 τὰ

245 1004 375 1055 ψευδῆ
399 1007 704 1056 μαρτυροῦντας,
730 1004 830 1056 ὑπέρ
859 1019 903 1044 τε
930 1004 1038 1055 ὑμῶν
1062 1003 1189 1043 αὐτῶν
1215 1003 1278 1043 καὶ
1303 1004 1397 1055 ἐμοῦ
1423 1003 1484 1044 καὶ
1509 1006 1578 1044 τοῦ

246 1070 397 1110 δικαίου
421 1069 486 1110 καὶ
508 1074 586 1111 τῶν
611 1071 754 1122 νόμων.

289 1189 310 1218 4
334 1179 485 1218 διαθήκης
503 1179 526 1211 S
538 1178 568 1219 Q
584 1180 614 1210 D
630 1190 638 1211 ε
661 1181 811 1219 διαθήκας
825 1180 851 1211 F
866 1191 874 1211 τ
899 1182 1053 1219 διαθηκῶν
1065 1189 1131 1218 mg.
1147 1179 1225 1210 edit.
1243 1178 1347 1210 Paris.
1436 1179 1459 1210 6
1481 1191 1580 1212 κατα-

246 1222 496 1264 σεσημασμένας
512 1229 588 1264 post
607 1224 782 1255 Reiskium
801 1225 915 1254 addidi
1051 1233 1090 1253 10
1113 1223 1167 1254 οὖν
1184 1222 1213 1261 Q
1231 1236 1280 1264 γρ.
1299 1234 1307 1254 z
1331 1222 1365 1255 δὲ
1380 1227 1459 1255 cett.

291 1266 330 1297 In
348 1266 374 1298 S
391 1268 614 1307 subscriptum

567 1317 674 1344 ΚΑΤΑ
697 1316 816 1345 ΣΤΕψα
843 1315 1212 1344 ψΕτΔοΜΑΡΤτΡιΩΝ
1237 1307 1260 1342 1’3
