1763 2778
177 118 254 173 m]
488 123 649 161 RATA
700 123 1200 160 ΔιοΝτΣοΔοΡοΥ

244 222 343 273 Περὶ
367 223 439 272 μὲν
463 221 530 261 οὖν
555 221 702 261 τούτων
729 220 841 262 ἱκανά
864 237 932 270 μοι
955 224 1004 260 τὰ
1029 220 1226 273 εἰρημένα·
1251 221 1340 273 περὶ
1360 223 1402 262 δὲ
1425 225 1502 261 τῶν

176 291 406 334 δανειστῶν,
449 288 516 329 οὕς
553 293 658 340 φασι
689 287 1035 340 συγκεχωρηκέναι
1062 291 1208 335 λαβεῖν
1245 287 1336 339 παρ’
1376 288 1503 328 αὐτῶν

175 354 265 397 τοὺς
287 356 342 397 εἰς
365 354 500 396 Ῥόδον
520 355 670 401 τόκους,
692 354 780 395 ἔστι
803 357 877 406 μὲν
901 354 1022 395 οὐδὲν
1039 354 1136 407 πρὸς
1162 355 1261 405 ἡμᾶς
1286 359 1412 395 τοῦτο.
1470 356 1502 395 εἰ

176 421 251 474 γάρ
277 438 336 465 τις
358 423 450 473 ὑμῖν
473 421 627 474 ἀφῆκέν
651 439 688 462 τι
722 426 801 462 τῶν
832 423 964 468 αὑτοῦ,
1003 421 1114 462 οὐδὲν
1152 422 1340 462 ἀδικεῖται
1371 420 1453 461 οὔθ’
1482 422 1502 461 ὁ

137 503 156 536 5
177 487 268 531 δοὺς
293 488 375 529 οὔθ’
399 489 420 529 ὁ
456 489 609 531 πείσας·
648 488 741 529 ἀλλ’
775 488 888 540 ἡμεῖς
922 487 1003 529 οὔτ’
1042 488 1260 541 ἀφείκαμέν
1289 505 1355 529 σοι
1390 488 1503 529 οὐδὲν

177 556 267 597 οὔτε
304 554 661 609 συγκεχωρήκαμεν
697 560 750 611 τῷ
782 560 869 611 πλῷ
906 559 958 610 τῷ
990 557 1045 598 εἰς
1081 555 1230 602 Ῥόδον,
1271 555 1352 595 οὐδ’
1390 556 1502 596 ἐστὶν

175 623 267 675 ἡμῖν
292 623 407 664 οὐδὲν
443 623 674 675 κυριώτερον
706 626 777 674 τῆς
804 625 1056 676 συγγραφῆς.
1126 623 1222 673 αὕτη
1252 624 1293 663 δὲ
1326 623 1367 663 τί
1393 622 1504 676 λέγει

177 691 240 732 καὶ
276 694 346 731 ποῖ
383 689 620 742 προστάττει
657 690 726 731 τὸν
766 694 894 731 πλοῦν
931 692 1150 736 ποιεῖσθαι;
1190 688 1408 740 Ἀθήνηθεν
1445 691 1503 732 εἷς

176 759 375 810 Αἴγυπτον
401 758 464 799 καὶ
488 756 535 808 ἐξ
556 758 757 810 Αἰγύπτου
783 759 836 799 εἰς
863 757 1047 809 Ἀθήνας·
1085 758 1118 798 εἰ
1144 759 1185 797 δὲ
1208 756 1274 808 μή,
1301 757 1502 798 ἀποτίνειν

117 839 156 861 10
177 825 329 866 κελεύει
362 823 556 865 διπλάσια
589 826 638 865 τὰ
673 824 866 878 χρήματα.
937 828 1055 864 ταῦτα
1091 825 1125 865 εἰ
1162 826 1233 876 μὲν
1272 825 1500 874 πεποίηκας,

175 891 291 932 οὐδὲν
325 892 483 938 ἀδικεῖς,
512 893 544 932 εἰ
571 894 612 932 δὲ
648 891 700 943 μὴ
731 893 950 942 πεποίηκας
977 894 1075 943 μηδὲ
1102 891 1407 942 κατακεκόμικας
1431 890 1502 942 τὴν

175 963 270 1000 ναῦν
294 958 498 1010 Ἀθήναζε,
523 958 717 1011 προσήκει
740 976 789 1000 σε
815 959 1044 1010 ζημιοῦσθαι
1068 963 1121 1014 τῷ
1156 960 1334 1014 ἐπιτιμίῳ
1369 963 1421 1013 τῷ
1462 960 1503 1000 ἐκ

176 1028 246 1077 τῆς
283 1028 532 1079 συγγραφῆς·
569 1030 684 1066 τοῦτο
725 1027 801 1079 γὰρ
840 1025 886 1067 τὸ
920 1028 1071 1067 δίκαιον
1103 1026 1171 1066 οὐκ
1201 1026 1324 1068 ἄλλος
1362 1025 1500 1072 οὐδείς,

177 1092 269 1133 ἀλλ’
295 1093 410 1136 αὐτὸς
445 1092 497 1135 σὺ
525 1097 658 1148 σαυτῷ
693 1093 853 1145 ὥρισας.
925 1092 1055 1144 δεῖξον
1081 1093 1151 1134 οὖν
1184 1097 1267 1136 τοῖς
1298 1096 1503 1134 δικασταῖς

117 1174 154 1208 15
177 1163 285 1201 δυοῖν
309 1159 484 1213 θάτερον,
511 1157 533 1211 ἢ
554 1160 626 1211 τὴν
652 1159 904 1213 συγγραφήν,
933 1160 983 1202 ὡς
1017 1160 1084 1200 οὐκ
1114 1160 1226 1201 ἔστιν
1252 1160 1346 1212 ἡμῖν
1380 1161 1503 1212 κυρία,

176 1223 201 1278 ἢ
226 1227 278 1270 ὡς
301 1226 345 1268 οὗ
370 1229 517 1270 δίκαιος
543 1228 578 1269 εἶ
600 1226 729 1268 πάντα
747 1229 846 1268 κατὰ
870 1228 1014 1278 ταύτην
1040 1227 1238 1280 πράττειν.
1283 1229 1315 1267 εἰ
1341 1226 1383 1267 δέ
1401 1244 1503 1268 τινες

177 1294 394 1347 ἀφείκασίν
419 1296 460 1336 τί
482 1311 550 1336 σοι
575 1295 637 1335 καὶ
653 1293 1010 1348 συγκεχωρήκασιν
1028 1294 1118 1336 τοὺς
1138 1296 1192 1336 εἰς
1211 1293 1347 1335 Ῥόδον
1364 1295 1502 1336 τόκους

177 1361 402 1417 ὁτῳδήποτε
423 1362 553 1417 τρόπῳ
575 1361 817 1409 πεισθέντες,
845 1364 909 1402 διὰ
933 1366 1053 1403 ταῦτα
1079 1362 1191 1402 οὐδὲν
1214 1362 1359 1403 ἀδικεῖς
1387 1361 1500 1412 ἡμᾶς,

176 1429 241 1471 οὓς
277 1428 717 1482 παρασυγγεγράφηκας
754 1430 808 1472 εἷς
840 1428 979 1470 Ῥόδον
1014 1430 1247 1482 καταγαγὼν
1282 1428 1354 1480 τὴν
1387 1431 1502 1476 ναῦν,·

117 1511 158 1535 20
177 1496 244 1537 οὐκ
270 1497 402 1547 οἴομαί
424 1513 482 1549 γε·
519 1496 564 1537 οὐ
596 1498 671 1549 γὰρ
697 1498 745 1537 τὰ
762 1494 832 1550 ὑφ’
857 1496 1002 1548 ἑτέρων
1035 1496 1372 1549 συγκεχωρημένα
1396 1495 1501 1536 δικά-

179 1564 311 1614 ζουσιν
337 1564 444 1604 οὗτοι
469 1568 551 1611 νῦν,
577 1564 684 1604 ἀλλὰ
709 1566 757 1604 τὰ
782 1563 847 1604 ὑπ’
873 1563 990 1604 αὐτοῦ
1011 1568 1084 1604 σοῦ
1114 1563 1208 1615 πρὸς
1228 1564 1327 1615 ἡμᾶς
1357 1580 1501 1615 συγγε-

177 1630 392 1684 γραμμένα.
463 1632 548 1672 ἐπεὶ
574 1632 634 1671 ὅτι
659 1647 704 1683 γε
729 1631 791 1671 καὶ
816 1634 860 1671 τὸ
886 1632 974 1683 περὶ
997 1631 1069 1682 τὴν
1088 1630 1236 1683 ἄφεσιν
1261 1634 1339 1671 τῶν
1363 1631 1501 1678 τόκων,

179 1699 214 1739 εἰ
236 1697 311 1750 ἄρα
335 1698 502 1751 γέγονεν
526 1698 578 1740 ὡς
603 1698 709 1738 οὗτοι
724 1698 928 1751 λέγουσιν,
949 1699 1047 1750 μετὰ
1062 1701 1129 1738 τοῦ
1146 1697 1421 1751 συμφέροντος
1436 1699 1504 1738 τοῦ

179 1768 255 1806 τῶν
281 1768 497 1806 δανειστῶν
521 1765 676 1818 γέγονε,
702 1768 827 1807 πᾶσιν
850 1766 940 1817 ὑμῖν
971 1766 1146 1819 φανερόν
1172 1767 1296 1806 ἐστιν.
1369 1766 1405 1806 οἱ
1429 1766 1504 1817 γὰρ

119 1846 158 1878 25
179 1833 222 1873 ἐκ
246 1835 315 1884 τῆς
341 1832 542 1885 Αἰγύπτου
565 1834 818 1876 δανείσαντες
844 1833 996 1875 τούτοις
1027 1833 1264 1886 ἑτερόπλουν
1295 1832 1504 1885 τάργύριον

179 1900 235 1942 εἰς
258 1898 441 1950 Ἀθήνας,
468 1899 519 1942 ὡς
545 1900 736 1952 ἀφίκοντο
763 1901 816 1943 εἷς
842 1899 913 1951 τὴν
928 1899 1065 1942 Ῥόδον
1091 1901 1153 1941 καὶ
1178 1899 1248 1951 τὴν
1265 1903 1358 1941 ναῦν
1376 1900 1505 1940 ἐκεῖσε

179 1966 287 2008 οὗτοι
315 1967 591 2019 κατεκόμισαν,
619 1967 732 2008 οὐδὲν
765 1967 873 2019 οἶμαι
909 1966 1089 2020 διέφερεν
1125 1967 1254 2008 αὐτοῖς
1291 1965 1505 2019 ἀφεμένοις

180 2037 257 2075 τῶν
286 2034 412 2075 τόκων
437 2034 500 2075 καὶ
525 2034 804 2086 κομισαμένοις
838 2037 882 2075 τὸ
919 2034 1074 2076 δάνειον
1099 2036 1142 2076 ἐν
1166 2040 1213 2092 τῇ
1239 2034 1356 2089 Ῥόδῳ
1382 2032 1506 2075 πάλιν

224 2153 243 2173 2
268 2143 550 2185 σεσυγχωρηκέναι
568 2143 593 2174 S
751 2154 814 2182 4-5
841 2145 904 2175 οὔθ’
922 2146 938 2176 ὁ
956 2145 1026 2176 δοὺς
1043 2141 1107 2176 οὔθ’
1127 2146 1143 2176 ὃ
1159 2144 1271 2176 πείσας
1289 2143 1374 2185 F7p.
1389 2142 1418 2181 Q
1430 2156 1481 2183 γρ.
1497 2152 1505 2173 t

181 2188 198 2218 6
210 2189 348 2219 πεισθεὶς
359 2189 378 2225 ἢ
391 2190 407 2219 6
420 2188 533 2219 πείσας
547 2187 571 2218 S
583 2187 671 2227 vulg.
692 2198 699 2218 ε
720 2189 735 2219 6
747 2189 885 2219 πεισθείς
900 2187 1055 2218 Bekker:
1079 2188 1142 2219 οὔθ’
1155 2190 1172 2219 ὃ
1183 2189 1253 2219 δοὺς
1267 2189 1330 2219 οὔθ’
1342 2190 1357 2219 ὁ
1368 2186 1505 2218 πεισθείς

182 2229 311 2261 Reiske
421 2240 440 2269 5
465 2232 639 2272 ἀφείκαμεν
655 2231 680 2261 S
694 2241 701 2260 Ξ
726 2232 894 2271 ἀφήκαμεν
910 2230 997 2270 vulg.
1123 2240 1140 2269 7
1165 2232 1351 2271 κυριώτερον
1368 2230 1459 2261 οὐδὲν
1474 2228 1506 2257 Λ

184 2283 221 2311 14
247 2274 286 2305 σὺ
300 2283 364 2304 om.
382 2272 414 2303 A
505 2276 544 2304 16
560 2276 616 2306 οὐκ
634 2274 662 2305 εἶ
672 2275 788 2306 δίκαιος
799 2274 830 2302 Λ
922 2284 958 2313 17
978 2275 1170 2316 ἀφήκασι(ν)
1184 2275 1281 2305 codd.
1376 2284 1414 2312 19
1427 2282 1504 2303 num

180 2316 260 2358 (εἷς)
275 2317 327 2349 οὓς
348 2317 587 2347 scribendum?
700 2317 1060 2359 παρασυγγεγράφηκας
1086 2318 1111 2348 S
1133 2317 1222 2357 vulg.
1241 2318 1282 2348 cs.
1306 2316 1424 2347 Pollux
1449 2315 1505 2345 viii

185 2370 256 2398 140,
275 2360 371 2391 Tebt.
391 2360 471 2399 Pap.
494 2370 565 2399 105.
585 2370 625 2398 34
643 2371 650 2390 z
682 2360 974 2402 παραγεγράφηκας
997 2360 1029 2390 A
1096 2360 1246 2401 κατάγων
1262 2359 1293 2389 A
1404 2370 1444 2389 22
1468 2360 1506 2390 τὸ

181 2414 245 2433 om.
260 2402 291 2432 A
304 2404 334 2433 D
394 2413 436 2441 23
460 2403 547 2435 οὗτοι
558 2414 623 2434 om.
634 2403 665 2432 A
755 2414 795 2443 27
821 2403 1031 2445 ἀφεμένοιςΑ
1047 2414 1055 2434 :
1078 2404 1241 2445 ἀφιμένοις
1255 2404 1280 2435 S
1297 2414 1304 2433 ι
1328 2402 1506 2444 ἀφειμένοις

181 2447 208 2478 F
222 2446 252 2485 Q
268 2446 298 2476 D
431 2447 472 2477 28
495 2450 552 2479 τοῦ
567 2446 665 2479 τόκου
680 2445 713 2477 Α

1522 121 1664 174 [1290]

1523 227 1568 262 26

1525 421 1657 476 [1291]

1525 638 1566 673 27
