1763 2778
108 137 184 192 LXI]
614 142 932 179 ΕΡΩΤΙΚΟΣ
1458 135 1590 190 [1413]

108 239 196 282 ποτ’
221 239 269 281 ἂν
292 240 600 291 βουληθείημεν,
627 242 696 291 τῆς
719 242 791 291 μὲν
821 240 993 281 διανοίας
1014 238 1078 279 ἐπὶ
1106 242 1176 279 τοῦ
1206 237 1342 291 λέγειν
1376 239 1438 278 καὶ

107 307 376 359 βουλεύεσθαι
405 306 657 360 τεταγμένης,
691 310 760 358 τῆς
794 309 835 348 δὲ
862 308 1112 360 φιλοσοφίας
1141 305 1325 357 ἑκατέρου
1347 306 1435 346 τού-

107 392 186 415 των
228 375 432 426 ἐμπειρίαν
472 374 775 426 παραδιδούσης,
813 373 866 425 μὴ
909 374 1055 425 ταύτην
1101 376 1319 426 κατασχεῖν
1366 372 1438 422 τὴν

108 441 391 495 πραγματείαν,
428 440 477 481 δι’
513 441 557 491 ἧς
593 441 828 493 ἀμφοτέρων
864 441 1011 481 τούτων
1049 441 1244 492 ἐγκρατῶς
1277 439 1436 491 ἕξομειτ

70 524 87 554 5
107 509 197 550 τότε
220 510 297 561 γὰρ
321 507 423 550 εἰκὸς
448 508 509 548 καὶ
529 507 597 549 τὸν
616 510 710 559 βίον
728 508 838 559 ἡμῶν
856 509 1052 560 μεγίστην
1071 509 1252 547 ἐπίδοσιν
1276 510 1435 558 λαβεῖν,

107 576 203 616 ὅταν
231 579 310 616 τῶν
343 576 562 627 κρατίστων
591 575 824 627 ὀρεγόμενοι
856 576 904 614 τὰ
929 577 1003 625 μὲν
1036 576 1196 614 διδακτὰ
1228 574 1362 630 τέχνῃ,
1390 576 1437 614 τῖι

107 645 151 685 δὲ
171 645 294 684 λοιπὰ
318 644 519 697 γυμνασίᾳ
543 641 605 682 καὶ
631 644 820 696 συνηθείᾳ
845 645 1061 695 κατασχεῖν
1086 644 1324 692 δυνηθῶμεν.
1394 642 1438 681 οὐ
1456 652 1502 686 42

105 711 180 763 γὰρ
205 708 328 760 δήπου
353 709 469 750 τοῦτό
492 708 529 762 γ’
552 709 665 750 ἔστιν
691 711 826 755 εἰπεῖν,
855 709 906 751 ὡς
929 709 1043 749 οὐδὲν
1067 708 1164 761 πρὸς
1195 708 1240 748 τὸ
1273 712 1436 761 φρονεῖν

106 777 148 818 εὓ
172 779 277 830 παρὰ
302 776 372 827 τὴν
397 775 618 828 ἐπιστήμην
641 776 881 829 διαφέρομεν
907 775 1111 826 ἀλλήλων·
1147 776 1250 817 ὅλως
1273 777 1346 827 μὲν
1361 774 1437 828 γὰρ

48 864 88 887 10
107 843 244 885 ἅπασα
275 844 398 896 φύσις
429 846 606 896 βελτίων
629 845 809 897 γίγνεται
840 844 1021 884 παιδείαν
1047 846 1343 895 προσλαβοῦσα
1366 842 1437 892 τὴν

106 910 400 963 προσήκουσαν,
426 911 527 952 πολὺ
554 914 596 952 δὲ
617 910 782 962 μάλισθ’
808 912 922 953 ὅσαις
946 910 993 961 ἐξ
1015 912 1137 964 ἀρχῆς
1172 910 1436 962 εὐφυέστερον
1459 911 1592 965 [1414]

105 983 183 1019 τῶν
198 978 333 1019 ἄλλων
350 979 458 1032 ἔχειν
473 977 658 1030 ὑπῆρξεν·
677 982 762 1020 ταῖς
778 981 850 1029 μὲν
866 980 941 1030 γὰρ
958 979 1085 1018 αὑτῶν
1099 977 1438 1029 μόνονβελτίοσιν

106 1047 328 1098 γίγνεσθαι,
345 1049 431 1088 ταῖς
446 1048 488 1086 δὲ
509 1045 572 1086 καὶ
588 1049 667 1086 τῶν
683 1045 820 1086 ἄλλων
839 1046 1055 1096 συμβαίνει
1071 1047 1299 1096 διενεγκεῖν.
1338 1044 1378 1084 εὗ
1404 1044 1436 1083 δ’
1456 1056 1502 1091 43

106 1115 193 1154 ἴσθι
223 1112 294 1163 τὴν
325 1114 398 1164 μὲν
429 1113 472 1153 ἐκ
504 1116 583 1153 τῶν
611 1112 792 1164 πράξεων
828 1113 1032 1165 ἐμπειρίαν
1065 1111 1302 1164 γιγνομένην
1328 1117 1434 1163 σφα-
1482 1158 1485 1161 ¹

50 1201 86 1232 15
105 1182 227 1232 λερᾶν
251 1180 375 1221 οὖσαν
402 1180 464 1221 καὶ
488 1180 586 1232 πρὸς
610 1179 679 1220 τὸν
702 1179 846 1220 λοιπὸν
875 1182 969 1231 βίον
1003 1178 1214 1232 ἀχρήστως
1247 1179 1434 1232 ἔχουσαν,

106 1247 178 1298 τὴν
217 1246 252 1287 δ’
294 1248 337 1288 ἐκ
375 1251 444 1288 τοῦ
486 1251 732 1301 φιλοσοφεῖν
777 1248 957 1287 παιδείαν
998 1246 1096 1298 πρὸς
1136 1246 1290 1286 ἅπαντα
1330 1244 1436 1286 ταῦτ’

108 1315 293 1367 εὐκαίρως
319 1314 650 1367 συγκεκραμένην.
713 1316 840 1355 καίτοι
865 1316 969 1355 τινὲς
993 1313 1064 1365 ἤδη
1094 1313 1155 1353 καὶ
1180 1312 1227 1354 δι’
1255 1313 1438 1366 εὐτυχίαν

107 1381 347 1435 πραγμάτων
375 1382 668 1434 γυμνασθέντες
704 1381 1028 1433 ἐθαυμάσθησαν·
1067 1382 1132 1421 σοὶ
1169 1383 1211 1421 δὲ
1246 1379 1437 1432 προσήκει

106 1449 253 1490 τούτων
287 1451 359 1500 μὲν
398 1453 673 1502 καταφρονεῖν,
713 1453 860 1490 σαυτοῦ
901 1448 933 1488 δ’
972 1448 1198 1499 ἐπιμέλειαν
1235 1448 1354 1500 ἔχειν·
1393 1445 1437 1486 οὗ

48 1538 89 1560 20
107 1518 182 1569 γὰρ
228 1515 562 1569 αὐτοσχεδιάζειν,
612 1516 703 1557 ἀλλ’
747 1517 993 1557 ἐπίστασθαί
1035 1533 1084 1556 σε
1127 1519 1186 1555 δεῖ
1230 1515 1318 1566 περὶ
1360 1517 1438 1554 τῶν

107 1584 320 1636 μεγίστων,
354 1583 434 1624 οὐδ’
460 1584 524 1624 ἐπὶ
556 1588 635 1624 τῶν
670 1588 812 1636 καιρῶν
841 1585 1026 1634 μελετᾶν,
1053 1582 1144 1623 ἀλλ’
1175 1582 1438 1634 ἀγωνίζεσθαι

108 1654 238 1692 καλῶς
262 1651 515 1691 ἐπίστασθαι.
585 1651 719 1702 νόμιζε
744 1653 785 1691 δὲ
819 1654 954 1691 πᾶσαν
983 1653 1054 1701 μὲν
1082 1649 1154 1700 τὴν
1187 1650 1438 1701 φιλοσοφίαν
1456 1665 1502 1700 44

106 1717 263 1770 μεγάλα
304 1718 396 1760 τοὺς
435 1717 661 1771 χρωμένους
700 1719 886 1771 ὠφελεῖν,
932 1717 1034 1757 πολὺ
1075 1719 1117 1757 δὲ
1154 1716 1332 1768 μάλιστα
1367 1714 1437 1765 τὴν

107 1786 196 1838 περὶ
231 1786 300 1827 τὰς
335 1785 496 1838 πράξεις
533 1785 594 1825 καὶ
629 1786 718 1827 τοὺς
754 1785 981 1826 πολιτικοὺς
1017 1784 1162 1836 λόγους
1201 1781 1436 1834 ἐπιστήμην.

49 1867 86 1897 25
107 1854 177 1902 τῆς
211 1853 287 1904 γὰρ
320 1853 560 1905 γεωμετρίας
597 1854 658 1893 καὶ
691 1855 759 1903 τῆς
793 1852 919 1902 ἄλλης
948 1854 1016 1902 τῆς
1048 1852 1228 1901 τοιαύτης
1260 1851 1438 1891 παιδείας

108 1919 277 1971 ἀπείρως
307 1921 379 1970 μὲν
410 1920 519 1973 ἔχειν
551 1921 734 1974 αἰσχρόν,
767 1920 885 1971 ἄκρον
920 1919 950 1959 δ’
988 1918 1212 1970 ἀγωνιστὴν
1248 1916 1437 1970 γενέσθαι

107 1987 384 2039 ταπεινότερον
409 1989 478 2037 τῆς
503 1989 576 2038 σῆς
602 1986 725 2038 ἀξίας·
764 1988 806 2027 ἐν
833 1987 960 2042 ἐκείνῃ
987 1988 1029 2026 δὲ
1053 1989 1097 2025 τὸ
1121 1988 1193 2036 μὲν
1223 1987 1437 2036 διενεγκεῖν

110 2053 297 2104 ζηλωτόν,
323 2053 367 2093 τὸ
400 2053 432 2093 δ’
465 2053 627 2106 ἄμοιρον
659 2053 849 2107 γενέσθαι
884 2056 1085 2093 παντελῶς
1124 2051 1435 2104 καταγέλαστον.

108 2121 243 2173 γνοίης
269 2120 302 2161 δ’
326 2120 374 2161 ἂν
400 2120 448 2172 ἐξ
467 2120 604 2162 ἄλλων
632 2138 674 2162 τε
704 2125 879 2166 πολλῶν,
908 2120 969 2160 καὶ
1004 2118 1316 2172 παραθεωρήσας
1347 2117 1437 2159 τοὺς
1456 2130 1500 2165 45

155 2239 215 2259 1-2
238 2229 449 2267 βουλεύεσθαι
465 2231 517 2262 καὶ
534 2229 646 2271 λέγειν
663 2240 688 2269 Γ,
711 2229 750 2261 cf.
769 2229 790 2260 ii
808 2239 851 2268 30
955 2238 972 2268 7
992 2229 1153 2270 ’γυμνασίᾳ
1166 2228 1189 2258 S
1203 2228 1234 2258 Y
1247 2237 1263 2258 r
1277 2228 1306 2257 D
1323 2238 1332 2258 t
1357 2228 1433 2258 add.

107 2274 168 2305 τινὶ
179 2273 268 2312 vu1g.
373 2284 394 2313 9
411 2273 509 2314 ὅλως]
523 2275 598 2305 ὅλον
616 2274 639 2304 S
743 2283 847 2312 12-13
862 2275 951 2305 ταῖς.
968 2296 974 2303 .
991 2297 998 2304 .
1012 2275 1084 2305 ταῖς
1101 2273 1209 2302 codex
1227 2271 1330 2302 Coisl.
1348 2280 1412 2310 339
1429 2282 1435 2301 :

108 2319 176 2348 τοῖς
189 2340 197 2348 .
213 2341 220 2348 .
235 2339 243 2347 .
257 2320 326 2349 ταῖς
344 2317 368 2348 S
389 2319 457 2356 (me
474 2318 575 2357 teste)
598 2316 646 2347 D:
671 2319 736 2349 τοῖς
748 2340 755 2347 .
771 2341 776 2347 .
792 2341 799 2348 .
813 2321 879 2349 τοῖς
897 2320 976 2347 cett.
1071 2326 1108 2353 14
1132 2318 1196 2347 Υσθι
1215 2314 1240 2345 F
1252 2315 1282 2353 Q
1296 2314 1325 2344 D
1343 2325 1350 2343 :
1373 2313 1437 2345 ἴσθ’

108 2359 194 2393 ὅτιὸ
207 2360 265 2391 Yr
329 2374 371 2393 τα
385 2366 463 2401 post
472 2361 668 2402 ’γιγνομένην
678 2361 754 2391 add.
769 2361 792 2391 S
810 2361 910 2400 idque
928 2370 971 2389 ex
987 2373 1024 2391 το
1041 2364 1205 2389 mutatum
1282 2360 1321 2388 16
1344 2360 1436 2389 ταῦτ’

107 2404 226 2434 abesse
242 2404 335 2435 malit
352 2404 450 2435 BlaSS
521 2414 557 2443 17
576 2404 737 2444 εὐτυχίαν]
757 2405 934 2444 συντυχίαν
949 2403 979 2441 Q
991 2416 1044 2443 ’γρ-
1060 2402 1090 2432 Y
1100 2416 1152 2443 γρ.
1172 2402 1260 2432 unde
1279 2402 1436 2442 συντυχίᾳ

109 2447 279 2486 Schaefer‚
299 2451 338 2479 δι’
354 2448 469 2479 deleto
565 2448 604 2478 18
627 2458 705 2477 num
729 2447 814 2488 (περὶ
838 2448 900 2484 τὴν
926 2448 1086 2488 ἐμπειρίαν
1109 2444 1191 2487 τῶν)
1214 2444 1438 2486 πραγμάτωνὶ)

107 2491 148 2523 cf.
170 2490 272 2522 Isocr.
292 2502 315 2522 x
331 2501 360 2530 5,
383 2492 443 2522 xiii
464 2501 522 2531 14:
554 2490 750 2532 πραγμάτων
765 2488 943 2533 (ἐμπειρίᾳ)
959 2489 1126 2521 Richards
