1763 2778
112 152 251 207 [1307]

208 331 249 365 28

205 924 249 959 29

687 152 1175 191 ΔΗΜΟΣΘΕΝΟΎΣ
1508 148 1597 202 [Lvn

828 259 1042 288 ΜΑΡΤΤΡΕΣ.

331 324 423 366 Ἔτι
462 325 596 365 τοίνυν
637 325 788 364 παίδων
823 323 924 378 αὐτῷ
960 322 1155 375 τεττάρων
1190 322 1415 375 γενομένων
1451 324 1596 375 ὁμομη-

270 393 388 444 τρίων
413 393 500 442 ἐμοὶ
521 392 583 433 καὶ
607 389 944 441 τελευτησάντων,
964 390 1093 443 ἔθαψε
1112 391 1271 432 τούτους
1292 392 1346 432 εἰς
1370 392 1417 430 τὰ
1438 395 1598 446 πατρῷα

269 458 463 510 μνήματα,
501 460 554 499 ὧν
588 458 754 509 ὅσοιπέρ
791 459 894 498 εἰσιν
928 461 998 498 τοῦ
1038 456 1178 510 γε’νους
1214 461 1485 498 κοινωνοῦσιν·
1535 459 1597 498 καὶ

269 526 418 566 τούτων
443 526 567 567 οὐδεὶς
593 526 660 566 οὐκ
687 526 852 566 ἀπεῖπεν
877 525 1049 572 πώποτε,
1077 525 1145 565 οὐκ
1172 516 1386 571 &affluo-ev,
1408 525 1453 565 οὐ
1486 526 1597 575 δίκην

270 594 429 647 ἔλαχεν.
500 593 625 633 καίτοι
649 594 708 634 τίς
733 593 843 633 ἔστιν
869 593 977 633 ὅστις
1001 591 1049 632 ἂν
1073 593 1128 634 εἰς
1152 593 1201 631 τὰ
1224 596 1387 646 πατρῷα
1416 590 1598 642 μνήματα

268 652 375 702 τοὺςΙ
397 662 520 711 μηδὲν
555 661 598 700 ἐν
635 658 742 711 γένει
777 658 925 699 τιθέναι
963 659 1099 707 ἐάσαι,·
1140 659 1192 702 ὡς
1225 660 1358 701 τοίνυν
1393 659 1457 700 καὶ
1491 657 1596 699 ταῦτ’

268 728 395 778 ἀληθῆ
421 726 541 779 λέγω,
568 729 675 778 λαβὲ
698 725 772 777 τὴν
792 726 1019 778 μαρτυρίαν.

832 838 1042 866 ΜΑΡἸὝΡΙΑ.

336 908 436 959 Περὶ
459 910 532 959 μὲν
556 908 687 948 τοίνυν
712 911 780 948 τοῦ
806 908 964 959 πατρός,
993 907 1043 950 ὡς
1068 907 1277 958 Ἀθηναῖος
1304 906 1363 958 ἧν,
1385 907 1492 948 ταῦτ’
1516 908 1596 963 ἔχω

267 974 415 1026 λέγειν,
453 975 515 1015 καὶ
542 974 740 1027 μάρτυρας
774 974 1030 1028 παρέσχημαι
1059 974 1149 1017 τοὺς
1185 973 1248 1015 ὑπ’
1286 974 1412 1015 αὐτῶν
1447 975 1597 1017 τούτων

268 1041 570 1094 ἐψηφισμένους
596 1043 696 1083 εἶναι
729 1042 908 1088 πολίτας,
939 1045 1229 1094 μαρτυροῦντας
1259 1043 1409 1082 ἐκεῖνον
1446 1045 1596 1085 ἑαυτοῖς

267 1108 436 1161 ἀνεψιὸν
461 1109 573 1150 εἶναι.
623 1110 805 1161 φαίνεται
831 1111 871 1149 δὲ
896 1109 1011 1160 βιοὺς
1035 1109 1101 1159 ἔτη
1126 1110 1229 1149 τόσα
1249 1109 1312 1149 καὶ
1335 1108 1423 1149 τόσ’
1443 1109 1594 1157 ἐνθάδε,

267 1177 330 1216 καὶ
356 1176 524 1227 οὐδαμοῦ
550 1175 702 1216 πώποθ’
723 1176 774 1218 ὡς
793 1175 905 1226 ξένος
929 1175 1168 1227 ἐξετασθείς,
1197 1177 1304 1216 ἀλλὰ
1324 1175 1420 1228 πρὸς
1439 1176 1597 1219 τούτους

266 1244 383 1285 ὄντας
411 1247 620 1295 συγγενεῖς
655 1243 927 1295 καταφεύγων,
962 1243 1071 1284 οὗτοι
1107 1245 1149 1284 δὲ
1185 1244 1248 1284 καὶ
1281 1244 1597 1297 προσδεχόμενοι

204 1327 249 1361 30
269 1311 330 1350 καὶ
362 1312 430 1361 τῆς
463 1309 601 1353 οὐσίας
634 1311 908 1361 μεταδιδόντες
938 1310 988 1352 ὡς
1024 1312 1151 1351 αὑτῶν
1185 1312 1255 1351 ἑνί.
1327 1314 1408 1352 τοῖς
1436 1311 1596 1364 χρόνοις

267 1378 399 1417 τοίνυν
435 1378 536 1418 οὕτω
574 1378 758 1430 φαίνεται
794 1378 966 1430 γεγονὼς
1004 1378 1122 1427 ὥστε,
1163 1379 1196 1418 εἷ
1233 1377 1296 1418 καὶ
1332 1379 1429 1418 κατὰ
1467 1376 1594 1430 θάτερ’

266 1443 388 1486 ἀστὸς
418 1444 477 1495 ἦν,
511 1445 612 1485 εἶναι
640 1446 809 1495 πολίτην
835 1444 1051 1496 προσήκειν
1076 1445 1208 1486 αὐτόν·
1245 1444 1387 1497 γέγονε
1420 1447 1495 1497 γὰρ
1520 1444 1596 1497 πρὸ

267 1511 495 1553 Εὐκλείδου.
567 1512 654 1565 περὶ
692 1514 732 1552 δὲ
769 1514 837 1562 τῆς
872 1511 1018 1564 μητρὸς
1054 1512 1131 1563 (καὶ
1167 1513 1243 1565 γὰρ
1277 1512 1423 1562 ταύτην
1459 1515 1592 1563 διαβε-

266 1577 451 1629 βλήκασί
486 1578 577 1631 μου)
615 1576 733 1628 λέξω,
784 1580 846 1619 καὶ
892 1578 1088 1631 μάρτυρας
1128 1580 1183 1619 ὧν
1225 1578 1274 1620 ἂν
1309 1578 1429 1631 λέγω,
1475 1583 1594 1620 καλῶ.

105 1648 245 1705 [1308]
269 1646 403 1693 καίτοι,
437 1643 466 1685 ὦ
495 1646 634 1699 ἄνδρες
666 1645 885 1696 Ἀθηναῖοι,
913 1646 958 1686 οὐ
980 1646 1101 1697 μόνον
1132 1647 1237 1699 παρὰ
1261 1649 1304 1686 τὸ
1328 1645 1527 1699 ψήφισμα
1548 1648 1597 1687 τὰ

200 1927 241 1962 31

266 1713 355 1765 περὶ
389 1712 461 1764 τὴν
497 1714 646 1766 ἀγορὰν
682 1713 900 1764 διέβαλλεν
936 1713 1036 1764 ἡμᾶς
1080 1713 1342 1765 Εὐβουλίδης,
1385 1714 1492 1754 ἀλλὰ
1535 1715 1596 1754 καὶ

265 1781 371 1832 παρὰ
394 1780 484 1823 τοὺς
510 1782 663 1831 νόμους,
690 1781 727 1822 οἳ
754 1781 984 1822 κελεύουσιν
1009 1780 1150 1835 ἔνοχον
1176 1780 1277 1822 εἶναι
1305 1786 1352 1838 τῇ
1382 1782 1596 1834 κακηγορίᾳ

264 1846 331 1887 τὸν
361 1846 432 1897 τὴν
462 1849 654 1900 ἐργασίαν
686 1847 757 1898 τὴν
789 1849 831 1889 ἐν
865 1853 914 1906 τῇ
943 1848 1069 1903 ἀγορᾷ
1098 1845 1123 1899 ἢ
1153 1852 1233 1889 τῶν
1264 1851 1438 1888 πολιτῶν
1468 1844 1491 1898 ἢ
1517 1852 1596 1888 τῶν

264 1915 477 1955 πολιτίδων
524 1914 764 1965 ὀνειδίζοντά
810 1932 898 1956 τινι.
973 1915 1086 1966 ἡμεῖς
1132 1914 1164 1956 δ’
1214 1915 1484 1967 ὁμολογοῦμεν
1531 1915 1594 1955 καὶ

263 1982 413 2023 ταινίας
437 1986 588 2023 πωλεῖν
614 1983 676 2023 καὶ
704 1982 772 2033 ζῆν
797 1983 870 2035 οὐχ
895 1983 1029 2023 ὅντινα
1052 1982 1198 2035 τρόπον
1221 1982 1466 2033 βουλόμεθα.
1532 1983 1594 2022 καὶ

264 2049 301 2089 εἴ
335 2048 404 2089 σοί
436 2049 548 2090 ἐστιν
584 2052 698 2090 τοῦτο
731 2053 912 2100 σημεῖον,
951 2047 980 2090 ὦ
1015 2049 1257 2100 Εὐβουλίδη,
1288 2052 1357 2089 τοῦ
1387 2048 1440 2100 μὴ
1473 2047 1591 2099 Ἀθη-

306 2161 326 2190 6
349 2164 426 2200 post
449 2160 580 2199 πατρῷα.
601 2159 676 2190 ἃάἀ,
701 2162 803 2191 αυτῶν
827 2158 861 2198 S,
889 2160 992 2191 αὐτῶν
1014 2158 1068 2190 A:
1095 2169 1158 2190 om.
1183 2163 1260 2190 cett.
1437 2169 1455 2198 7
1478 2159 1596 2192 τιθέναι

265 2202 356 2235 ἐάσαι
377 2202 530 2233 Bekker:
561 2203 705 2235 τιθέντας
726 2202 817 2235 ἐάσαι
840 2203 864 2234 S
882 2202 907 2232 F
922 2202 952 2241 Q
969 2203 1021 2233 D:
1053 2204 1273 2244 προσήκοντας
1296 2202 1414 2234 τιθέναι
1438 2205 1545 2235 εἴασεν
1565 2202 1597 2233 Λ

263 2248 284 2278 8
307 2245 391 2282 λαβὲ
409 2246 433 2277 S
446 2245 485 2276 Ι·Ἶ
501 2245 545 2284 Ql
561 2257 568 2276 ε
592 2245 670 2286 λέγε
687 2245 719 2275 Α
735 2246 760 2276 F
776 2256 858 2277 corr.
877 2246 1002 2284 Qcorr.
1179 2256 1215 2284 14
1242 2247 1292 2278 καὶ
1310 2246 1374 2277 del.
1393 2245 1596 2286 Rosenberg

265 2292 406 2329 οὐδαμῶς
422 2289 454 2319 Α
562 2291 600 2320 16
623 2292 690 2322 τοῖς
707 2289 850 2331 χρόνοις]
870 2290 910 2320 cs.
929 2293 944 2327 ξ
965 2299 1005 2320 22
1019 2299 1050 2321 n.
1179 2291 1218 2320 18
1241 2290 1428 2331 προσήκειν]
1443 2290 1595 2331 προσήκει

264 2333 295 2363 Α
310 2344 317 2363 :
342 2336 482 2373 προσῆκε
494 2332 656 2364 Schaeser
727 2343 766 2372 19
780 2332 918 2374 ταύτην]
934 2335 983 2365 καὶ
997 2333 1120 2371 ταύτην
1131 2332 1163 2363 Α
1231 2343 1273 2364 20
1288 2347 1346 2369 μου
1359 2333 1448 2372 vulg.
1468 2344 1475 2363 :
1498 2346 1551 2372 μοι
1565 2332 1595 2362 D

265 2386 304 2407 21
329 2377 367 2408 τὸ
383 2378 534 2417 ψήφισμα
552 2376 649 2407 Blass
662 2376 737 2407 coll.
751 2379 766 2413 ξ
781 2386 822 2416 7:
840 2378 881 2409 τὰ
897 2378 1090 2417 ψηφίσματα
1106 2376 1202 2408 codd.
1336 2387 1376 2406 22
1394 2376 1546 2413 διέβαλεν
1564 2376 1594 2406 D

266 2429 308 2457 23
331 2433 505 2462 κακηγοριᾳ
523 2419 640 2451 Wolf:
664 2421 839 2463 κατηγορίᾳ
858 2420 954 2451 codd.
1100 2430 1140 2458 24
1166 2421 1185 2458 ἢ
1202 2424 1280 2450 ante
1297 2433 1360 2452 ταν
1369 2423 1508 2452 πολιτῶν
1523 2429 1590 2451 om.

443 2472 485 2503 25
508 2463 691 2503 ὀνειδίζοντι
709 2463 775 2503 SQ
909 2473 948 2502 27
972 2466 1030 2496 τοῦ
1046 2473 1111 2494 om.
1129 2462 1170 2501 A,
1190 2463 1250 2494 sed
1268 2463 1311 2494 cs,
1332 2466 1347 2501 ξ
1365 2472 1408 2503 33

1620 928 1659 950 ῘΟ

1618 1264 1656 1297 ¹5

1619 1595 1659 1618 20

1615 1929 1654 1961 25
