1763 2778
504 145 543 183 Π
557 145 668 183 ΡΟΟ
680 145 693 182 l
705 145 746 182 M
760 145 828 183 [A.
900 149 1088 185 VI-VIII

129 244 209 296 ἐγὼ
242 245 283 285 δὲ
313 245 382 293 τῆς
413 244 485 294 μὲν
510 243 669 283 ἐκείνων
699 243 838 295 ἀρετῆς
872 242 1065 294 μέγιστον
1095 242 1256 283 ἔπαινον
1284 242 1455 294 ἡγοῦμαι

128 310 198 351 τὸν
221 310 380 363 χρόνον,
408 309 452 349 οὗ
478 313 633 350 πολλοῦ
664 309 929 363 γεγενημένου
957 310 1074 361 μείζω
1100 313 1176 349 τῶν
1202 309 1265 349 ὑπ’
1294 310 1454 349 ἐκείνων

128 377 385 430 πραχθέντων
410 375 565 419 οὐδένες
589 376 708 417 ἄλλοι
732 375 1046 428 παραδείξασθαι
1061 377 1300 427 δεδύνηνται·
1340 376 1454 418 αὐτὸς

128 446 169 485 δὲ
195 443 433 496 πειράσομαι
456 443 524 484 τὸν
548 444 695 496 τρόπον
720 445 844 484 εἰπεῖν
870 442 914 484 ὃν
939 443 986 483 ἄν
1014 460 1080 494 μοι
1104 447 1253 484 δοκεῖτε
1277 443 1455 494 μάλιστα

90 526 107 558 5
128 511 320 552 δύνασθαι
355 509 750 563 παρασκευάσασθαι.
824 510 885 550 καὶ
922 512 996 563 γὰρ
1029 511 1150 552 οὕτως
1178 510 1274 563 ἔχει·
1314 512 1346 550 εἰ
1381 512 1454 561 μὲν

71 868 106 889 10

69 1294 104 1325 15

68 1630 106 1652 20

127 578 237 629 ἡμεῖς
262 577 432 619 ἅπαντες
465 579 501 618 οἱ
527 576 717 630 λέγοντες
753 577 874 618 δεινοὶ
912 579 1143 630 φανείημεν,
1183 578 1296 618 οὐδὲν
1325 576 1374 617 ἂν
1404 579 1453 617 τὰ

127 643 280 697 ὑμέτερ’
298 645 339 685 εὗ
356 644 428 685 οἶδ’
445 645 506 684 ὅτι
521 644 688 695 βέλτιον
705 646 838 698 σχοίη·
866 646 900 685 εἰ
919 647 961 685 δὲ
978 646 1185 697 παρελθὼν
1201 641 1292 696 (εἷς)
1312 645 1449 685 ὁστισ-

128 716 195 752 οῦν
219 712 376 752 δύναιτο
402 710 554 762 διδάξαι
581 713 642 753 καὶ
668 715 819 761 πεῖσαι,
839 712 897 753 τίς
925 712 1151 764 παρασκευὴ
1171 713 1233 752 καὶ
1258 713 1364 762 πόση
1391 711 1454 752 καὶ

130 780 248 820 πόθεν
279 781 520 831 πορισθεῖσα
555 777 750 832 χρήσιμος
785 778 898 819 ἔσται
927 785 975 835 τῇ
1008 780 1136 825 πόλει,
1165 782 1241 821 πᾶς
1274 780 1294 818 ὁ
1320 779 1454 830 παρὼν

126 845 291 886 λέλυται
316 846 460 899 φόβος.
510 846 589 898 ἐγὼ
614 849 655 887 δὲ
680 850 806 893 τοῦτο,
833 845 881 886 ἂν
906 845 966 898 ἄρ’
987 847 1066 887 οἶός
1093 846 1126 886 τ’
1146 844 1188 892 ὦ,
1217 845 1455 898 πειράσομαι

125 915 303 963 ποιῆσαι,
338 915 456 965 μικρὰ
493 915 691 966 προειπὼν
727 914 817 965 ὑμῖν
855 913 906 955 ὡς
941 913 1022 967 ἔχω
1059 914 1215 966 γνώμης
1252 913 1340 965 περὶ
1376 917 1454 954 τῶν

125 980 221 1033 πρὸς
244 979 313 1021 τὸν
337 979 530 1032 βασιλέα.

774 1126 811 1163 H

192 1206 435 1259 Ἀμφότεροί
455 1224 521 1258 μοι
542 1209 728 1247 δοκοῦσιν
748 1206 1004 1259 ἁμαρτάνεινῑ
1025 1206 1054 1247 ὦ
1079 1206 1216 1259 ἄνδρες
1235 1206 1452 1257 Ἀθηναῖοι,

128 1275 190 1315 καὶ
227 1275 263 1315 οἱ
291 1277 373 1316 τοῖς
399 1273 591 1326 Ἀρκάσιν
627 1275 691 1314 καὶ
727 1276 764 1314 οἱ
799 1279 881 1316 τοῖς
911 1276 1235 1325 Λακεδαιμονίοις
1273 1292 1451 1326 συνειρη-

127 1341 251 1384 κότες·
289 1341 424 1393 ὥσπερ
449 1342 525 1393 γὰρ
551 1340 621 1394 ἀφ’
648 1341 842 1393 ἑκατέρων
874 1341 1047 1392 ἥκοντες,
1082 1341 1156 1394 οὐχ
1185 1342 1293 1392 ὑμῶν
1328 1343 1452 1391 ὄντες,

126 1412 223 1461 πρὸς
247 1408 312 1450 οὓς
348 1408 567 1461 ἀμφότεροι
602 1409 906 1460 πρεσβεύονται,
947 1412 1232 1461 κατηγοροῦσιν
1270 1409 1332 1448 καὶ
1367 1411 1451 1448 δια-

126 1475 356 1526 βάλλουσιν
397 1474 609 1525 ἀλλήλους.
680 1475 728 1526 ἧν
767 1478 809 1517 δὲ
850 1480 965 1516 τοῦτο
1006 1478 1078 1527 μὲν
1116 1480 1193 1515 τῶν
1222 1475 1453 1528 ἀφιγμένων

126 1542 255 1595 ἔργον,
293 1542 337 1583 τὸ
369 1544 411 1583 δὲ
448 1546 587 1584 κοινῶς
621 1543 719 1594 ὑπὲρ
752 1547 829 1583 τῶν
863 1543 1103 1595 πραγμάτων
1134 1542 1271 1595 λέγειν
1308 1543 1370 1583 καὶ
1405 1544 1453 1582 τὰ

1476 137 1613 193 [1423]

1474 385 1494 409 2

125 1609 312 1661 βέλτισθ’
348 1611 444 1661 ὑπὲρ
481 1611 588 1660 ὑμῶν
625 1613 789 1650 σκοπεῖν
825 1610 917 1650 ἄνευ
948 1610 1173 1663 φιλονικίας
1204 1613 1281 1650 τῶν
1315 1609 1453 1650 ἐνθάδε
1474 1635 1493 1658 2

127 1676 417 1729 συμβουλεύειν
464 1676 690 1728 ἀξιούντων.
761 1681 829 1718 νῦν
878 1677 911 1717 δ’
953 1677 1091 1729 ἔγωγε,
1143 1678 1179 1717 εἴ
1222 1694 1280 1718 τις
1327 1677 1452 1717 αὐτῶν
1474 1670 1614 1725 [1424]

126 1743 275 1796 ἀφέλοι
299 1744 344 1785 τὸ
377 1745 673 1797 γιγνώσκεσθαι
701 1745 762 1785 καὶ
787 1744 831 1785 τὸ
857 1750 904 1801 τῇ
933 1750 1046 1801 φωνῇ
1076 1743 1209 1796 λέγειν
1243 1745 1450 1790 ἀττικιστί,

126 1811 300 1853 πολλοὺς
333 1811 381 1851 ἂν
420 1812 528 1862 οἶμαι
564 1811 656 1854 τοὺς
695 1814 768 1863 μὲν
809 1811 1015 1864 Ἀρκάδας,
1055 1811 1144 1852 τοὺς
1184 1813 1224 1851 δὲ
1263 1810 1452 1852 Λάκωνας

126 1878 254 1919 αὐτῶν
279 1878 378 1919 εῖναι
413 1879 588 1929 νομίσαι.
661 1879 737 1931 ἐγὼ
767 1878 801 1918 δ’
831 1879 917 1919 οῖδα
946 1881 1019 1929 μὲν
1046 1879 1096 1920 ὡς
1127 1877 1307 1931 χαλεπὸν
1331 1877 1376 1917 τὸ
1405 1880 1453 1918 τὰ

125 1945 324 1996 βέλτιστα
346 1945 480 1998 λέγειν
507 1947 630 1986 ἐστίν·
669 1945 1048 1997 συνεξηπατημένων
1068 1947 1141 1998 γὰρ
1156 1946 1276 1996 ὑμῶν,
1295 1946 1356 1985 καὶ
1375 1948 1453 1986 τῶν

172 2064 233 2084 1-2
255 2056 314 2092 τῆς
332 2077 339 2085 .
360 2077 367 2085 .
386 2077 393 2085 .
413 2054 543 2096 χρόνον]
571 2054 698 2086 ἐκείνων
718 2054 778 2093 μὲν
803 2055 931 2087 ἔπαινον
950 2055 1007 2086 τὸν
1029 2068 1082 2095 χρ.
1102 2054 1154 2094 ἦγ.
1172 2053 1328 2094 μέγιστον
1352 2054 1409 2084 xiv
1436 2065 1450 2086 1

127 2097 269 2128 adscivit
294 2098 394 2129 Blass
524 2108 543 2136 3
567 2099 809 2139 παραδείξασθαι
833 2098 879 2129 S:
913 2098 1144 2139 παραδέξασθαι
1175 2098 1263 2136 vulg.
1296 2103 1329 2128 et
1353 2098 1411 2128 xiv
1437 2108 1450 2128 1

125 2152 245 2172 omnes
323 2152 342 2179 4
359 2143 395 2174 ὃν
408 2141 448 2173 ἂν
461 2141 484 2172 S
497 2151 561 2180 mg.
579 2141 604 2171 F
620 2142 672 2172 D:
696 2144 733 2174 ὃν
749 2143 787 2180 δὴ
806 2141 840 2173 S¹
859 2142 888 2180 Q
903 2141 933 2171 Y
945 2155 995 2183 γρ.
1014 2153 1021 2172 z
1045 2143 1081 2173 ὃν
1097 2142 1138 2173 ἂν
1153 2142 1190 2179 δὴ
1210 2141 1238 2172 Y
1253 2141 1280 2171 C
1330 2144 1452 2174 δοκεῖτε

127 2184 151 2215 S
165 2185 190 2214 F
203 2184 233 2214 Y
248 2184 274 2215 C
292 2195 299 2214 :
324 2187 439 2223 δοκῆτε
455 2185 544 2223 vulg.
635 2187 656 2215 6
683 2186 710 2217 οἱ
726 2185 882 2225 λέγοντες
900 2186 934 2225 (i.
950 2196 979 2215 e.
1003 2186 1171 2224 oratores]
1191 2185 1289 2215 codd.
1309 2195 1315 2222 ;
1341 2185 1452 2215 malim

126 2229 154 2260 οἱ
171 2227 298 2268 λε’Ὑ(ειι’
312 2228 518 2270 μέλλ>οντες,
539 2228 579 2258 Cf.
598 2229 653 2258 xiv
670 2239 689 2258 2
706 2229 733 2260 οἷ
747 2229 926 2269 μέλλοντες
943 2228 1054 2269 λέγειν
1197 2239 1214 2267 7
1241 2227 1283 2261 εἷς
1301 2239 1342 2259 ex
1360 2229 1416 2258 xiv
1433 2239 1452 2258 2

126 2272 202 2302 add.
225 2271 323 2301 Blass
443 2273 463 2302 8
487 2278 561 2310 post
578 2271 704 2304 δύναιτο
726 2273 803 2302 add.
822 2286 852 2303 τι
870 2272 900 2302 Y
914 2273 954 2311 D,
969 2287 1017 2305 τις
1034 2276 1112 2303 cett.
1132 2284 1138 2302 t
1164 2282 1229 2302 om.
1249 2272 1305 2301 xiv
1322 2281 1360 2301 2:
1387 2271 1451 2303 del.

128 2315 294 2346 Schaefer
350 2318 456 2347 πεῖσαι
472 2316 494 2345 S
507 2315 531 2344 F
547 2315 577 2353 Q
588 2322 621 2346 et
634 2317 690 2345 xiv
701 2325 720 2344 2
734 2328 739 2346 ι
766 2319 864 2357 δεῖξαι
877 2316 900 2346 S
913 2329 962 2356 γρ.
980 2317 1009 2354 Q
1021 2329 1070 2356 γρ.
1084 2316 1115 2346 Y
1129 2316 1157 2344 D
1171 2316 1197 2346 C
1223 2335 1230 2342 ι
1262 2326 1301 2346 10
1317 2315 1452 2346 λέλυται

127 2359 224 2389 codd.
244 2359 297 2388 hic
315 2363 347 2388 et
364 2359 419 2388 xiv
435 2369 454 2388 2
469 2359 492 2389 S
507 2369 576 2389 rec,
597 2359 621 2388 F
635 2359 665 2389 Y
681 2370 687 2389 :
711 2359 888 2391 λελύσεται
904 2360 961 2389 xiv
979 2370 997 2389 2
1013 2360 1048 2389 Sl
1157 2361 1195 2388 16
1216 2358 1305 2390 ὄντες
1322 2361 1452 2390 πολῖται
1489 2358 1491 2360 ’

127 2402 181 2431 xvi
202 2411 215 2430 1
322 2412 362 2431 22
388 2401 502 2443 ἀφέλοι
519 2403 557 2434 τὸ
574 2403 628 2432 xvi
653 2411 666 2431 1
687 2413 693 2432 :
718 2403 872 2443 ἀφέλοιτο
888 2403 926 2434 τὸ
943 2403 996 2433 hic
1016 2402 1039 2433 S
1052 2401 1138 2441 vulg.
1158 2413 1165 2432 :
1190 2402 1343 2443 ἀφείλετο
1357 2401 1450 2442 Ωγρ.

128 2455 169 2482 24
193 2444 263 2476 οῖδα
284 2444 358 2485 μὲν]
383 2446 468 2483 οἶμαι
492 2446 580 2486 F7p.
595 2445 710 2485 (279st
737 2449 796 2487 ὁρῶ
819 2446 878 2486 μὲν
901 2446 957 2476 xvi
977 2457 995 2475 2
1098 2447 1137 2476 τὸ
1163 2456 1227 2475 om.
1253 2448 1309 2475 xvi
1334 2456 1363 2482 2,
1391 2446 1451 2476 sed

128 2488 170 2520 cf.
187 2499 233 2519 xv
250 2497 264 2518 1
377 2498 419 2527 25
445 2489 687 2529 ἐξηπατημένων
703 2490 758 2519 xvi
776 2500 795 2520 2
813 2489 845 2519 A
862 2493 896 2520 et
912 2488 1075 2520 Aristeid.
1096 2489 1162 2520 Rh.
1183 2489 1241 2520 Gr.
1261 2489 1294 2518 ix
1311 2498 1374 2528 379
