1763 2778
113 660 130 691 5

95 990 133 1014 10

99 1327 133 1358 ¹5

95 1666 134 1688 20

540 157 577 195 1Ἰ
593 157 869 196 POOIMIA.
945 162 1077 198 III-V

151 258 211 303 ἄν,
239 257 273 297 εἰ
308 255 377 297 τὸν
412 255 538 296 ἄλλον
577 255 730 296 εἰώθειν
763 256 923 309 χρόνον,
966 258 1037 296 νῦν
1068 253 1301 307 ἐχρησάμην
1337 254 1474 309 τούτῳ,

151 321 245 363 ἀλλ’
281 323 306 363 ἃ
341 323 560 375 συμφέρειν
588 323 678 374 ὑμῖν
705 323 862 373 νομίζω,
898 321 1007 362 ταῦθ’
1039 321 1090 364 ὡς
1126 321 1174 362 ἂν
1209 321 1383 372 δύνωμαι
1413 322 1477 361 διὰ

150 388 413 443 βραχυτάτων
439 391 511 442 ἐρῶ
536 388 632 441 πρὸς
655 391 766 441 ὑμᾶς.

798 550 831 588 Ε

216 632 322 684 ”Ορῶ
356 632 439 686 μέν,
464 631 494 674 ὦ
526 632 663 685 ἄνδρες
699 632 914 682 Ἀθηναῖοι,
939 631 1172 673 παντάπασι
1208 634 1408 684 πρόδηλον
1433 631 1478 673 ὃν

151 700 219 743 οὕς
242 699 278 740 τ’
303 700 352 740 ἂν
375 700 587 741 ἀκούσαιτε
611 700 757 752 λόγους
778 699 903 751 ἡδέως
937 699 999 739 καὶ
1024 702 1120 751 πρὸς
1143 699 1211 742 οὓς
1232 701 1302 740 οὐκ
1325 701 1478 742 οἰκείως

152 767 279 821 ἔχετε·
315 767 361 808 οὐ
383 767 461 819 μὴν
486 768 592 807 ἀλλὰ
617 766 662 807 τὸ
685 768 759 819 μὲν
782 766 918 818 λέγειν
943 765 967 805 ἅ
1000 784 1060 810 τις
1094 768 1219 807 οἴεται
1249 770 1478 820 χαριεῖσθαι

151 838 229 875 τῶν
271 834 628 886 παρακρούσασθαί
661 851 698 873 τι
739 832 1001 885 βουλομένων
1037 833 1137 873 εἶναι
1171 834 1328 884 νομίζω,
1362 833 1406 874 τὸ
1442 833 1476 875 δ’

150 902 414 954 ὑφίστασθαι,
440 902 531 954 περὶ
553 903 608 942 ὧν
634 900 821 941 πέπεικεν
846 900 986 941 ἑαυτὸν
1010 900 1230 954 συμφέρειν
1262 907 1309 958 τῇ
1346 902 1474 947 πόλει,

153 970 215 1009 καὶ
254 971 522 1022 θορυβηθῆναι
561 968 631 1008 κᾶν
666 968 768 1008 ἄλλο
804 985 840 1008 τι
876 967 1077 1019 βούλησθ’
1110 969 1232 1019 ὑμεῖς,
1269 968 1380 1008 εὔνου
1416 969 1478 1008 καὶ

152 1036 300 1076 δικαίου
334 1039 447 1076 τοῦτο
483 1036 646 1076 πολίτου
685 1036 815 1087 κρίνω.
886 1036 1107 1085 βουλοίμην
1143 1035 1176 1074 δ’
1212 1034 1259 1075 ἂν
1295 1036 1405 1085 ὑμᾶς,
1445 1036 1478 1075 εἰ

152 1103 216 1144 καὶ
239 1105 336 1154 μηδὲ
360 1102 408 1143 δι’
435 1103 476 1143 ἓν
500 1107 577 1143 τῶν
602 1102 749 1148 ἄλλων,
777 1101 825 1142 δι’
850 1102 966 1142 ἐκεῖν’
992 1103 1199 1153 ὑπομεῖναι
1223 1102 1312 1144 τοὺς
1335 1102 1479 1154 λόγους

152 1169 401 1223 ἀμφοτέρων,
428 1169 479 1211 ἵν’
503 1172 571 1210 ἐὰν
595 1171 667 1220 μὲν
691 1170 902 1221 ὀρθότερον
926 1174 1034 1225 φανῇ
1059 1186 1116 1210 τις
1140 1169 1271 1222 λέγων
1295 1170 1348 1209 ὧν
1372 1169 1480 1220 ὑμεῖς

154 1235 368 1289 ὡρμήκατε,
396 1235 605 1290 χρήσησθε
628 1237 764 1291 τούτῳ,
783 1235 831 1277 ἂν
851 1236 883 1276 δ’
904 1237 1130 1292 ἀπολειφθῇ
1157 1237 1218 1277 καὶ
1242 1236 1294 1287 μὴ
1320 1236 1481 1287 δύνηται

153 1303 320 1355 διδάξαι,
346 1303 395 1345 δι’
421 1304 553 1351 αὑτόν,
580 1305 685 1344 ἀλλὰ
709 1303 762 1355 μὴ
789 1303 838 1343 δι’
863 1305 962 1354 ὑμᾶς
987 1304 1056 1344 οὐκ
1086 1302 1298 1345 ἐθέλοντας
1323 1303 1480 1344 ἀκούειν

152 1375 266 1412 τοῦτο
290 1370 529 1412 πεπονθέναι
554 1371 660 1427 δοκῇ.
731 1371 788 1412 ἔτι
812 1370 845 1411 δ’
871 1370 958 1411 οὐδὲ
984 1369 1137 1411 πάθοιτ’
1162 1370 1210 1411 ἂν
1235 1371 1350 1421 ἀηδὲς
1366 1370 1479 1411 οὐδὲν

152 1442 355 1485 τοσοῦτον,
383 1440 417 1480 εἰ
441 1438 574 1479 πολλά
599 1455 702 1480 τινος
726 1441 941 1489 ληροῦντος
965 1438 1190 1484 ἀκούσαιτε,
1217 1438 1315 1478 ὅσον
1341 1439 1374 1478 εἰ
1398 1441 1475 1478 τῶν

154 1506 322 1546 δεόντων
346 1523 381 1546 τι
405 1504 540 1558 λέγειν
564 1505 725 1558 ἔχοντός
757 1522 864 1547 τινος
888 1507 1013 1546 εἰπεῖν
1045 1505 1278 1546 κωλύσαιτε.
1348 1523 1370 1556 η
1404 1507 1475 1556 μὲν
1499 1535 1519 1570 3

153 1573 221 1613 οὗν
246 1572 347 1626 ἀρχὴ
371 1576 440 1613 τοῦ
464 1572 685 1624 δοκιμάζειν
709 1573 832 1624 ὀρθῶς
857 1571 998 1613 ἅπαντ’
1030 1572 1141 1613 ἐστὶν
1171 1574 1293 1623 μηδὲν
1325 1573 1481 1612 οἴεσθαι

154 1640 344 1692 πρότερον
370 1640 605 1693 γιγνώσκειν
631 1639 721 1691 πρὶν
745 1641 897 1691 μαθεῖν,
923 1638 1058 1681 ἄλλως
1087 1657 1130 1680 τε
1166 1639 1228 1680 καὶ
1254 1639 1481 1682 συνειδότας

153 1706 349 1749 πολλάκις
386 1707 457 1758 ἤδη
506 1707 682 1749 πολλοὺς
727 1706 1034 1759 μετεγνωκότας.
1104 1706 1152 1747 ἂν
1196 1707 1326 1746 τοίνυν
1372 1707 1481 1757 ὑμεῖς

153 1774 260 1815 ταῦθ’
286 1773 482 1827 ὑπάρξητε
501 1777 569 1815 νῦν
588 1773 861 1824 πεπεισμένοι,
883 1775 1012 1824 οἴομαι
1031 1775 1130 1824 μετὰ
1145 1772 1332 1826 βραχέων
1347 1774 1480 1825 λόγων

155 1841 218 1882 καὶ
241 1841 356 1883 αὐτὸς
381 1840 604 1894 ἀντιλέγειν
640 1841 799 1883 εἰκότως
835 1840 962 1891 δόξειν
988 1841 1050 1881 καὶ
1086 1842 1177 1889 ὑμῖν
1205 1842 1254 1881 τὰ
1281 1839 1481 1892 βέλτιστα

154 1911 371 1962 φανεῖσθαι
394 1907 541 1961 λέγων,

203 2028 216 2048 1
242 2022 320 2049 ante
337 2018 455 2060 χρόνον
471 2022 541 2048 tres
558 2017 689 2049 litterae
704 2018 736 2048 in
751 2017 775 2048 S
787 2027 905 2048 erasae
994 2017 1064 2058 νῦν]
1084 2020 1138 2049 νῦν
1154 2017 1193 2048 ἂν
1211 2016 1241 2046 D
1331 2027 1350 2055 4
1375 2022 1397 2048 E
1414 2026 1480 2048 om.

155 2061 192 2101 S,
220 2072 344 2092 novum
363 2067 475 2093 tamen
493 2071 626 2092 versum
645 2062 686 2092 ab
705 2064 765 2102 ὃρῶ
782 2061 948 2100 incipiens
1061 2062 1082 2090 6
1107 2060 1277 2092 ἀκούσαιτε
1297 2059 1482 2091 Schaefer:

156 2106 315 2144 ἀκούσητε
332 2106 425 2137 codd.
552 2115 591 2135 10
614 2106 664 2137 καὶ
685 2110 761 2145 επις
780 2107 985 2145 θορυβηθῆναι
1004 2104 1041 2135 Sl
1055 2104 1098 2134 Y¹
1118 2116 1125 2135 ε
1149 2106 1207 2136 κᾶν
1232 2105 1256 2135 S
1280 2114 1363 2134 corr.
1389 2104 1478 2142 vulg.

159 2159 195 2179 11
220 2152 318 2181 τοῦτο
348 2150 484 2181 πολίτου
516 2148 539 2179 S
558 2148 588 2178 Y
606 2159 643 2179 r:
667 2150 803 2180 πολίτου
834 2150 930 2179 τοῦτο
961 2148 1050 2188 vulg.
1209 2158 1246 2177 12
1272 2149 1321 2179 καὶ
1346 2149 1388 2187 μὴ
1418 2147 1448 2185 Q
1467 2157 1483 2177 r

159 2203 197 2231 14
222 2195 345 2235 χρῆσθε
361 2192 391 2223 Y
405 2193 433 2222 D
448 2193 474 2223 C
567 2202 604 2231 17
629 2193 786 2224 τοσοῦτον
811 2191 834 2222 S
849 2191 878 2221 Y
892 2202 928 2222 r:
952 2194 1099 2223 τοιοῦτον
1124 2191 1214 2230 vulg.
1328 2190 1481 2222 ἀκούσετε

157 2237 266 2272 codd.‚
285 2246 368 2267 corr.
390 2235 518 2266 Reiske
596 2236 673 2267 ὅσον
689 2235 719 2273 Q
736 2249 787 2276 γρ.
807 2234 837 2264 Y
856 2245 921 2273 mg.
942 2235 1008 2265 'hic
1020 2234 1048 2266 θ’
1064 2235 1153 2275 ὅσον)
1171 2246 1178 2265 :
1202 2236 1220 2273 ἢ
1239 2234 1262 2265 S
1277 2245 1376 2272 corn,
1395 2235 1419 2264 F
1433 2234 1481 2272 Q:

155 2289 221 2311 om.
252 2279 291 2311 S1
305 2280 336 2310 Y
350 2290 365 2310 r
379 2280 405 2310 C
564 2280 602 2308 18
627 2279 758 2318 ἔχοντός
785 2291 870 2310 τινος
897 2278 920 2308 S
933 2278 971 2308 Fl
988 2277 1029 2310 Y‘
1045 2289 1061 2308 r
1078 2289 1083 2308 :
1114 2278 1234 2319 ἔχοντά
1261 2288 1331 2310 τινα
1356 2278 1381 2307 F
1393 2287 1478 2308 corr.

156 2323 336 2355 κωλύσαιτε
355 2323 380 2353 F
391 2333 476 2353 corr.
493 2322 524 2352 Y
539 2333 546 2353 :
570 2323 733 2354 κωλύσετε
752 2326 827 2352 cett.
922 2332 960 2360 19
984 2325 1085 2353 οἴεσθε
1104 2322 1127 2352 S
1140 2321 1178 2352 F1
1192 2322 1222 2351 Y
1238 2321 1267 2351 D
1346 2332 1388 2351 20
1411 2322 1482 2361 πρὶν

155 2370 267 2404 μαθεῖν
282 2377 347 2397 om.
367 2366 391 2397 S
404 2366 449 2396 Y¹
466 2367 494 2396 D
509 2366 535 2396 C
655 2375 691 2395 21
719 2367 779 2402 ἤδη
795 2365 952 2397 πολλάκις
970 2375 986 2395 r
1106 2375 1147 2402 23
1172 2364 1353 2404 ἀντιλέγειν
1368 2364 1393 2394 F
1415 2365 1481 2404 (me

157 2410 273 2450 teste),
292 2409 475 2441 Schaefer:
501 2411 539 2442 ἄν
554 2422 586 2441 τι
603 2408 714 2448 λέγειν
731 2413 808 2439 cett.
988 2407 1090 2448 δόξειν
1106 2408 1197 2447 vulg.
1215 2408 1240 2438 F
1259 2418 1345 2438 corr.
1366 2418 1372 2437 :
1397 2407 1483 2448 δόξαι

159 2452 198 2485 F¹
213 2454 237 2485 S
254 2463 339 2485 corr.
359 2464 366 2484 :
391 2456 459 2494 δοξε
477 2452 516 2484 Sl
650 2462 692 2492 24
710 2455 876 2493 φανεῖσθαι
893 2451 1076 2482 Schaefer:
1101 2453 1265 2492 φαίνεσθαι
1282 2451 1378 2483 codd.

1500 151 1632 205 [1421]
