1763 2778
114 128 246 184 [1148]

116 219 287 275 [1148]

207 286 252 321 30

203 735 245 770 31

200 1334 244 1370 32

111 1953 241 2009 [1149]

199 2058 242 2092 π

667 132 719 188 [Δ
732 132 1184 188 ΗΜΟΣΘΕΝΟΎΣ]
1485 132 1599 187 [mn

271 250 337 299 ἐμὲ
365 247 576 301 εἰσπρᾶξαι
599 249 647 288 τὰ
672 247 813 298 σκεύη,·
851 248 871 287 ὁ
897 250 938 289 δὲ
965 248 1181 300 Θεόφημος
1210 248 1357 301 χρόνου
1386 249 1595 301 ἐγγεγενη-

269 316 401 367 μένου,
421 317 540 357 ὁπότε
560 315 678 356 αὐτὸν
698 315 804 365 ἤκωι
823 315 1043 365 ἀπαιτοίην,
1065 315 1211 365 ἔμελλε
1231 313 1380 366 φησειν
1400 315 1598 355 ἀποδεδω-

271 383 389 432 κέναι,
411 384 472 423 καὶ
497 383 650 424 τούτοις
672 382 892 433 τεκμηρίοις
918 380 1242 434 καταχρήσεσθαι
1262 381 1312 423 ὡς
1337 381 1596 428 ἀποδέδωκεν,

268 453 322 505 τῷ
348 454 481 504 καιρῷ,
506 450 552 506 τῇ
578 450 704 502 χρείᾳ,
734 449 784 490 ὡς
813 449 881 488 οὐκ
910 448 1063 499 ἠλίθιος
1094 448 1141 499 ἦν
1173 447 1253 489 οὐδ’
1279 448 1326 488 αὖ
1351 449 1471 501 φίλος
1499 448 1601 503 αὐτῷ

269 517 481 569 γενόμενος
518 516 766 557 οὐδεπώποτε
808 515 903 556 ὥστ’
942 517 1141 569 ἐπισχεῖν·
1192 516 1297 556 ὥστε
1338 517 1378 556 τί
1413 515 1461 556 ἄν
1503 533 1598 556 ποτε

267 584 514 635 βουλόμενος
547 583 638 636 ἐγώ,
666 587 914 636 τριηραρχῶν
943 586 1016 635 μὲν
1045 588 1093 639 τῇ
1126 583 1254 629 πόλει,
1283 582 1520 633 ἐπιμελητὴς
1557 585 1597 624 δὲ

269 650 322 691 ὢν
339 653 408 701 τῆς
429 650 657 703 συμμορίας,
673 649 952 703 ψηφισμάτων
974 652 1016 690 δὲ
1042 650 1229 690 τοιούτων
1251 649 1313 690 καὶ
1333 650 1452 700 νόμου
1471 651 1595 696 ὄντος,

268 718 356 771 περὶ
379 717 451 768 τὴν
477 715 685 770 εἴσπραξιν
704 717 881 771 ἐπέσχον
906 717 955 758 ἂν
976 717 1103 772 τούτῳ
1111 734 1123 764 ;
1158 717 1302 767 ταύτην
1326 716 1398 767 τὴν
1422 715 1598 757 διάνοιαν

267 785 373 838 ἔχων
410 785 431 824 6
470 785 689 838 Θεόφημος
721 785 811 826 τότε
843 786 918 836 μὲν
945 784 1015 825 οὐκ
1048 784 1234 825 ἀπεδίδου
1260 785 1309 824 τὰ
1343 785 1478 834 σκεύη,
1507 783 1596 824 ἀλλ’

267 852 443 892 ἐκποδὼν
480 850 542 903 ἦν,
575 853 744 904 ὕστερον
784 853 826 892 δὲ
864 851 959 907 ᾤετό
995 869 1043 903 με
1078 849 1385 903 ἀποστερήσειν,
1425 850 1520 903 πρὸς
1556 853 1596 891 δὲ

266 919 417 961 τούτοις
450 920 504 961 εἷς
538 920 653 972 ὅρκον
685 919 921 972 καταφυγὼν
943 919 1088 973 ῥᾳδίως
1120 917 1386 971 ἐπιορκήσειν,
1412 919 1509 971 ὅπερ
1535 918 1598 958 καὶ

266 986 406 1028 ἄλλοις
432 986 660 1037 πεποίηκεν.
730 985 836 1036 δεινὴ
863 988 936 1039 γὰρ
961 986 986 1037 ἡ
1009 983 1224 1035 πλεονεξία
1246 988 1315 1025 τοῦ
1338 985 1485 1038 τρόπου
1509 985 1598 1038 περὶ

265 1055 314 1093 τὰ
345 1052 528 1106 διάφορα,
560 1053 611 1096 ὡς
646 1053 724 1106 ἐγὼ
760 1053 862 1109 ἔργῳ
901 1055 992 1104 ὑμῖν
1033 1050 1224 1102 ἐπιδείξω.
1285 1056 1407 1093 ταῦτα
1442 1054 1517 1105 γὰρ
1548 1053 1597 1092 τὰ

266 1120 386 1171 σκεύη
412 1121 590 1174 ὀφείλων
616 1121 636 1160 ὁ
662 1120 880 1174 Θεόφημος
906 1126 954 1178 τῇ
981 1121 1095 1161 πόλει
1126 1121 1180 1162 εἰς
1198 1119 1379 1172 Ἀφαρέα
1402 1119 1597 1172 ἀνέφερεν

263 1188 385 1242 λόγῳ,
413 1187 513 1242 ἔργῳ
540 1190 582 1229 δὲ
613 1187 682 1228 οὐκ
715 1187 978 1241 ἀπεγράψατο
1002 1187 1100 1241 πρὸς
1124 1186 1241 1228 αὐτὸν
1267 1187 1528 1233 διαδικασίαν,
1556 1186 1597 1227 εὖ

265 1255 375 1297 εἰδὼς
393 1255 453 1294 ὅτι
474 1253 766 1308 ἐλεγχθήσεται
782 1256 1040 1308 ψευδόμενος,
1061 1255 1132 1295 ἐὰν
1150 1253 1314 1311 εἰσέλθῃ
1333 1255 1390 1296 εἷς
1408 1252 1593 1304 δικαστή-

262 1339 361 1374 ριον.
432 1322 452 1361 6
478 1323 552 1374 γὰρ
575 1321 774 1375 Ἀφαρεὺς
800 1321 1020 1375 ἐξήλεγχεν
1045 1321 1165 1363 αὐτὸν
1187 1321 1303 1373 τιμὴν
1328 1320 1597 1374 λογισάμενον

265 1389 367 1444 αὐτῷ
390 1392 468 1429 τῶν
495 1393 646 1430 σκευῶν
665 1389 728 1429 καὶ
745 1390 930 1440 λαβόντα
947 1389 1038 1443 παρ’
1055 1390 1184 1436 αὑτοῦ,
1200 1390 1268 1430 ὅτε
1285 1387 1597 1441 παρελάμβανεν

263 1455 334 1506 τὴν
359 1457 628 1510 τριηραρχίαν.
699 1459 767 1497 νῦν
793 1455 834 1497 δέ
861 1461 965 1508 φησι
989 1455 1222 1510 Δημοχάρει
1250 1459 1504 1509 παραδοῦναι,
1533 1455 1595 1496 καὶ

264 1522 458 1572 δικάζεται
481 1526 566 1565 τοῖς
590 1526 760 1566 παιδίοις
782 1527 866 1566 τοῖς
893 1522 1156 1577 Δημοχάρους
1179 1523 1502 1573 τετελευτηκότος
1526 1525 1594 1562 τοῦ

266 1589 543 1644 Δημοχάρους.
606 1591 674 1631 ὅτε
707 1589 741 1630 δ’
776 1590 842 1641 ἔζη
878 1590 900 1630 ὁ
938 1589 1195 1645 Δημοχάρης,
1229 1591 1298 1631 οὐκ
1333 1589 1594 1643 ἀπεγράψατο

263 1656 361 1709 πρὸς
397 1656 517 1698 αὐτὸν
558 1657 806 1698 διαδικασίαν
845 1657 866 1697 6
904 1658 1136 1738 Θεόφημος,
1167 1657 1499 1710 εισπραττόμενος
1529 1656 1596 1697 ὑπ’

264 1725 358 1774 ἐμοῦ
380 1724 428 1764 τὰ
454 1724 589 1774 σκεύη,
612 1723 703 1764 ἀλλ’
727 1724 922 1775 ἐβούλετο
948 1725 1012 1765 ἐπὶ
1038 1723 1241 1777 προφάσει
1264 1725 1362 1777 χρόι
1366 1741 1411 1764 ου
1433 1725 1594 1776 ἐγγενο-

263 1790 382 1841 μένου
406 1791 682 1844 ἀποστερῆσαι
704 1791 776 1841 τὴν
795 1792 915 1832 πόλιν
935 1792 985 1831 τὰ
1004 1791 1138 1842 σκεύη.
1193 1790 1244 1833 ὡς
1268 1790 1302 1831 δ’
1321 1791 1449 1842 ἀληθῆ
1473 1789 1592 1844 λέγω,

264 1858 538 1910 ἀναγνώσεται
560 1860 631 1900 τὰς
652 1858 878 1911 μαρτυρίας.
1278 1868 1281 1871 “

816 1969 1041 1996 ΜΑΡΤὟῬΙΑῙ.

327 2051 463 2088 Ταῦτα
488 2049 621 2090 τοίνυν
649 2049 729 2101 ἐγὼ
761 2048 891 2090 πάντα
926 2049 1222 2100 ἐνθυμούμενος,
1252 2049 1315 2090 καὶ
1340 2048 1491 2089 ἀκούων
1525 2046 1595 2089 τὸν

265 2115 484 2167 Θεόφημον
517 2120 594 2157 τῶν
630 2117 963 2167 πεπλησιακότων
997 2118 1079 2158 οἶος
1113 2118 1170 2167 εἴη
1204 2116 1294 2169 περὶ
1325 2117 1374 2156 τὰ
1405 2114 1591 2168 διάφορα,

307 2235 326 2256 2
351 2238 502 2263 απετοιην
522 2225 546 2256 S
658 2226 774 2267 φήσειν
790 2224 910 2256 Wolf:
934 2227 1032 2267 φησὶν
1048 2225 1144 2256 codd.
1300 2235 1321 2264 3
1345 2237 1592 2265 καποταχρησε·

264 2272 336 2300 σθαι
354 2268 378 2299 S
525 2279 544 2306 4
569 2282 608 2309 τῃ
627 2268 650 2299 S
668 2280 674 2299 ε
699 2270 749 2301 καὶ
765 2272 806 2311 τῇ
821 2269 845 2299 F
860 2269 890 2307 Q
903 2268 932 2298 D
1080 2279 1100 2308 5
1124 2270 1208 2300 ὥστε
1224 2269 1256 2300 τί
1272 2268 1303 2307 Q
1321 2279 1398 2307 mg.‚
1419 2268 1590 2306 Schaeser,

266 2312 307 2342 cf.
325 2312 447 2351 xlix47
463 2323 470 2342 τ
494 2313 526 2344 τί
543 2311 567 2342 S
582 2312 661 2350 FQ¹
682 2313 711 2342 D
847 2323 886 2342 12
909 2312 1026 2353 τρόπου
1060 2310 1173 2354 αὐτοῦ)
1187 2312 1308 2351 Naber,
1321 2313 1382 2343 sed
1398 2311 1440 2342 cs.
1459 2312 1515 2341 xxi
1533 2321 1591 2351 137

265 2365 367 2385 20-21
384 2355 655 2393 τετελευτηκότος
671 2359 729 2387 τοῦ
743 2357 955 2397 Δημοχάρους
968 2366 1034 2386 om.
1077 2355 1100 2394 ¹,
1120 2356 1153 2386 in
1167 2366 1232 2394 mg.
1246 2356 1321 2386 add.
1336 2355 1406 2387 ead.
1420 2365 1464 2385 m.
1549 2364 1591 2385 22

265 2399 462 2430 διαδικασίαν
486 2399 563 2439 πρὸς
591 2400 687 2430 αὐτὸν
711 2399 737 2428 F
750 2399 824 2437 QD
1027 2409 1067 2438 25
1092 2398 1328 2439 ἀναγνώσεται]
1356 2399 1513 2439 ἀναγνῶθί
1538 2411 1592 2438 μοι

261 2440 289 2471 F
306 2454 353 2482 γρ.
375 2440 406 2480 Q
423 2454 472 2482 γρ.
607 2444 649 2472 28
672 2442 941 2481 πεπλησιακότων
955 2440 1074 2486 (αὐτῷ)
1089 2442 1202 2473 Naber

1619 533 1635 563 5

1621 867 1658 889 10

1619 1203 1655 1234 15

1615 1538 1655 1559 20
