1763 2778
167 126 296 181 [ψει]
431 126 916 164 ΔιηιοΣΘΕΝοΎΣ
957 125 1116 163 1‘11202*
1154 125 1512 164 ΚΑΛΑΙΚΛΕΑ
1571 121 1634 176 [ιν

316 224 504 266 δεινόταθ’
528 223 603 265 ὑπὸ
629 222 844 275 Καλλάρου
875 222 1104 276 πάσχουσιν
1133 222 1252 269 οὗτοι,
1279 222 1342 264 καὶ
1368 223 1548 274 ζητοῦσιν
1573 223 1635 263 καὶ

317 291 514 342 διαιτητὴν
553 292 663 333 ὅστις
701 290 832 333 αὐτοῖς
872 292 920 331 τὰ
958 290 1085 343 χωρία
1120 290 1534 342 προσκαταγνώσεται,
1573 290 1635 331 καὶ

254 371 296 405 33
317 359 518 400 διαλύσεις
553 358 732 400 τοιαύτας
767 356 815 408 ἐξ
846 358 900 398 ὧν
931 358 980 397 τὰ
1009 356 1122 410 χωρι’
1153 356 1323 408 ἕξουσιν.
1393 358 1427 398 εἷ
1453 359 1524 408 μὲν
1551 357 1633 404 οὖν,

317 423 346 465 ὦ
371 424 508 476 ἄνδρες
532 425 725 471 δικασταί,
746 424 835 466 τοὺς
854 424 1187 475 ἐπιβουλεύοντας
1208 425 1270 465 καὶ
1289 426 1634 477 συκοφαντοῦντας

318 496 377 533 δεῖ
398 491 522 533 πλέον
547 492 665 546 ἔχειν,
692 492 805 532 οὐδὲν
829 490 877 532 ἂν
903 492 1051 543 ὄφελος
1081 492 1140 542 Εἵη
1169 494 1247 531 τῶν
1280 490 1504 543 εἰρημένων·
1543 492 1577 532 εἰ
1601 490 1634 532 δ’
1655 503 1673 534 5

317 560 424 610 ὑμεῖς
448 558 537 600 τοὺς
561 560 632 609 μὲν
656 558 856 600 τοιούτους
883 561 1050 609 μισεῖτε,
1076 558 1125 598 τὰ
1157 559 1197 598 δὲ
1227 557 1357 598 δίκαια
1391 558 1636 610 ψηφίζεσθε,

316 625 406 677 μήτ’
453 625 753 667 ἀπολωλεκότος
803 623 1075 667 Καλλικλέους
1114 626 1235 676 μηδὲν
1275 623 1364 676 μήτ’
1405 623 1639 676 ἠδικημένου

316 690 406 743 μήθ’
431 691 506 732 ὑπὸ
542 691 753 744 Καλλάρου
781 690 871 743 μήθ’
895 691 970 732 ὑπὸ
995 694 1064 732 τοῦ
1095 691 1254 743 πατρός,
1281 691 1348 731 οὐκ
1373 690 1446 731 οἷδ’
1471 692 1494 731 ὅ
1516 707 1554 732 τι
1578 694 1639 732 δεῖ

254 773 297 806 34
318 759 441 799 πλείω
465 758 612 810 λέγειν.
681 759 745 799 ἵνα
769 758 802 798 δ’
827 757 946 809 εἰδῆθ’
971 759 1031 798 ὅτι
1057 759 1119 798 καὶ
1149 758 1339 810 πρότερον
1363 757 1637 809 ἐπιβουλεύων

317 842 390 876 μου
425 828 505 867 τοῖς
541 825 701 878 χωρίοις
737 824 805 866 τὸν
840 824 1009 877 ἀνεψιὸν
1047 824 1350 872 κατεσκεύασεν,
1378 824 1440 865 καὶ
1472 828 1541 866 νῦν
1565 824 1637 875 τὴν
1662 836 1698 860 10

318 891 454 943 ἑτέραν
491 891 605 934 αὐτὸς
642 891 950 948 κατεδιῃτήσατο
988 891 1200 943 Καλλάρου
1231 891 1376 942 ταύτην
1409 890 1479 942 τὴν
1511 892 1635 942 δίκην,

318 957 541 1010 ἐπηρεάζων
566 959 652 1009 ἐμοὶ
677 959 775 999 διότι
802 958 869 999 τὸν
894 957 1101 1010 ἄνθρωπον
1134 959 1222 1010 περὶ
1253 961 1408 999 πολλοῦ
1438 962 1635 1010 ποιοῦμαι,

319 1025 380 1065 καὶ
403 1022 716 1079 (Καλλικράτης)
737 1024 933 1080 Καλλάρῳ
960 1024 1081 1066 πάλιν
1106 1026 1266 1078 εἴληχεν
1285 1024 1433 1072 ἑτέραν,
1455 1024 1638 1067 ἁπάντων

317 1093 405 1142 ὑμῖν
431 1092 704 1144 ἀναγνώσεται
727 1091 796 1134 τὰς
819 1092 1039 1144 μαρτυρίας.

863 1189 1087 1217 ΜΑΡἸῪΡῙΑῙ.
1662 1195 1696 1227 15

255 1261 295 1297 35
387 1252 452 1302 Μὴ
478 1252 545 1292 οῦν
570 1252 666 1304 πρὸς
686 1251 782 1294 Διὸς
811 1252 873 1292 καὶ
899 1255 1011 1299 θεῶν,
1031 1249 1061 1293 ὦ
1081 1251 1218 1304 ἄνδρες
1238 1252 1433 1302 δικασταί,
1460 1251 1639 1305 προῆσθέ

317 1335 362 1369 με
388 1319 539 1361 τούτοις
562 1321 683 1369 μηδὲν
708 1320 926 1360 ἀδικοῦντα.
998 1319 1043 1360 οὗ
1072 1320 1146 1371 γὰρ
1178 1321 1246 1369 τῆς
1281 1319 1414 1370 ζημίας
1446 1319 1638 1360 τοσοῦτόν

317 1386 358 1425 τί
377 1401 442 1435 μοι
460 1382 586 1436 μέλει,
614 1385 794 1439 χαλεπὸν
819 1384 864 1426 ὂν
890 1388 991 1426 πᾶσι
1015 1390 1098 1428 τοῖς
1122 1387 1263 1438 μικρὰν
1288 1385 1429 1426 οὐσίαν
1461 1385 1636 1439 ἔχουσιν·

317 1450 409 1491 ἁλλ’
448 1451 720 1503 ἐκβάλλουσιν
756 1453 859 1495 ὅλως
894 1454 937 1493 ἐκ
973 1456 1041 1492 τοῦ
1075 1451 1197 1503 δήμου
1231 1451 1270 1504 μ’
1305 1453 1540 1496 ἐλαύνοντες
1575 1452 1639 1493 καὶ

318 1521 671 1570 συκοφαντοῦντες.
741 1519 801 1559 ὅτι
835 1517 867 1558 δ’
899 1519 967 1559 οὐκ
994 1519 1202 1570 ἀδικοῦμεν
1235 1518 1360 1566 οὐδέν,
1387 1520 1535 1571 ἕτοιμοι
1566 1522 1639 1571 μὲν
1661 1533 1699 1555 20

317 1583 412 1634 ἦμεν
432 1584 656 1636 ἐπιτρέπειν
671 1588 753 1627 τοῖς
773 1586 934 1632 εἰδόσιν,
955 1582 1074 1638 (τοῖς)
1098 1587 1200 1628 ἴσοις
1225 1586 1288 1626 καὶ
1308 1590 1463 1633 κοινοῖς,
1491 1590 1638 1638 ἕτοιμοι

316 1650 350 1690 δ’
375 1651 538 1702 ὀμνύναι
556 1651 625 1692 τὸν
650 1652 815 1703 νόμιμον
840 1653 970 1705 ὅρκον·
1008 1655 1128 1694 ταῦτα
1152 1651 1227 1706 γὰρ
1252 1652 1392 1708 ᾠόμεθ’
1411 1652 1638 1707 ἰσχυρότατ’

315 1714 400 1768 (ἂν)
433 1717 716 1772 παρασχέσθαι
752 1722 833 1761 τοῖς
867 1718 998 1762 αὐτοῖς
1029 1720 1120 1771 ὑμῖν
1145 1720 1409 1771 ὀμωμοκόσιν.
1479 1721 1546 1761 καί
1571 1738 1637 1771 μοι

314 1786 420 1835 λαβὲ
444 1783 516 1836 τήν
540 1802 582 1826 τε
607 1786 828 1838 πρόκλησιν
855 1787 917 1827 καὶ
942 1787 1010 1828 τὰς
1034 1785 1273 1829 ὑπολοίπους
1298 1787 1355 1828 ἔτι
1380 1788 1601 1840 μαρτυρίας.

700 1893 944 1923 ΠΡΟΚΛΗΣΙΣ.
994 1894 1216 1922 ΜΑΡἹῪΡΙΑῙ.
1660 1900 1697 1932 25

362 1989 382 2018 3
406 1980 561 2012 διαδύσεις
577 1979 609 2010 Λ
766 1991 804 2012 10
826 1996 878 2022 μοι
900 1982 925 2012 F
939 1981 969 2012 D
1103 1992 1203 2013 10-11
1230 1984 1290 2021 τὴν
1311 1982 1421 2024 ἑτέραν
1436 2007 1444 2015 .
1463 2005 1472 2015 .
1490 2007 1498 2016 .
1517 1983 1638 2022 ταύτην

318 2023 462 2062 (ταυτηνὶ
476 2023 523 2063 Λ)
541 2025 600 2062 τὴν
616 2024 711 2055 codd.
731 2035 738 2055 t
763 2025 876 2066 ἑτέραν
895 2050 901 2058 .
919 2048 927 2057 .
949 2049 956 2056 .
978 2025 1130 2064 τοιαύτην
1149 2026 1244 2057 Blass
1261 2026 1336 2057 coll.
1357 2030 1372 2065 ξ
1390 2037 1428 2066 31
1526 2037 1559 2058 11
1577 2029 1638 2067 τὴν

316 2071 391 2104 post
410 2066 529 2105 ταύτην
543 2067 683 2099 sortasse
695 2068 876 2099 delendum
980 2079 1017 2107 13
1035 2068 1296 2112 (Καλλικράτης)
1309 2070 1466 2112 Καλλάρῳ
1480 2070 1614 2111 Lipsius
1629 2082 1636 2102 :

317 2110 474 2150 Καλλάρῳ
493 2111 615 2142 codd.:
649 2112 870 2151 Καλλικράτης
892 2112 1041 2143 Bencke.
1089 2113 1275 2152 longiorem
1296 2114 1460 2153 quandam
1484 2115 1635 2145 lacunam

315 2158 388 2191 post
413 2155 556 2193 ποιοῦμαι
578 2159 738 2186 statuerat
760 2155 856 2186 Blass
989 2165 1024 2185 21
1052 2159 1118 2188 τοῖς
1137 2157 1211 2187 add.
1240 2157 1336 2187 Blass
1353 2158 1428 2189 coll.
1451 2160 1514 2198 §9‚
1534 2158 1577 2187 xli
1598 2168 1635 2196 14

315 2205 355 2225 22
374 2197 606 2238 ι’σχυρότεραΛ
695 2207 736 2237 23
753 2199 790 2230 ἃν
800 2198 876 2229 add.
892 2198 1024 2230 Dobree
1086 2200 1283 2241 παρέχεσθαι
1300 2199 1331 2230 Α
1419 2210 1461 2240 24
1476 2214 1513 2233 τε
1525 2211 1592 2232 om.
1604 2201 1637 2233 A

261 2270 267 2277 ,
308 2247 355 2279 ,25
380 2245 614 2275 ΠΡΟΚΛΗΣΙΣ
653 2246 866 2274 ΜΑΡΊὝΡΙΑῙ
883 2252 947 2273 om.
966 2242 997 2272 Α

362 2281 399 2312 ln
419 2283 442 2312 S
460 2284 682 2324 subscriptum

961 2335 988 2360 Δ

971 2362 980 2376 ἱ
